timestamp,price,volume,current_price
1749260675,0.27890000,534639.00000000,0.2789
1749260675,0.27900000,890575.80000000,0.2789
1749260675,0.27910000,578380.60000000,0.2789
1749260675,0.27920000,768745.30000000,0.2789
1749260675,0.27930000,568264.90000000,0.2789
1749260675,0.27940000,553994.90000000,0.2789
1749260675,0.27950000,405619.90000000,0.2789
1749260675,0.27960000,332687.90000000,0.2789
1749260675,0.27970000,149360.60000000,0.2789
1749260675,0.27980000,480572.00000000,0.2789
1749260675,0.27990000,51048.10000000,0.2789
1749260675,0.28000000,68885.70000000,0.2789
1749260675,0.28010000,467493.80000000,0.2789
1749260675,0.28020000,33272.50000000,0.2789
1749260675,0.28030000,65550.70000000,0.2789
1749260675,0.28040000,77555.40000000,0.2789
1749260675,0.28050000,19970.90000000,0.2789
1749260675,0.28060000,28089.10000000,0.2789
1749260675,0.28070000,16786.40000000,0.2789
1749260675,0.28080000,20356.50000000,0.2789
1749260675,0.28090000,17046.40000000,0.2789
1749260675,0.28100000,114208.30000000,0.2789
1749260675,0.28110000,20066.50000000,0.2789
1749260675,0.28120000,16883.20000000,0.2789
1749260675,0.28130000,75558.50000000,0.2789
1749260675,0.28140000,125755.40000000,0.2789
1749260675,0.28150000,67047.80000000,0.2789
1749260675,0.28160000,2213.20000000,0.2789
1749260675,0.28170000,33424.50000000,0.2789
1749260675,0.28180000,95248.20000000,0.2789
1749260675,0.28190000,18712.80000000,0.2789
1749260675,0.28200000,499148.70000000,0.2789
1749260675,0.28210000,374.70000000,0.2789
1749260675,0.28220000,983.90000000,0.2789
1749260675,0.28230000,604.70000000,0.2789
1749260675,0.28240000,2654.10000000,0.2789
1749260675,0.28250000,3830.30000000,0.2789
1749260675,0.28260000,302.40000000,0.2789
1749260675,0.28270000,432.60000000,0.2789
1749260675,0.28280000,863.00000000,0.2789
1749260675,0.28290000,1486.30000000,0.2789
1749260675,0.28300000,40493.40000000,0.2789
1749260675,0.28310000,502.80000000,0.2789
1749260675,0.28320000,1322.90000000,0.2789
1749260675,0.28330000,314.20000000,0.2789
1749260675,0.28340000,1062.90000000,0.2789
1749260675,0.28350000,1829.50000000,0.2789
1749260675,0.28360000,3587.90000000,0.2789
1749260675,0.28370000,479.50000000,0.2789
1749260675,0.28380000,550.40000000,0.2789
1749260675,0.28390000,414.00000000,0.2789
1749260675,0.28400000,1678.70000000,0.2789
1749260675,0.28410000,667.50000000,0.2789
1749260675,0.28420000,1428.70000000,0.2789
1749260675,0.28430000,905.80000000,0.2789
1749260675,0.28440000,27053.90000000,0.2789
1749260675,0.28450000,850.60000000,0.2789
1749260675,0.28460000,677.70000000,0.2789
1749260675,0.28470000,2187.00000000,0.2789
1749260675,0.28480000,1199.30000000,0.2789
1749260675,0.28490000,275.60000000,0.2789
1749260675,0.28500000,195536.30000000,0.2789
1749260675,0.28510000,3380.20000000,0.2789
1749260675,0.28520000,18697.70000000,0.2789
1749260675,0.28530000,262.80000000,0.2789
1749260675,0.28540000,780.60000000,0.2789
1749260675,0.28550000,1087.90000000,0.2789
1749260675,0.28560000,1172.90000000,0.2789
1749260675,0.28570000,6627.60000000,0.2789
1749260675,0.28580000,1509.30000000,0.2789
1749260675,0.28590000,8847.20000000,0.2789
1749260675,0.28600000,16331.20000000,0.2789
1749260675,0.28610000,405.50000000,0.2789
1749260675,0.28620000,6869.30000000,0.2789
1749260675,0.28630000,1394.00000000,0.2789
1749260675,0.28640000,3060.50000000,0.2789
1749260675,0.28650000,5873.60000000,0.2789
1749260675,0.28660000,5355.60000000,0.2789
1749260675,0.28670000,2028.40000000,0.2789
1749260675,0.28680000,1546.30000000,0.2789
1749260675,0.28690000,929.80000000,0.2789
1749260675,0.28700000,2956.80000000,0.2789
1749260675,0.28710000,33138.60000000,0.2789
1749260675,0.28720000,1327.50000000,0.2789
1749260675,0.28730000,890.40000000,0.2789
1749260675,0.28740000,1541.10000000,0.2789
1749260675,0.28750000,521.40000000,0.2789
1749260675,0.28760000,266.30000000,0.2789
1749260675,0.28770000,3800.70000000,0.2789
1749260675,0.28780000,201.20000000,0.2789
1749260675,0.28790000,34195.50000000,0.2789
1749260675,0.28800000,167592.70000000,0.2789
1749260675,0.28810000,569.80000000,0.2789
1749260675,0.28820000,21627.40000000,0.2789
1749260675,0.28830000,3924.20000000,0.2789
1749260675,0.28840000,112.00000000,0.2789
1749260675,0.28850000,37.10000000,0.2789
1749260675,0.28860000,3824.90000000,0.2789
1749260675,0.28870000,483.10000000,0.2789
1749260675,0.28880000,73167.60000000,0.2789
1749260977,0.27920000,683090.40000000,0.2792
1749260977,0.27930000,821001.30000000,0.2792
1749260977,0.27940000,770350.70000000,0.2792
1749260977,0.27950000,769509.90000000,0.2792
1749260977,0.27960000,446929.10000000,0.2792
1749260977,0.27970000,475440.70000000,0.2792
1749260977,0.27980000,270570.30000000,0.2792
1749260977,0.27990000,166631.20000000,0.2792
1749260977,0.28000000,422476.90000000,0.2792
1749260977,0.28010000,227637.80000000,0.2792
1749260977,0.28020000,29892.40000000,0.2792
1749260977,0.28030000,310140.60000000,0.2792
1749260977,0.28040000,181585.60000000,0.2792
1749260977,0.28050000,30660.80000000,0.2792
1749260977,0.28060000,80229.70000000,0.2792
1749260977,0.28070000,63376.00000000,0.2792
1749260977,0.28080000,20356.50000000,0.2792
1749260977,0.28090000,17046.40000000,0.2792
1749260977,0.28100000,20781.30000000,0.2792
1749260977,0.28110000,132045.50000000,0.2792
1749260977,0.28120000,16910.10000000,0.2792
1749260977,0.28130000,26088.10000000,0.2792
1749260977,0.28140000,26386.20000000,0.2792
1749260977,0.28150000,69245.20000000,0.2792
1749260977,0.28160000,52348.30000000,0.2792
1749260977,0.28170000,152048.70000000,0.2792
1749260977,0.28180000,21428.80000000,0.2792
1749260977,0.28190000,18712.80000000,0.2792
1749260977,0.28200000,499166.50000000,0.2792
1749260977,0.28210000,374.70000000,0.2792
1749260977,0.28220000,13094.80000000,0.2792
1749260977,0.28230000,604.70000000,0.2792
1749260977,0.28240000,2654.10000000,0.2792
1749260977,0.28250000,91688.90000000,0.2792
1749260977,0.28260000,302.40000000,0.2792
1749260977,0.28270000,432.60000000,0.2792
1749260977,0.28280000,863.00000000,0.2792
1749260977,0.28290000,1486.30000000,0.2792
1749260977,0.28300000,40493.40000000,0.2792
1749260977,0.28310000,502.80000000,0.2792
1749260977,0.28320000,1322.90000000,0.2792
1749260977,0.28330000,314.20000000,0.2792
1749260977,0.28340000,1062.90000000,0.2792
1749260977,0.28350000,1829.50000000,0.2792
1749260977,0.28360000,3587.90000000,0.2792
1749260977,0.28370000,479.50000000,0.2792
1749260977,0.28380000,550.40000000,0.2792
1749260977,0.28390000,414.00000000,0.2792
1749260977,0.28400000,1678.70000000,0.2792
1749260977,0.28410000,667.50000000,0.2792
1749260977,0.28420000,1428.70000000,0.2792
1749260977,0.28430000,905.80000000,0.2792
1749260977,0.28440000,27053.90000000,0.2792
1749260977,0.28450000,850.60000000,0.2792
1749260977,0.28460000,677.70000000,0.2792
1749260977,0.28470000,2187.00000000,0.2792
1749260977,0.28480000,1199.30000000,0.2792
1749260977,0.28490000,275.60000000,0.2792
1749260977,0.28500000,195554.30000000,0.2792
1749260977,0.28510000,3398.20000000,0.2792
1749260977,0.28520000,18715.70000000,0.2792
1749260977,0.28530000,262.80000000,0.2792
1749260977,0.28540000,780.60000000,0.2792
1749260977,0.28550000,1087.90000000,0.2792
1749260977,0.28560000,1172.90000000,0.2792
1749260977,0.28570000,6627.60000000,0.2792
1749260977,0.28580000,1509.30000000,0.2792
1749260977,0.28590000,8847.20000000,0.2792
1749260977,0.28600000,16331.20000000,0.2792
1749260977,0.28610000,405.50000000,0.2792
1749260977,0.28620000,6869.30000000,0.2792
1749260977,0.28630000,1394.00000000,0.2792
1749260977,0.28640000,3060.50000000,0.2792
1749260977,0.28650000,5873.60000000,0.2792
1749260977,0.28660000,5355.60000000,0.2792
1749260977,0.28670000,2028.40000000,0.2792
1749260977,0.28680000,1546.30000000,0.2792
1749260977,0.28690000,929.80000000,0.2792
1749260977,0.28700000,2956.80000000,0.2792
1749260977,0.28710000,33138.60000000,0.2792
1749260977,0.28720000,1327.50000000,0.2792
1749260977,0.28730000,890.40000000,0.2792
1749260977,0.28740000,1541.10000000,0.2792
1749260977,0.28750000,521.40000000,0.2792
1749260977,0.28760000,266.30000000,0.2792
1749260977,0.28770000,3800.70000000,0.2792
1749260977,0.28780000,201.20000000,0.2792
1749260977,0.28790000,34195.50000000,0.2792
1749260977,0.28800000,167592.70000000,0.2792
1749260977,0.28810000,569.80000000,0.2792
1749260977,0.28820000,21627.40000000,0.2792
1749260977,0.28830000,3924.20000000,0.2792
1749260977,0.28840000,112.00000000,0.2792
1749260977,0.28850000,37.10000000,0.2792
1749260977,0.28860000,3824.90000000,0.2792
1749260977,0.28870000,483.10000000,0.2792
1749260977,0.28880000,73167.60000000,0.2792
1749260977,0.28890000,870.30000000,0.2792
1749260977,0.28900000,64211.50000000,0.2792
1749260977,0.28910000,1060.90000000,0.2792
1749261279,0.27920000,654102.80000000,0.2792
1749261279,0.27930000,804272.80000000,0.2792
1749261279,0.27940000,717790.60000000,0.2792
1749261279,0.27950000,770354.60000000,0.2792
1749261279,0.27960000,469228.70000000,0.2792
1749261279,0.27970000,498425.40000000,0.2792
1749261279,0.27980000,241895.90000000,0.2792
1749261279,0.27990000,166631.20000000,0.2792
1749261279,0.28000000,422830.60000000,0.2792
1749261279,0.28010000,227639.80000000,0.2792
1749261279,0.28020000,38489.50000000,0.2792
1749261279,0.28030000,310140.60000000,0.2792
1749261279,0.28040000,183619.00000000,0.2792
1749261279,0.28050000,22064.80000000,0.2792
1749261279,0.28060000,80229.70000000,0.2792
1749261279,0.28070000,63454.40000000,0.2792
1749261279,0.28080000,20356.50000000,0.2792
1749261279,0.28090000,17046.40000000,0.2792
1749261279,0.28100000,20781.30000000,0.2792
1749261279,0.28110000,132045.50000000,0.2792
1749261279,0.28120000,16910.10000000,0.2792
1749261279,0.28130000,26088.10000000,0.2792
1749261279,0.28140000,26386.20000000,0.2792
1749261279,0.28150000,69245.20000000,0.2792
1749261279,0.28160000,66290.40000000,0.2792
1749261279,0.28170000,149154.50000000,0.2792
1749261279,0.28180000,7478.80000000,0.2792
1749261279,0.28190000,18712.80000000,0.2792
1749261279,0.28200000,499166.50000000,0.2792
1749261279,0.28210000,374.70000000,0.2792
1749261279,0.28220000,4722.50000000,0.2792
1749261279,0.28230000,604.70000000,0.2792
1749261279,0.28240000,2654.10000000,0.2792
1749261279,0.28250000,91688.90000000,0.2792
1749261279,0.28260000,302.40000000,0.2792
1749261279,0.28270000,432.60000000,0.2792
1749261279,0.28280000,863.00000000,0.2792
1749261279,0.28290000,1486.30000000,0.2792
1749261279,0.28300000,40493.40000000,0.2792
1749261279,0.28310000,502.80000000,0.2792
1749261279,0.28320000,1322.90000000,0.2792
1749261279,0.28330000,314.20000000,0.2792
1749261279,0.28340000,1062.90000000,0.2792
1749261279,0.28350000,1829.50000000,0.2792
1749261279,0.28360000,3663.80000000,0.2792
1749261279,0.28370000,479.50000000,0.2792
1749261279,0.28380000,550.40000000,0.2792
1749261279,0.28390000,414.00000000,0.2792
1749261279,0.28400000,1678.70000000,0.2792
1749261279,0.28410000,667.50000000,0.2792
1749261279,0.28420000,1428.70000000,0.2792
1749261279,0.28430000,905.80000000,0.2792
1749261279,0.28440000,27053.90000000,0.2792
1749261279,0.28450000,850.60000000,0.2792
1749261279,0.28460000,677.70000000,0.2792
1749261279,0.28470000,2187.00000000,0.2792
1749261279,0.28480000,1199.30000000,0.2792
1749261279,0.28490000,275.60000000,0.2792
1749261279,0.28500000,195629.80000000,0.2792
1749261279,0.28510000,3398.20000000,0.2792
1749261279,0.28520000,18715.70000000,0.2792
1749261279,0.28530000,262.80000000,0.2792
1749261279,0.28540000,780.60000000,0.2792
1749261279,0.28550000,1087.90000000,0.2792
1749261279,0.28560000,1172.90000000,0.2792
1749261279,0.28570000,6627.60000000,0.2792
1749261279,0.28580000,1509.30000000,0.2792
1749261279,0.28590000,8847.20000000,0.2792
1749261279,0.28600000,16331.20000000,0.2792
1749261279,0.28610000,405.50000000,0.2792
1749261279,0.28620000,6869.30000000,0.2792
1749261279,0.28630000,1394.00000000,0.2792
1749261279,0.28640000,3060.50000000,0.2792
1749261279,0.28650000,5873.60000000,0.2792
1749261279,0.28660000,5355.60000000,0.2792
1749261279,0.28670000,2028.40000000,0.2792
1749261279,0.28680000,1546.30000000,0.2792
1749261279,0.28690000,929.80000000,0.2792
1749261279,0.28700000,2956.80000000,0.2792
1749261279,0.28710000,33138.60000000,0.2792
1749261279,0.28720000,1327.50000000,0.2792
1749261279,0.28730000,890.40000000,0.2792
1749261279,0.28740000,1541.10000000,0.2792
1749261279,0.28750000,521.40000000,0.2792
1749261279,0.28760000,266.30000000,0.2792
1749261279,0.28770000,3800.70000000,0.2792
1749261279,0.28780000,201.20000000,0.2792
1749261279,0.28790000,34195.50000000,0.2792
1749261279,0.28800000,167592.70000000,0.2792
1749261279,0.28810000,569.80000000,0.2792
1749261279,0.28820000,21627.40000000,0.2792
1749261279,0.28830000,3924.20000000,0.2792
1749261279,0.28840000,112.00000000,0.2792
1749261279,0.28850000,37.10000000,0.2792
1749261279,0.28860000,3824.90000000,0.2792
1749261279,0.28870000,483.10000000,0.2792
1749261279,0.28880000,73167.60000000,0.2792
1749261279,0.28890000,870.30000000,0.2792
1749261279,0.28900000,64211.50000000,0.2792
1749261279,0.28910000,1060.90000000,0.2792
1749261580,0.27910000,155855.90000000,0.279
1749261580,0.27920000,895660.50000000,0.279
1749261580,0.27930000,815228.10000000,0.279
1749261580,0.27940000,756425.90000000,0.279
1749261580,0.27950000,768883.70000000,0.279
1749261580,0.27960000,439538.80000000,0.279
1749261580,0.27970000,509214.80000000,0.279
1749261580,0.27980000,215500.70000000,0.279
1749261580,0.27990000,166631.20000000,0.279
1749261580,0.28000000,498631.30000000,0.279
1749261580,0.28010000,151856.70000000,0.279
1749261580,0.28020000,38489.50000000,0.279
1749261580,0.28030000,451787.00000000,0.279
1749261580,0.28040000,42639.60000000,0.279
1749261580,0.28050000,22064.80000000,0.279
1749261580,0.28060000,115845.40000000,0.279
1749261580,0.28070000,27850.10000000,0.279
1749261580,0.28080000,20356.50000000,0.279
1749261580,0.28090000,17046.40000000,0.279
1749261580,0.28100000,20781.30000000,0.279
1749261580,0.28110000,132045.50000000,0.279
1749261580,0.28120000,16910.10000000,0.279
1749261580,0.28130000,26088.10000000,0.279
1749261580,0.28140000,26386.20000000,0.279
1749261580,0.28150000,119385.60000000,0.279
1749261580,0.28160000,120691.10000000,0.279
1749261580,0.28170000,47374.50000000,0.279
1749261580,0.28180000,7478.80000000,0.279
1749261580,0.28190000,18712.80000000,0.279
1749261580,0.28200000,499166.50000000,0.279
1749261580,0.28210000,374.70000000,0.279
1749261580,0.28220000,4722.50000000,0.279
1749261580,0.28230000,604.70000000,0.279
1749261580,0.28240000,2654.10000000,0.279
1749261580,0.28250000,91688.90000000,0.279
1749261580,0.28260000,302.40000000,0.279
1749261580,0.28270000,432.60000000,0.279
1749261580,0.28280000,863.00000000,0.279
1749261580,0.28290000,1486.30000000,0.279
1749261580,0.28300000,40493.40000000,0.279
1749261580,0.28310000,502.80000000,0.279
1749261580,0.28320000,1322.90000000,0.279
1749261580,0.28330000,314.20000000,0.279
1749261580,0.28340000,1062.90000000,0.279
1749261580,0.28350000,1829.50000000,0.279
1749261580,0.28360000,3663.80000000,0.279
1749261580,0.28370000,479.50000000,0.279
1749261580,0.28380000,550.40000000,0.279
1749261580,0.28390000,414.00000000,0.279
1749261580,0.28400000,1678.70000000,0.279
1749261580,0.28410000,667.50000000,0.279
1749261580,0.28420000,1428.70000000,0.279
1749261580,0.28430000,905.80000000,0.279
1749261580,0.28440000,27053.90000000,0.279
1749261580,0.28450000,850.60000000,0.279
1749261580,0.28460000,677.70000000,0.279
1749261580,0.28470000,2187.00000000,0.279
1749261580,0.28480000,1199.30000000,0.279
1749261580,0.28490000,275.60000000,0.279
1749261580,0.28500000,195629.80000000,0.279
1749261580,0.28510000,3398.20000000,0.279
1749261580,0.28520000,18715.70000000,0.279
1749261580,0.28530000,262.80000000,0.279
1749261580,0.28540000,780.60000000,0.279
1749261580,0.28550000,1087.90000000,0.279
1749261580,0.28560000,1172.90000000,0.279
1749261580,0.28570000,6627.60000000,0.279
1749261580,0.28580000,1509.30000000,0.279
1749261580,0.28590000,8847.20000000,0.279
1749261580,0.28600000,16331.20000000,0.279
1749261580,0.28610000,405.50000000,0.279
1749261580,0.28620000,6869.30000000,0.279
1749261580,0.28630000,1394.00000000,0.279
1749261580,0.28640000,3060.50000000,0.279
1749261580,0.28650000,5873.60000000,0.279
1749261580,0.28660000,5355.60000000,0.279
1749261580,0.28670000,2028.40000000,0.279
1749261580,0.28680000,1546.30000000,0.279
1749261580,0.28690000,929.80000000,0.279
1749261580,0.28700000,2956.80000000,0.279
1749261580,0.28710000,33138.60000000,0.279
1749261580,0.28720000,1327.50000000,0.279
1749261580,0.28730000,890.40000000,0.279
1749261580,0.28740000,1541.10000000,0.279
1749261580,0.28750000,521.40000000,0.279
1749261580,0.28760000,266.30000000,0.279
1749261580,0.28770000,3800.70000000,0.279
1749261580,0.28780000,201.20000000,0.279
1749261580,0.28790000,34195.50000000,0.279
1749261580,0.28800000,167592.70000000,0.279
1749261580,0.28810000,569.80000000,0.279
1749261580,0.28820000,21627.40000000,0.279
1749261580,0.28830000,3924.20000000,0.279
1749261580,0.28840000,112.00000000,0.279
1749261580,0.28850000,37.10000000,0.279
1749261580,0.28860000,3824.90000000,0.279
1749261580,0.28870000,483.10000000,0.279
1749261580,0.28880000,73167.60000000,0.279
1749261580,0.28890000,870.30000000,0.279
1749261580,0.28900000,64211.50000000,0.279
1749261891,0.27890000,181804.00000000,0.2788
1749261891,0.27900000,503833.60000000,0.2788
1749261891,0.27910000,983083.60000000,0.2788
1749261891,0.27920000,889540.50000000,0.2788
1749261891,0.27930000,876288.30000000,0.2788
1749261891,0.27940000,710112.40000000,0.2788
1749261891,0.27950000,595257.30000000,0.2788
1749261891,0.27960000,191754.00000000,0.2788
1749261891,0.27970000,325556.40000000,0.2788
1749261891,0.27980000,211324.80000000,0.2788
1749261891,0.27990000,209460.30000000,0.2788
1749261891,0.28000000,418499.10000000,0.2788
1749261891,0.28010000,258745.60000000,0.2788
1749261891,0.28020000,65218.30000000,0.2788
1749261891,0.28030000,310140.60000000,0.2788
1749261891,0.28040000,42639.60000000,0.2788
1749261891,0.28050000,22064.80000000,0.2788
1749261891,0.28060000,80229.70000000,0.2788
1749261891,0.28070000,27850.10000000,0.2788
1749261891,0.28080000,20356.50000000,0.2788
1749261891,0.28090000,16324.40000000,0.2788
1749261891,0.28100000,20781.30000000,0.2788
1749261891,0.28110000,131324.50000000,0.2788
1749261891,0.28120000,67088.60000000,0.2788
1749261891,0.28130000,25366.10000000,0.2788
1749261891,0.28140000,132554.50000000,0.2788
1749261891,0.28150000,69245.20000000,0.2788
1749261891,0.28160000,16163.20000000,0.2788
1749261891,0.28170000,33424.50000000,0.2788
1749261891,0.28180000,7478.80000000,0.2788
1749261891,0.28190000,18712.80000000,0.2788
1749261891,0.28200000,499148.70000000,0.2788
1749261891,0.28210000,374.70000000,0.2788
1749261891,0.28220000,4722.50000000,0.2788
1749261891,0.28230000,604.70000000,0.2788
1749261891,0.28240000,2128.10000000,0.2788
1749261891,0.28250000,91688.90000000,0.2788
1749261891,0.28260000,302.40000000,0.2788
1749261891,0.28270000,432.60000000,0.2788
1749261891,0.28280000,863.00000000,0.2788
1749261891,0.28290000,1486.30000000,0.2788
1749261891,0.28300000,40493.40000000,0.2788
1749261891,0.28310000,502.80000000,0.2788
1749261891,0.28320000,1322.90000000,0.2788
1749261891,0.28330000,314.20000000,0.2788
1749261891,0.28340000,1062.90000000,0.2788
1749261891,0.28350000,1829.50000000,0.2788
1749261891,0.28360000,3663.80000000,0.2788
1749261891,0.28370000,479.50000000,0.2788
1749261891,0.28380000,550.40000000,0.2788
1749261891,0.28390000,414.00000000,0.2788
1749261891,0.28400000,1678.70000000,0.2788
1749261891,0.28410000,667.50000000,0.2788
1749261891,0.28420000,1428.70000000,0.2788
1749261891,0.28430000,905.80000000,0.2788
1749261891,0.28440000,27053.90000000,0.2788
1749261891,0.28450000,850.60000000,0.2788
1749261891,0.28460000,677.70000000,0.2788
1749261891,0.28470000,2187.00000000,0.2788
1749261891,0.28480000,1199.30000000,0.2788
1749261891,0.28490000,275.60000000,0.2788
1749261891,0.28500000,195629.80000000,0.2788
1749261891,0.28510000,3398.20000000,0.2788
1749261891,0.28520000,20506.00000000,0.2788
1749261891,0.28530000,262.80000000,0.2788
1749261891,0.28540000,780.60000000,0.2788
1749261891,0.28550000,1087.90000000,0.2788
1749261891,0.28560000,1172.90000000,0.2788
1749261891,0.28570000,6627.60000000,0.2788
1749261891,0.28580000,1509.30000000,0.2788
1749261891,0.28590000,8847.20000000,0.2788
1749261891,0.28600000,16331.20000000,0.2788
1749261891,0.28610000,405.50000000,0.2788
1749261891,0.28620000,6869.30000000,0.2788
1749261891,0.28630000,1394.00000000,0.2788
1749261891,0.28640000,3060.50000000,0.2788
1749261891,0.28650000,5873.60000000,0.2788
1749261891,0.28660000,5355.60000000,0.2788
1749261891,0.28670000,2028.40000000,0.2788
1749261891,0.28680000,1546.30000000,0.2788
1749261891,0.28690000,929.80000000,0.2788
1749261891,0.28700000,2956.80000000,0.2788
1749261891,0.28710000,33138.60000000,0.2788
1749261891,0.28720000,1327.50000000,0.2788
1749261891,0.28730000,890.40000000,0.2788
1749261891,0.28740000,1541.10000000,0.2788
1749261891,0.28750000,521.40000000,0.2788
1749261891,0.28760000,266.30000000,0.2788
1749261891,0.28770000,3800.70000000,0.2788
1749261891,0.28780000,201.20000000,0.2788
1749261891,0.28790000,34195.50000000,0.2788
1749261891,0.28800000,167592.70000000,0.2788
1749261891,0.28810000,569.80000000,0.2788
1749261891,0.28820000,21627.40000000,0.2788
1749261891,0.28830000,3924.20000000,0.2788
1749261891,0.28840000,112.00000000,0.2788
1749261891,0.28850000,37.10000000,0.2788
1749261891,0.28860000,3824.90000000,0.2788
1749261891,0.28870000,483.10000000,0.2788
1749261891,0.28880000,73167.60000000,0.2788
1749262192,0.27890000,76097.80000000,0.2789
1749262192,0.27900000,640130.40000000,0.2789
1749262192,0.27910000,932829.00000000,0.2789
1749262192,0.27920000,882277.20000000,0.2789
1749262192,0.27930000,858541.70000000,0.2789
1749262192,0.27940000,734411.40000000,0.2789
1749262192,0.27950000,631943.50000000,0.2789
1749262192,0.27960000,156009.90000000,0.2789
1749262192,0.27970000,325556.40000000,0.2789
1749262192,0.27980000,247045.20000000,0.2789
1749262192,0.27990000,172204.20000000,0.2789
1749262192,0.28000000,422499.10000000,0.2789
1749262192,0.28010000,292301.70000000,0.2789
1749262192,0.28020000,29548.40000000,0.2789
1749262192,0.28030000,310140.60000000,0.2789
1749262192,0.28040000,78284.80000000,0.2789
1749262192,0.28050000,26927.20000000,0.2789
1749262192,0.28060000,80229.70000000,0.2789
1749262192,0.28070000,27850.10000000,0.2789
1749262192,0.28080000,20356.50000000,0.2789
1749262192,0.28090000,16324.40000000,0.2789
1749262192,0.28100000,20781.30000000,0.2789
1749262192,0.28110000,131324.50000000,0.2789
1749262192,0.28120000,16910.10000000,0.2789
1749262192,0.28130000,75561.30000000,0.2789
1749262192,0.28140000,131370.70000000,0.2789
1749262192,0.28150000,69101.00000000,0.2789
1749262192,0.28160000,2213.20000000,0.2789
1749262192,0.28170000,33424.50000000,0.2789
1749262192,0.28180000,7478.80000000,0.2789
1749262192,0.28190000,18712.80000000,0.2789
1749262192,0.28200000,499148.70000000,0.2789
1749262192,0.28210000,374.70000000,0.2789
1749262192,0.28220000,4722.50000000,0.2789
1749262192,0.28230000,604.70000000,0.2789
1749262192,0.28240000,2128.10000000,0.2789
1749262192,0.28250000,91688.90000000,0.2789
1749262192,0.28260000,302.40000000,0.2789
1749262192,0.28270000,432.60000000,0.2789
1749262192,0.28280000,863.00000000,0.2789
1749262192,0.28290000,1486.30000000,0.2789
1749262192,0.28300000,40493.40000000,0.2789
1749262192,0.28310000,502.80000000,0.2789
1749262192,0.28320000,1322.90000000,0.2789
1749262192,0.28330000,314.20000000,0.2789
1749262192,0.28340000,1062.90000000,0.2789
1749262192,0.28350000,1829.50000000,0.2789
1749262192,0.28360000,3663.80000000,0.2789
1749262192,0.28370000,479.50000000,0.2789
1749262192,0.28380000,550.40000000,0.2789
1749262192,0.28390000,414.00000000,0.2789
1749262192,0.28400000,1678.70000000,0.2789
1749262192,0.28410000,667.50000000,0.2789
1749262192,0.28420000,1428.70000000,0.2789
1749262192,0.28430000,905.80000000,0.2789
1749262192,0.28440000,27053.90000000,0.2789
1749262192,0.28450000,850.60000000,0.2789
1749262192,0.28460000,677.70000000,0.2789
1749262192,0.28470000,2187.00000000,0.2789
1749262192,0.28480000,1199.30000000,0.2789
1749262192,0.28490000,275.60000000,0.2789
1749262192,0.28500000,195629.80000000,0.2789
1749262192,0.28510000,3398.20000000,0.2789
1749262192,0.28520000,20506.00000000,0.2789
1749262192,0.28530000,262.80000000,0.2789
1749262192,0.28540000,780.60000000,0.2789
1749262192,0.28550000,1087.90000000,0.2789
1749262192,0.28560000,1172.90000000,0.2789
1749262192,0.28570000,6627.60000000,0.2789
1749262192,0.28580000,1509.30000000,0.2789
1749262192,0.28590000,8847.20000000,0.2789
1749262192,0.28600000,16331.20000000,0.2789
1749262192,0.28610000,405.50000000,0.2789
1749262192,0.28620000,6869.30000000,0.2789
1749262192,0.28630000,1394.00000000,0.2789
1749262192,0.28640000,3060.50000000,0.2789
1749262192,0.28650000,5873.60000000,0.2789
1749262192,0.28660000,5355.60000000,0.2789
1749262192,0.28670000,2028.40000000,0.2789
1749262192,0.28680000,1546.30000000,0.2789
1749262192,0.28690000,929.80000000,0.2789
1749262192,0.28700000,2956.80000000,0.2789
1749262192,0.28710000,33138.60000000,0.2789
1749262192,0.28720000,1327.50000000,0.2789
1749262192,0.28730000,890.40000000,0.2789
1749262192,0.28740000,1541.10000000,0.2789
1749262192,0.28750000,521.40000000,0.2789
1749262192,0.28760000,266.30000000,0.2789
1749262192,0.28770000,3800.70000000,0.2789
1749262192,0.28780000,201.20000000,0.2789
1749262192,0.28790000,34195.50000000,0.2789
1749262192,0.28800000,167592.70000000,0.2789
1749262192,0.28810000,569.80000000,0.2789
1749262192,0.28820000,21627.40000000,0.2789
1749262192,0.28830000,3924.20000000,0.2789
1749262192,0.28840000,112.00000000,0.2789
1749262192,0.28850000,37.10000000,0.2789
1749262192,0.28860000,3824.90000000,0.2789
1749262192,0.28870000,483.10000000,0.2789
1749262192,0.28880000,73167.60000000,0.2789
1749262499,0.27890000,134657.70000000,0.2789
1749262499,0.27900000,449427.60000000,0.2789
1749262499,0.27910000,898631.00000000,0.2789
1749262499,0.27920000,945158.20000000,0.2789
1749262499,0.27930000,806628.40000000,0.2789
1749262499,0.27940000,737860.70000000,0.2789
1749262499,0.27950000,649172.20000000,0.2789
1749262499,0.27960000,156010.00000000,0.2789
1749262499,0.27970000,325556.40000000,0.2789
1749262499,0.27980000,211337.80000000,0.2789
1749262499,0.27990000,202330.90000000,0.2789
1749262499,0.28000000,421937.40000000,0.2789
1749262499,0.28010000,257453.80000000,0.2789
1749262499,0.28020000,29548.40000000,0.2789
1749262499,0.28030000,345800.80000000,0.2789
1749262499,0.28040000,42639.60000000,0.2789
1749262499,0.28050000,62551.70000000,0.2789
1749262499,0.28060000,80229.70000000,0.2789
1749262499,0.28070000,27850.10000000,0.2789
1749262499,0.28080000,20356.50000000,0.2789
1749262499,0.28090000,17064.50000000,0.2789
1749262499,0.28100000,20781.30000000,0.2789
1749262499,0.28110000,131324.50000000,0.2789
1749262499,0.28120000,16910.10000000,0.2789
1749262499,0.28130000,75544.90000000,0.2789
1749262499,0.28140000,130909.50000000,0.2789
1749262499,0.28150000,69101.00000000,0.2789
1749262499,0.28160000,2213.20000000,0.2789
1749262499,0.28170000,47374.50000000,0.2789
1749262499,0.28180000,7478.80000000,0.2789
1749262499,0.28190000,18712.80000000,0.2789
1749262499,0.28200000,499148.70000000,0.2789
1749262499,0.28210000,374.70000000,0.2789
1749262499,0.28220000,4722.50000000,0.2789
1749262499,0.28230000,604.70000000,0.2789
1749262499,0.28240000,2128.10000000,0.2789
1749262499,0.28250000,91688.90000000,0.2789
1749262499,0.28260000,302.40000000,0.2789
1749262499,0.28270000,432.60000000,0.2789
1749262499,0.28280000,863.00000000,0.2789
1749262499,0.28290000,1486.30000000,0.2789
1749262499,0.28300000,40493.40000000,0.2789
1749262499,0.28310000,502.80000000,0.2789
1749262499,0.28320000,1322.90000000,0.2789
1749262499,0.28330000,314.20000000,0.2789
1749262499,0.28340000,1062.90000000,0.2789
1749262499,0.28350000,1829.50000000,0.2789
1749262499,0.28360000,3663.80000000,0.2789
1749262499,0.28370000,479.50000000,0.2789
1749262499,0.28380000,550.40000000,0.2789
1749262499,0.28390000,414.00000000,0.2789
1749262499,0.28400000,1678.70000000,0.2789
1749262499,0.28410000,667.50000000,0.2789
1749262499,0.28420000,1428.70000000,0.2789
1749262499,0.28430000,905.80000000,0.2789
1749262499,0.28440000,27053.90000000,0.2789
1749262499,0.28450000,850.60000000,0.2789
1749262499,0.28460000,677.70000000,0.2789
1749262499,0.28470000,2187.00000000,0.2789
1749262499,0.28480000,1199.30000000,0.2789
1749262499,0.28490000,275.60000000,0.2789
1749262499,0.28500000,195629.80000000,0.2789
1749262499,0.28510000,3398.20000000,0.2789
1749262499,0.28520000,20506.00000000,0.2789
1749262499,0.28530000,262.80000000,0.2789
1749262499,0.28540000,780.60000000,0.2789
1749262499,0.28550000,1087.90000000,0.2789
1749262499,0.28560000,1172.90000000,0.2789
1749262499,0.28570000,6627.60000000,0.2789
1749262499,0.28580000,1509.30000000,0.2789
1749262499,0.28590000,8847.20000000,0.2789
1749262499,0.28600000,16331.20000000,0.2789
1749262499,0.28610000,405.50000000,0.2789
1749262499,0.28620000,6869.30000000,0.2789
1749262499,0.28630000,1394.00000000,0.2789
1749262499,0.28640000,3060.50000000,0.2789
1749262499,0.28650000,5873.60000000,0.2789
1749262499,0.28660000,5355.60000000,0.2789
1749262499,0.28670000,2028.40000000,0.2789
1749262499,0.28680000,1546.30000000,0.2789
1749262499,0.28690000,929.80000000,0.2789
1749262499,0.28700000,2956.80000000,0.2789
1749262499,0.28710000,33138.60000000,0.2789
1749262499,0.28720000,1327.50000000,0.2789
1749262499,0.28730000,890.40000000,0.2789
1749262499,0.28740000,1541.10000000,0.2789
1749262499,0.28750000,521.40000000,0.2789
1749262499,0.28760000,266.30000000,0.2789
1749262499,0.28770000,3800.70000000,0.2789
1749262499,0.28780000,201.20000000,0.2789
1749262499,0.28790000,34195.50000000,0.2789
1749262499,0.28800000,167592.70000000,0.2789
1749262499,0.28810000,569.80000000,0.2789
1749262499,0.28820000,21627.40000000,0.2789
1749262499,0.28830000,3924.20000000,0.2789
1749262499,0.28840000,112.00000000,0.2789
1749262499,0.28850000,37.10000000,0.2789
1749262499,0.28860000,3824.90000000,0.2789
1749262499,0.28870000,483.10000000,0.2789
1749262499,0.28880000,73167.60000000,0.2789
1749262800,0.27840000,130085.00000000,0.2784
1749262800,0.27850000,252461.70000000,0.2784
1749262800,0.27860000,398569.00000000,0.2784
1749262800,0.27870000,692850.30000000,0.2784
1749262800,0.27880000,1080728.70000000,0.2784
1749262800,0.27890000,822395.60000000,0.2784
1749262800,0.27900000,664406.10000000,0.2784
1749262800,0.27910000,622777.30000000,0.2784
1749262800,0.27920000,579553.10000000,0.2784
1749262800,0.27930000,586283.10000000,0.2784
1749262800,0.27940000,587776.60000000,0.2784
1749262800,0.27950000,369305.30000000,0.2784
1749262800,0.27960000,501344.70000000,0.2784
1749262800,0.27970000,147547.20000000,0.2784
1749262800,0.27980000,198322.80000000,0.2784
1749262800,0.27990000,445362.30000000,0.2784
1749262800,0.28000000,276584.70000000,0.2784
1749262800,0.28010000,151837.00000000,0.2784
1749262800,0.28020000,30649.40000000,0.2784
1749262800,0.28030000,17600.20000000,0.2784
1749262800,0.28040000,30920.10000000,0.2784
1749262800,0.28050000,19248.90000000,0.2784
1749262800,0.28060000,20245.10000000,0.2784
1749262800,0.28070000,16141.10000000,0.2784
1749262800,0.28080000,178031.70000000,0.2784
1749262800,0.28090000,119526.10000000,0.2784
1749262800,0.28100000,20781.30000000,0.2784
1749262800,0.28110000,18271.40000000,0.2784
1749262800,0.28120000,2960.10000000,0.2784
1749262800,0.28130000,11416.10000000,0.2784
1749262800,0.28140000,12436.20000000,0.2784
1749262800,0.28150000,55151.00000000,0.2784
1749262800,0.28160000,2213.20000000,0.2784
1749262800,0.28170000,33424.50000000,0.2784
1749262800,0.28180000,93789.50000000,0.2784
1749262800,0.28190000,18712.80000000,0.2784
1749262800,0.28200000,499148.70000000,0.2784
1749262800,0.28210000,374.70000000,0.2784
1749262800,0.28220000,4722.50000000,0.2784
1749262800,0.28230000,604.70000000,0.2784
1749262800,0.28240000,2128.10000000,0.2784
1749262800,0.28250000,3830.30000000,0.2784
1749262800,0.28260000,302.40000000,0.2784
1749262800,0.28270000,432.60000000,0.2784
1749262800,0.28280000,863.00000000,0.2784
1749262800,0.28290000,1486.30000000,0.2784
1749262800,0.28300000,40493.40000000,0.2784
1749262800,0.28310000,502.80000000,0.2784
1749262800,0.28320000,1322.90000000,0.2784
1749262800,0.28330000,314.20000000,0.2784
1749262800,0.28340000,1062.90000000,0.2784
1749262800,0.28350000,1829.50000000,0.2784
1749262800,0.28360000,3663.80000000,0.2784
1749262800,0.28370000,479.50000000,0.2784
1749262800,0.28380000,550.40000000,0.2784
1749262800,0.28390000,414.00000000,0.2784
1749262800,0.28400000,1678.70000000,0.2784
1749262800,0.28410000,667.50000000,0.2784
1749262800,0.28420000,1428.70000000,0.2784
1749262800,0.28430000,905.80000000,0.2784
1749262800,0.28440000,27053.90000000,0.2784
1749262800,0.28450000,850.60000000,0.2784
1749262800,0.28460000,677.70000000,0.2784
1749262800,0.28470000,2187.00000000,0.2784
1749262800,0.28480000,1199.30000000,0.2784
1749262800,0.28490000,275.60000000,0.2784
1749262800,0.28500000,195591.90000000,0.2784
1749262800,0.28510000,3398.20000000,0.2784
1749262800,0.28520000,20506.00000000,0.2784
1749262800,0.28530000,262.80000000,0.2784
1749262800,0.28540000,780.60000000,0.2784
1749262800,0.28550000,1087.90000000,0.2784
1749262800,0.28560000,1155.30000000,0.2784
1749262800,0.28570000,6627.60000000,0.2784
1749262800,0.28580000,1509.30000000,0.2784
1749262800,0.28590000,8847.20000000,0.2784
1749262800,0.28600000,16331.20000000,0.2784
1749262800,0.28610000,405.50000000,0.2784
1749262800,0.28620000,6869.30000000,0.2784
1749262800,0.28630000,1394.00000000,0.2784
1749262800,0.28640000,3060.50000000,0.2784
1749262800,0.28650000,5873.60000000,0.2784
1749262800,0.28660000,5355.60000000,0.2784
1749262800,0.28670000,2028.40000000,0.2784
1749262800,0.28680000,1546.30000000,0.2784
1749262800,0.28690000,929.80000000,0.2784
1749262800,0.28700000,2956.80000000,0.2784
1749262800,0.28710000,33138.60000000,0.2784
1749262800,0.28720000,1327.50000000,0.2784
1749262800,0.28730000,890.40000000,0.2784
1749262800,0.28740000,1541.10000000,0.2784
1749262800,0.28750000,521.40000000,0.2784
1749262800,0.28760000,266.30000000,0.2784
1749262800,0.28770000,3800.70000000,0.2784
1749262800,0.28780000,201.20000000,0.2784
1749262800,0.28790000,34195.50000000,0.2784
1749262800,0.28800000,167592.70000000,0.2784
1749262800,0.28810000,569.80000000,0.2784
1749262800,0.28820000,21627.40000000,0.2784
1749262800,0.28830000,3924.20000000,0.2784
1749263102,0.27850000,172987.20000000,0.2785
1749263102,0.27860000,451329.30000000,0.2785
1749263102,0.27870000,580692.80000000,0.2785
1749263102,0.27880000,1061653.40000000,0.2785
1749263102,0.27890000,848289.80000000,0.2785
1749263102,0.27900000,740787.20000000,0.2785
1749263102,0.27910000,678995.60000000,0.2785
1749263102,0.27920000,592142.80000000,0.2785
1749263102,0.27930000,494942.40000000,0.2785
1749263102,0.27940000,606743.80000000,0.2785
1749263102,0.27950000,359809.10000000,0.2785
1749263102,0.27960000,398414.90000000,0.2785
1749263102,0.27970000,290192.20000000,0.2785
1749263102,0.27980000,162598.40000000,0.2785
1749263102,0.27990000,445362.30000000,0.2785
1749263102,0.28000000,276624.70000000,0.2785
1749263102,0.28010000,151837.00000000,0.2785
1749263102,0.28020000,30649.40000000,0.2785
1749263102,0.28030000,17600.20000000,0.2785
1749263102,0.28040000,30920.10000000,0.2785
1749263102,0.28050000,19248.90000000,0.2785
1749263102,0.28060000,20245.10000000,0.2785
1749263102,0.28070000,16141.10000000,0.2785
1749263102,0.28080000,127772.60000000,0.2785
1749263102,0.28090000,66601.80000000,0.2785
1749263102,0.28100000,127941.90000000,0.2785
1749263102,0.28110000,18271.40000000,0.2785
1749263102,0.28120000,2960.10000000,0.2785
1749263102,0.28130000,11416.10000000,0.2785
1749263102,0.28140000,12436.20000000,0.2785
1749263102,0.28150000,55151.00000000,0.2785
1749263102,0.28160000,2213.20000000,0.2785
1749263102,0.28170000,33424.50000000,0.2785
1749263102,0.28180000,93789.50000000,0.2785
1749263102,0.28190000,18712.80000000,0.2785
1749263102,0.28200000,499148.70000000,0.2785
1749263102,0.28210000,374.70000000,0.2785
1749263102,0.28220000,4722.50000000,0.2785
1749263102,0.28230000,604.70000000,0.2785
1749263102,0.28240000,2128.10000000,0.2785
1749263102,0.28250000,3830.30000000,0.2785
1749263102,0.28260000,302.40000000,0.2785
1749263102,0.28270000,432.60000000,0.2785
1749263102,0.28280000,863.00000000,0.2785
1749263102,0.28290000,1486.30000000,0.2785
1749263102,0.28300000,40493.40000000,0.2785
1749263102,0.28310000,502.80000000,0.2785
1749263102,0.28320000,1322.90000000,0.2785
1749263102,0.28330000,314.20000000,0.2785
1749263102,0.28340000,1062.90000000,0.2785
1749263102,0.28350000,1829.50000000,0.2785
1749263102,0.28360000,3663.80000000,0.2785
1749263102,0.28370000,479.50000000,0.2785
1749263102,0.28380000,550.40000000,0.2785
1749263102,0.28390000,414.00000000,0.2785
1749263102,0.28400000,1678.70000000,0.2785
1749263102,0.28410000,667.50000000,0.2785
1749263102,0.28420000,1428.70000000,0.2785
1749263102,0.28430000,905.80000000,0.2785
1749263102,0.28440000,27053.90000000,0.2785
1749263102,0.28450000,850.60000000,0.2785
1749263102,0.28460000,677.70000000,0.2785
1749263102,0.28470000,2187.00000000,0.2785
1749263102,0.28480000,1199.30000000,0.2785
1749263102,0.28490000,275.60000000,0.2785
1749263102,0.28500000,195591.90000000,0.2785
1749263102,0.28510000,3398.20000000,0.2785
1749263102,0.28520000,20506.00000000,0.2785
1749263102,0.28530000,262.80000000,0.2785
1749263102,0.28540000,780.60000000,0.2785
1749263102,0.28550000,1087.90000000,0.2785
1749263102,0.28560000,1155.30000000,0.2785
1749263102,0.28570000,6627.60000000,0.2785
1749263102,0.28580000,1509.30000000,0.2785
1749263102,0.28590000,8847.20000000,0.2785
1749263102,0.28600000,16331.20000000,0.2785
1749263102,0.28610000,405.50000000,0.2785
1749263102,0.28620000,6869.30000000,0.2785
1749263102,0.28630000,1394.00000000,0.2785
1749263102,0.28640000,3060.50000000,0.2785
1749263102,0.28650000,5873.60000000,0.2785
1749263102,0.28660000,5355.60000000,0.2785
1749263102,0.28670000,2028.40000000,0.2785
1749263102,0.28680000,1546.30000000,0.2785
1749263102,0.28690000,929.80000000,0.2785
1749263102,0.28700000,2956.80000000,0.2785
1749263102,0.28710000,33138.60000000,0.2785
1749263102,0.28720000,1327.50000000,0.2785
1749263102,0.28730000,890.40000000,0.2785
1749263102,0.28740000,1541.10000000,0.2785
1749263102,0.28750000,521.40000000,0.2785
1749263102,0.28760000,266.30000000,0.2785
1749263102,0.28770000,3800.70000000,0.2785
1749263102,0.28780000,201.20000000,0.2785
1749263102,0.28790000,34195.50000000,0.2785
1749263102,0.28800000,167592.70000000,0.2785
1749263102,0.28810000,569.80000000,0.2785
1749263102,0.28820000,21627.40000000,0.2785
1749263102,0.28830000,3924.20000000,0.2785
1749263102,0.28840000,112.00000000,0.2785
1749263403,0.27850000,227114.60000000,0.2785
1749263403,0.27860000,416327.40000000,0.2785
1749263403,0.27870000,836095.10000000,0.2785
1749263403,0.27880000,882592.30000000,0.2785
1749263403,0.27890000,934881.80000000,0.2785
1749263403,0.27900000,623608.70000000,0.2785
1749263403,0.27910000,671931.10000000,0.2785
1749263403,0.27920000,532775.50000000,0.2785
1749263403,0.27930000,395241.60000000,0.2785
1749263403,0.27940000,606753.60000000,0.2785
1749263403,0.27950000,365338.70000000,0.2785
1749263403,0.27960000,398714.10000000,0.2785
1749263403,0.27970000,287868.80000000,0.2785
1749263403,0.27980000,165741.40000000,0.2785
1749263403,0.27990000,445362.30000000,0.2785
1749263403,0.28000000,276629.40000000,0.2785
1749263403,0.28010000,151837.00000000,0.2785
1749263403,0.28020000,30649.40000000,0.2785
1749263403,0.28030000,17600.20000000,0.2785
1749263403,0.28040000,30920.10000000,0.2785
1749263403,0.28050000,19248.90000000,0.2785
1749263403,0.28060000,17102.10000000,0.2785
1749263403,0.28070000,16141.10000000,0.2785
1749263403,0.28080000,178034.70000000,0.2785
1749263403,0.28090000,16342.50000000,0.2785
1749263403,0.28100000,124273.10000000,0.2785
1749263403,0.28110000,18271.40000000,0.2785
1749263403,0.28120000,2960.10000000,0.2785
1749263403,0.28130000,11416.10000000,0.2785
1749263403,0.28140000,12436.20000000,0.2785
1749263403,0.28150000,55151.00000000,0.2785
1749263403,0.28160000,2213.20000000,0.2785
1749263403,0.28170000,33424.50000000,0.2785
1749263403,0.28180000,93789.50000000,0.2785
1749263403,0.28190000,18712.80000000,0.2785
1749263403,0.28200000,499148.70000000,0.2785
1749263403,0.28210000,374.70000000,0.2785
1749263403,0.28220000,4722.50000000,0.2785
1749263403,0.28230000,604.70000000,0.2785
1749263403,0.28240000,2128.10000000,0.2785
1749263403,0.28250000,3830.30000000,0.2785
1749263403,0.28260000,302.40000000,0.2785
1749263403,0.28270000,432.60000000,0.2785
1749263403,0.28280000,863.00000000,0.2785
1749263403,0.28290000,1486.30000000,0.2785
1749263403,0.28300000,40493.40000000,0.2785
1749263403,0.28310000,502.80000000,0.2785
1749263403,0.28320000,1322.90000000,0.2785
1749263403,0.28330000,368.00000000,0.2785
1749263403,0.28340000,1062.90000000,0.2785
1749263403,0.28350000,1829.50000000,0.2785
1749263403,0.28360000,3663.80000000,0.2785
1749263403,0.28370000,479.50000000,0.2785
1749263403,0.28380000,550.40000000,0.2785
1749263403,0.28390000,414.00000000,0.2785
1749263403,0.28400000,1678.70000000,0.2785
1749263403,0.28410000,667.50000000,0.2785
1749263403,0.28420000,1428.70000000,0.2785
1749263403,0.28430000,905.80000000,0.2785
1749263403,0.28440000,27053.90000000,0.2785
1749263403,0.28450000,850.60000000,0.2785
1749263403,0.28460000,677.70000000,0.2785
1749263403,0.28470000,2187.00000000,0.2785
1749263403,0.28480000,1199.30000000,0.2785
1749263403,0.28490000,275.60000000,0.2785
1749263403,0.28500000,195591.90000000,0.2785
1749263403,0.28510000,3398.20000000,0.2785
1749263403,0.28520000,20506.00000000,0.2785
1749263403,0.28530000,262.80000000,0.2785
1749263403,0.28540000,780.60000000,0.2785
1749263403,0.28550000,1087.90000000,0.2785
1749263403,0.28560000,1155.30000000,0.2785
1749263403,0.28570000,6627.60000000,0.2785
1749263403,0.28580000,1509.30000000,0.2785
1749263403,0.28590000,8847.20000000,0.2785
1749263403,0.28600000,16331.20000000,0.2785
1749263403,0.28610000,432.40000000,0.2785
1749263403,0.28620000,6869.30000000,0.2785
1749263403,0.28630000,1394.00000000,0.2785
1749263403,0.28640000,3060.50000000,0.2785
1749263403,0.28650000,5873.60000000,0.2785
1749263403,0.28660000,5355.60000000,0.2785
1749263403,0.28670000,2028.40000000,0.2785
1749263403,0.28680000,1546.30000000,0.2785
1749263403,0.28690000,929.80000000,0.2785
1749263403,0.28700000,2956.80000000,0.2785
1749263403,0.28710000,33138.60000000,0.2785
1749263403,0.28720000,1327.50000000,0.2785
1749263403,0.28730000,890.40000000,0.2785
1749263403,0.28740000,1541.10000000,0.2785
1749263403,0.28750000,521.40000000,0.2785
1749263403,0.28760000,266.30000000,0.2785
1749263403,0.28770000,3800.70000000,0.2785
1749263403,0.28780000,201.20000000,0.2785
1749263403,0.28790000,34195.50000000,0.2785
1749263403,0.28800000,167592.70000000,0.2785
1749263403,0.28810000,569.80000000,0.2785
1749263403,0.28820000,21627.40000000,0.2785
1749263403,0.28830000,3924.20000000,0.2785
1749263403,0.28840000,112.00000000,0.2785
1749263705,0.27850000,341055.60000000,0.2784
1749263705,0.27860000,446615.80000000,0.2784
1749263705,0.27870000,855703.50000000,0.2784
1749263705,0.27880000,919637.60000000,0.2784
1749263705,0.27890000,642822.60000000,0.2784
1749263705,0.27900000,618824.80000000,0.2784
1749263705,0.27910000,725947.00000000,0.2784
1749263705,0.27920000,518917.30000000,0.2784
1749263705,0.27930000,409043.00000000,0.2784
1749263705,0.27940000,595633.80000000,0.2784
1749263705,0.27950000,401809.90000000,0.2784
1749263705,0.27960000,398511.70000000,0.2784
1749263705,0.27970000,251016.60000000,0.2784
1749263705,0.27980000,201462.00000000,0.2784
1749263705,0.27990000,445362.40000000,0.2784
1749263705,0.28000000,240931.80000000,0.2784
1749263705,0.28010000,187521.90000000,0.2784
1749263705,0.28020000,30649.50000000,0.2784
1749263705,0.28030000,17600.30000000,0.2784
1749263705,0.28040000,30920.20000000,0.2784
1749263705,0.28050000,19249.00000000,0.2784
1749263705,0.28060000,17102.20000000,0.2784
1749263705,0.28070000,16141.30000000,0.2784
1749263705,0.28080000,127772.80000000,0.2784
1749263705,0.28090000,66604.30000000,0.2784
1749263705,0.28100000,125805.80000000,0.2784
1749263705,0.28110000,18271.60000000,0.2784
1749263705,0.28120000,2960.30000000,0.2784
1749263705,0.28130000,11416.30000000,0.2784
1749263705,0.28140000,12436.40000000,0.2784
1749263705,0.28150000,55151.20000000,0.2784
1749263705,0.28160000,2213.40000000,0.2784
1749263705,0.28170000,33424.70000000,0.2784
1749263705,0.28180000,93789.70000000,0.2784
1749263705,0.28190000,18691.70000000,0.2784
1749263705,0.28200000,495363.60000000,0.2784
1749263705,0.28210000,375.00000000,0.2784
1749263705,0.28220000,4722.80000000,0.2784
1749263705,0.28230000,605.00000000,0.2784
1749263705,0.28240000,2128.40000000,0.2784
1749263705,0.28250000,3830.60000000,0.2784
1749263705,0.28260000,302.70000000,0.2784
1749263705,0.28270000,432.90000000,0.2784
1749263705,0.28280000,863.30000000,0.2784
1749263705,0.28290000,1486.60000000,0.2784
1749263705,0.28300000,40493.70000000,0.2784
1749263705,0.28310000,503.10000000,0.2784
1749263705,0.28320000,1323.20000000,0.2784
1749263705,0.28330000,367.90000000,0.2784
1749263705,0.28340000,1062.80000000,0.2784
1749263705,0.28350000,1829.40000000,0.2784
1749263705,0.28360000,3663.80000000,0.2784
1749263705,0.28370000,479.50000000,0.2784
1749263705,0.28380000,550.40000000,0.2784
1749263705,0.28390000,414.00000000,0.2784
1749263705,0.28400000,1678.70000000,0.2784
1749263705,0.28410000,667.50000000,0.2784
1749263705,0.28420000,1428.70000000,0.2784
1749263705,0.28430000,905.80000000,0.2784
1749263705,0.28440000,27053.90000000,0.2784
1749263705,0.28450000,832.50000000,0.2784
1749263705,0.28460000,659.60000000,0.2784
1749263705,0.28470000,2140.80000000,0.2784
1749263705,0.28480000,1181.20000000,0.2784
1749263705,0.28490000,232.90000000,0.2784
1749263705,0.28500000,195549.30000000,0.2784
1749263705,0.28510000,3380.20000000,0.2784
1749263705,0.28520000,20488.00000000,0.2784
1749263705,0.28530000,262.80000000,0.2784
1749263705,0.28540000,780.60000000,0.2784
1749263705,0.28550000,1087.90000000,0.2784
1749263705,0.28560000,1155.30000000,0.2784
1749263705,0.28570000,6627.60000000,0.2784
1749263705,0.28580000,1509.30000000,0.2784
1749263705,0.28590000,8847.20000000,0.2784
1749263705,0.28600000,16331.20000000,0.2784
1749263705,0.28610000,432.40000000,0.2784
1749263705,0.28620000,6869.30000000,0.2784
1749263705,0.28630000,1394.00000000,0.2784
1749263705,0.28640000,3060.50000000,0.2784
1749263705,0.28650000,5873.60000000,0.2784
1749263705,0.28660000,5355.60000000,0.2784
1749263705,0.28670000,2028.40000000,0.2784
1749263705,0.28680000,1546.30000000,0.2784
1749263705,0.28690000,929.80000000,0.2784
1749263705,0.28700000,2956.80000000,0.2784
1749263705,0.28710000,33138.60000000,0.2784
1749263705,0.28720000,1327.50000000,0.2784
1749263705,0.28730000,890.40000000,0.2784
1749263705,0.28740000,1541.10000000,0.2784
1749263705,0.28750000,486.60000000,0.2784
1749263705,0.28760000,266.30000000,0.2784
1749263705,0.28770000,3800.70000000,0.2784
1749263705,0.28780000,201.20000000,0.2784
1749263705,0.28790000,34195.50000000,0.2784
1749263705,0.28800000,167592.70000000,0.2784
1749263705,0.28810000,569.80000000,0.2784
1749263705,0.28820000,21627.40000000,0.2784
1749263705,0.28830000,3924.20000000,0.2784
1749263705,0.28840000,112.00000000,0.2784
1749264007,0.27800000,106948.40000000,0.278
1749264007,0.27810000,203466.70000000,0.278
1749264007,0.27820000,254005.90000000,0.278
1749264007,0.27830000,606724.40000000,0.278
1749264007,0.27840000,863218.60000000,0.278
1749264007,0.27850000,583197.10000000,0.278
1749264007,0.27860000,633893.80000000,0.278
1749264007,0.27870000,540842.30000000,0.278
1749264007,0.27880000,579384.70000000,0.278
1749264007,0.27890000,550898.60000000,0.278
1749264007,0.27900000,774985.60000000,0.278
1749264007,0.27910000,513100.20000000,0.278
1749264007,0.27920000,740510.30000000,0.278
1749264007,0.27930000,397334.50000000,0.278
1749264007,0.27940000,356522.10000000,0.278
1749264007,0.27950000,352542.50000000,0.278
1749264007,0.27960000,241367.60000000,0.278
1749264007,0.27970000,146825.30000000,0.278
1749264007,0.27980000,143767.50000000,0.278
1749264007,0.27990000,432920.90000000,0.278
1749264007,0.28000000,179834.80000000,0.278
1749264007,0.28010000,140101.20000000,0.278
1749264007,0.28020000,18903.10000000,0.278
1749264007,0.28030000,16878.30000000,0.278
1749264007,0.28040000,17113.20000000,0.278
1749264007,0.28050000,176199.80000000,0.278
1749264007,0.28060000,17102.20000000,0.278
1749264007,0.28070000,16141.30000000,0.278
1749264007,0.28080000,127772.80000000,0.278
1749264007,0.28090000,16342.70000000,0.278
1749264007,0.28100000,20781.50000000,0.278
1749264007,0.28110000,4321.60000000,0.278
1749264007,0.28120000,2942.50000000,0.278
1749264007,0.28130000,11416.30000000,0.278
1749264007,0.28140000,12436.40000000,0.278
1749264007,0.28150000,55151.20000000,0.278
1749264007,0.28160000,2213.40000000,0.278
1749264007,0.28170000,33424.70000000,0.278
1749264007,0.28180000,93789.70000000,0.278
1749264007,0.28190000,18691.70000000,0.278
1749264007,0.28200000,495363.60000000,0.278
1749264007,0.28210000,375.00000000,0.278
1749264007,0.28220000,1060.50000000,0.278
1749264007,0.28230000,605.00000000,0.278
1749264007,0.28240000,2128.40000000,0.278
1749264007,0.28250000,3830.60000000,0.278
1749264007,0.28260000,302.70000000,0.278
1749264007,0.28270000,432.90000000,0.278
1749264007,0.28280000,843.80000000,0.278
1749264007,0.28290000,1486.60000000,0.278
1749264007,0.28300000,40493.70000000,0.278
1749264007,0.28310000,503.10000000,0.278
1749264007,0.28320000,1323.20000000,0.278
1749264007,0.28330000,367.90000000,0.278
1749264007,0.28340000,1062.80000000,0.278
1749264007,0.28350000,1829.40000000,0.278
1749264007,0.28360000,3663.80000000,0.278
1749264007,0.28370000,479.50000000,0.278
1749264007,0.28380000,550.40000000,0.278
1749264007,0.28390000,414.00000000,0.278
1749264007,0.28400000,1678.70000000,0.278
1749264007,0.28410000,667.50000000,0.278
1749264007,0.28420000,1428.70000000,0.278
1749264007,0.28430000,905.80000000,0.278
1749264007,0.28440000,27053.90000000,0.278
1749264007,0.28450000,850.60000000,0.278
1749264007,0.28460000,659.60000000,0.278
1749264007,0.28470000,2140.80000000,0.278
1749264007,0.28480000,1181.20000000,0.278
1749264007,0.28490000,232.90000000,0.278
1749264007,0.28500000,195549.30000000,0.278
1749264007,0.28510000,3380.20000000,0.278
1749264007,0.28520000,20488.00000000,0.278
1749264007,0.28530000,262.80000000,0.278
1749264007,0.28540000,780.60000000,0.278
1749264007,0.28550000,1087.90000000,0.278
1749264007,0.28560000,1155.30000000,0.278
1749264007,0.28570000,6627.60000000,0.278
1749264007,0.28580000,1509.30000000,0.278
1749264007,0.28590000,8847.20000000,0.278
1749264007,0.28600000,16331.20000000,0.278
1749264007,0.28610000,432.40000000,0.278
1749264007,0.28620000,6869.30000000,0.278
1749264007,0.28630000,1394.00000000,0.278
1749264007,0.28640000,3060.50000000,0.278
1749264007,0.28650000,5873.60000000,0.278
1749264007,0.28660000,5355.60000000,0.278
1749264007,0.28670000,2028.40000000,0.278
1749264007,0.28680000,1546.30000000,0.278
1749264007,0.28690000,929.80000000,0.278
1749264007,0.28700000,2956.80000000,0.278
1749264007,0.28710000,33138.60000000,0.278
1749264007,0.28720000,1327.50000000,0.278
1749264007,0.28730000,890.40000000,0.278
1749264007,0.28740000,1541.10000000,0.278
1749264007,0.28750000,486.60000000,0.278
1749264007,0.28760000,266.30000000,0.278
1749264007,0.28770000,3800.70000000,0.278
1749264007,0.28780000,201.20000000,0.278
1749264007,0.28790000,34195.50000000,0.278
1749264309,0.27810000,211719.70000000,0.278
1749264309,0.27820000,309018.90000000,0.278
1749264309,0.27830000,535426.40000000,0.278
1749264309,0.27840000,885851.80000000,0.278
1749264309,0.27850000,702579.80000000,0.278
1749264309,0.27860000,632548.70000000,0.278
1749264309,0.27870000,591531.30000000,0.278
1749264309,0.27880000,594770.10000000,0.278
1749264309,0.27890000,550898.60000000,0.278
1749264309,0.27900000,698904.10000000,0.278
1749264309,0.27910000,548910.40000000,0.278
1749264309,0.27920000,674808.60000000,0.278
1749264309,0.27930000,467003.90000000,0.278
1749264309,0.27940000,392292.70000000,0.278
1749264309,0.27950000,352542.50000000,0.278
1749264309,0.27960000,205623.70000000,0.278
1749264309,0.27970000,182560.20000000,0.278
1749264309,0.27980000,143767.50000000,0.278
1749264309,0.27990000,433563.60000000,0.278
1749264309,0.28000000,179870.50000000,0.278
1749264309,0.28010000,140101.20000000,0.278
1749264309,0.28020000,18903.10000000,0.278
1749264309,0.28030000,16878.30000000,0.278
1749264309,0.28040000,17113.20000000,0.278
1749264309,0.28050000,19249.00000000,0.278
1749264309,0.28060000,172846.70000000,0.278
1749264309,0.28070000,16141.30000000,0.278
1749264309,0.28080000,113822.80000000,0.278
1749264309,0.28090000,2392.70000000,0.278
1749264309,0.28100000,6189.00000000,0.278
1749264309,0.28110000,4321.60000000,0.278
1749264309,0.28120000,2942.50000000,0.278
1749264309,0.28130000,11416.30000000,0.278
1749264309,0.28140000,12436.40000000,0.278
1749264309,0.28150000,55151.20000000,0.278
1749264309,0.28160000,2213.40000000,0.278
1749264309,0.28170000,29762.40000000,0.278
1749264309,0.28180000,93789.70000000,0.278
1749264309,0.28190000,15029.40000000,0.278
1749264309,0.28200000,495363.60000000,0.278
1749264309,0.28210000,375.00000000,0.278
1749264309,0.28220000,1060.50000000,0.278
1749264309,0.28230000,605.00000000,0.278
1749264309,0.28240000,2128.40000000,0.278
1749264309,0.28250000,3830.60000000,0.278
1749264309,0.28260000,302.70000000,0.278
1749264309,0.28270000,432.90000000,0.278
1749264309,0.28280000,843.80000000,0.278
1749264309,0.28290000,1486.60000000,0.278
1749264309,0.28300000,40493.70000000,0.278
1749264309,0.28310000,503.10000000,0.278
1749264309,0.28320000,1323.20000000,0.278
1749264309,0.28330000,367.90000000,0.278
1749264309,0.28340000,1062.80000000,0.278
1749264309,0.28350000,1829.40000000,0.278
1749264309,0.28360000,3663.80000000,0.278
1749264309,0.28370000,479.50000000,0.278
1749264309,0.28380000,550.40000000,0.278
1749264309,0.28390000,414.00000000,0.278
1749264309,0.28400000,1678.70000000,0.278
1749264309,0.28410000,667.50000000,0.278
1749264309,0.28420000,1428.70000000,0.278
1749264309,0.28430000,905.80000000,0.278
1749264309,0.28440000,27053.90000000,0.278
1749264309,0.28450000,850.60000000,0.278
1749264309,0.28460000,659.60000000,0.278
1749264309,0.28470000,2140.80000000,0.278
1749264309,0.28480000,1181.20000000,0.278
1749264309,0.28490000,232.90000000,0.278
1749264309,0.28500000,195549.30000000,0.278
1749264309,0.28510000,3380.20000000,0.278
1749264309,0.28520000,20488.00000000,0.278
1749264309,0.28530000,262.80000000,0.278
1749264309,0.28540000,780.60000000,0.278
1749264309,0.28550000,1087.90000000,0.278
1749264309,0.28560000,1155.30000000,0.278
1749264309,0.28570000,6627.60000000,0.278
1749264309,0.28580000,1509.30000000,0.278
1749264309,0.28590000,8847.20000000,0.278
1749264309,0.28600000,16331.20000000,0.278
1749264309,0.28610000,432.40000000,0.278
1749264309,0.28620000,6869.30000000,0.278
1749264309,0.28630000,1394.00000000,0.278
1749264309,0.28640000,3060.50000000,0.278
1749264309,0.28650000,5873.60000000,0.278
1749264309,0.28660000,5355.60000000,0.278
1749264309,0.28670000,2028.40000000,0.278
1749264309,0.28680000,1546.30000000,0.278
1749264309,0.28690000,929.80000000,0.278
1749264309,0.28700000,2956.80000000,0.278
1749264309,0.28710000,33138.60000000,0.278
1749264309,0.28720000,1327.50000000,0.278
1749264309,0.28730000,890.40000000,0.278
1749264309,0.28740000,1541.10000000,0.278
1749264309,0.28750000,486.60000000,0.278
1749264309,0.28760000,266.30000000,0.278
1749264309,0.28770000,3800.70000000,0.278
1749264309,0.28780000,201.20000000,0.278
1749264309,0.28790000,34195.50000000,0.278
1749264309,0.28800000,167592.70000000,0.278
1749264610,0.27810000,228397.70000000,0.2781
1749264610,0.27820000,279305.80000000,0.2781
1749264610,0.27830000,528054.20000000,0.2781
1749264610,0.27840000,910860.50000000,0.2781
1749264610,0.27850000,634811.50000000,0.2781
1749264610,0.27860000,616802.90000000,0.2781
1749264610,0.27870000,592535.40000000,0.2781
1749264610,0.27880000,582979.70000000,0.2781
1749264610,0.27890000,550898.60000000,0.2781
1749264610,0.27900000,774992.10000000,0.2781
1749264610,0.27910000,513100.20000000,0.2781
1749264610,0.27920000,634557.10000000,0.2781
1749264610,0.27930000,502786.30000000,0.2781
1749264610,0.27940000,356522.10000000,0.2781
1749264610,0.27950000,352542.50000000,0.2781
1749264610,0.27960000,241370.30000000,0.2781
1749264610,0.27970000,146825.30000000,0.2781
1749264610,0.27980000,143767.50000000,0.2781
1749264610,0.27990000,433563.60000000,0.2781
1749264610,0.28000000,179870.50000000,0.2781
1749264610,0.28010000,140101.20000000,0.2781
1749264610,0.28020000,18903.10000000,0.2781
1749264610,0.28030000,16878.30000000,0.2781
1749264610,0.28040000,17113.20000000,0.2781
1749264610,0.28050000,69580.30000000,0.2781
1749264610,0.28060000,122522.40000000,0.2781
1749264610,0.28070000,16206.00000000,0.2781
1749264610,0.28080000,113822.80000000,0.2781
1749264610,0.28090000,2392.70000000,0.2781
1749264610,0.28100000,6189.00000000,0.2781
1749264610,0.28110000,4321.60000000,0.2781
1749264610,0.28120000,2942.50000000,0.2781
1749264610,0.28130000,11416.30000000,0.2781
1749264610,0.28140000,12436.40000000,0.2781
1749264610,0.28150000,55151.20000000,0.2781
1749264610,0.28160000,2213.40000000,0.2781
1749264610,0.28170000,29762.40000000,0.2781
1749264610,0.28180000,93789.70000000,0.2781
1749264610,0.28190000,15029.40000000,0.2781
1749264610,0.28200000,495363.60000000,0.2781
1749264610,0.28210000,375.00000000,0.2781
1749264610,0.28220000,1060.50000000,0.2781
1749264610,0.28230000,605.00000000,0.2781
1749264610,0.28240000,2128.40000000,0.2781
1749264610,0.28250000,3830.60000000,0.2781
1749264610,0.28260000,302.70000000,0.2781
1749264610,0.28270000,432.90000000,0.2781
1749264610,0.28280000,843.80000000,0.2781
1749264610,0.28290000,1486.60000000,0.2781
1749264610,0.28300000,40493.70000000,0.2781
1749264610,0.28310000,503.10000000,0.2781
1749264610,0.28320000,1323.20000000,0.2781
1749264610,0.28330000,367.90000000,0.2781
1749264610,0.28340000,1062.80000000,0.2781
1749264610,0.28350000,1829.40000000,0.2781
1749264610,0.28360000,3663.80000000,0.2781
1749264610,0.28370000,479.50000000,0.2781
1749264610,0.28380000,550.40000000,0.2781
1749264610,0.28390000,414.00000000,0.2781
1749264610,0.28400000,1678.70000000,0.2781
1749264610,0.28410000,667.50000000,0.2781
1749264610,0.28420000,1428.70000000,0.2781
1749264610,0.28430000,905.80000000,0.2781
1749264610,0.28440000,27053.90000000,0.2781
1749264610,0.28450000,850.60000000,0.2781
1749264610,0.28460000,659.60000000,0.2781
1749264610,0.28470000,2140.80000000,0.2781
1749264610,0.28480000,1181.20000000,0.2781
1749264610,0.28490000,232.90000000,0.2781
1749264610,0.28500000,195549.30000000,0.2781
1749264610,0.28510000,3380.20000000,0.2781
1749264610,0.28520000,20488.00000000,0.2781
1749264610,0.28530000,262.80000000,0.2781
1749264610,0.28540000,780.60000000,0.2781
1749264610,0.28550000,1087.90000000,0.2781
1749264610,0.28560000,1155.30000000,0.2781
1749264610,0.28570000,6627.60000000,0.2781
1749264610,0.28580000,1509.30000000,0.2781
1749264610,0.28590000,8847.20000000,0.2781
1749264610,0.28600000,16331.20000000,0.2781
1749264610,0.28610000,432.40000000,0.2781
1749264610,0.28620000,6869.30000000,0.2781
1749264610,0.28630000,1394.00000000,0.2781
1749264610,0.28640000,3060.50000000,0.2781
1749264610,0.28650000,5873.60000000,0.2781
1749264610,0.28660000,5355.60000000,0.2781
1749264610,0.28670000,2028.40000000,0.2781
1749264610,0.28680000,1546.30000000,0.2781
1749264610,0.28690000,929.80000000,0.2781
1749264610,0.28700000,2956.80000000,0.2781
1749264610,0.28710000,33138.60000000,0.2781
1749264610,0.28720000,1327.50000000,0.2781
1749264610,0.28730000,890.40000000,0.2781
1749264610,0.28740000,1541.10000000,0.2781
1749264610,0.28750000,486.60000000,0.2781
1749264610,0.28760000,266.30000000,0.2781
1749264610,0.28770000,3800.70000000,0.2781
1749264610,0.28780000,201.20000000,0.2781
1749264610,0.28790000,34195.50000000,0.2781
1749264610,0.28800000,167592.70000000,0.2781
1749264912,0.27810000,202250.30000000,0.2781
1749264912,0.27820000,311055.60000000,0.2781
1749264912,0.27830000,673064.00000000,0.2781
1749264912,0.27840000,661479.40000000,0.2781
1749264912,0.27850000,687937.20000000,0.2781
1749264912,0.27860000,633738.00000000,0.2781
1749264912,0.27870000,639178.80000000,0.2781
1749264912,0.27880000,543389.00000000,0.2781
1749264912,0.27890000,550898.60000000,0.2781
1749264912,0.27900000,739171.90000000,0.2781
1749264912,0.27910000,519127.00000000,0.2781
1749264912,0.27920000,670354.10000000,0.2781
1749264912,0.27930000,756371.90000000,0.2781
1749264912,0.27940000,356522.10000000,0.2781
1749264912,0.27950000,377316.80000000,0.2781
1749264912,0.27960000,205623.70000000,0.2781
1749264912,0.27970000,182556.70000000,0.2781
1749264912,0.27980000,143767.50000000,0.2781
1749264912,0.27990000,145842.60000000,0.2781
1749264912,0.28000000,179870.50000000,0.2781
1749264912,0.28010000,140101.20000000,0.2781
1749264912,0.28020000,18903.10000000,0.2781
1749264912,0.28030000,16878.30000000,0.2781
1749264912,0.28040000,17113.20000000,0.2781
1749264912,0.28050000,69583.20000000,0.2781
1749264912,0.28060000,121220.00000000,0.2781
1749264912,0.28070000,16206.00000000,0.2781
1749264912,0.28080000,113822.80000000,0.2781
1749264912,0.28090000,2392.70000000,0.2781
1749264912,0.28100000,6189.00000000,0.2781
1749264912,0.28110000,4321.60000000,0.2781
1749264912,0.28120000,2942.50000000,0.2781
1749264912,0.28130000,11416.30000000,0.2781
1749264912,0.28140000,12436.40000000,0.2781
1749264912,0.28150000,55151.20000000,0.2781
1749264912,0.28160000,2213.40000000,0.2781
1749264912,0.28170000,29762.40000000,0.2781
1749264912,0.28180000,93789.70000000,0.2781
1749264912,0.28190000,15029.40000000,0.2781
1749264912,0.28200000,495363.60000000,0.2781
1749264912,0.28210000,375.00000000,0.2781
1749264912,0.28220000,1060.50000000,0.2781
1749264912,0.28230000,605.00000000,0.2781
1749264912,0.28240000,2128.40000000,0.2781
1749264912,0.28250000,3830.60000000,0.2781
1749264912,0.28260000,302.70000000,0.2781
1749264912,0.28270000,432.90000000,0.2781
1749264912,0.28280000,843.80000000,0.2781
1749264912,0.28290000,1486.60000000,0.2781
1749264912,0.28300000,40493.70000000,0.2781
1749264912,0.28310000,503.10000000,0.2781
1749264912,0.28320000,1323.20000000,0.2781
1749264912,0.28330000,367.90000000,0.2781
1749264912,0.28340000,1062.80000000,0.2781
1749264912,0.28350000,1829.40000000,0.2781
1749264912,0.28360000,3663.80000000,0.2781
1749264912,0.28370000,479.50000000,0.2781
1749264912,0.28380000,550.40000000,0.2781
1749264912,0.28390000,414.00000000,0.2781
1749264912,0.28400000,1678.70000000,0.2781
1749264912,0.28410000,667.50000000,0.2781
1749264912,0.28420000,1428.70000000,0.2781
1749264912,0.28430000,905.80000000,0.2781
1749264912,0.28440000,27053.90000000,0.2781
1749264912,0.28450000,850.60000000,0.2781
1749264912,0.28460000,659.60000000,0.2781
1749264912,0.28470000,2140.80000000,0.2781
1749264912,0.28480000,1181.20000000,0.2781
1749264912,0.28490000,232.90000000,0.2781
1749264912,0.28500000,195200.10000000,0.2781
1749264912,0.28510000,3380.20000000,0.2781
1749264912,0.28520000,20488.00000000,0.2781
1749264912,0.28530000,262.80000000,0.2781
1749264912,0.28540000,780.60000000,0.2781
1749264912,0.28550000,1087.90000000,0.2781
1749264912,0.28560000,1155.30000000,0.2781
1749264912,0.28570000,6627.60000000,0.2781
1749264912,0.28580000,1509.30000000,0.2781
1749264912,0.28590000,8847.20000000,0.2781
1749264912,0.28600000,16331.20000000,0.2781
1749264912,0.28610000,400.90000000,0.2781
1749264912,0.28620000,6869.30000000,0.2781
1749264912,0.28630000,1394.00000000,0.2781
1749264912,0.28640000,3060.50000000,0.2781
1749264912,0.28650000,5873.60000000,0.2781
1749264912,0.28660000,5355.60000000,0.2781
1749264912,0.28670000,2028.40000000,0.2781
1749264912,0.28680000,1546.30000000,0.2781
1749264912,0.28690000,929.80000000,0.2781
1749264912,0.28700000,2956.80000000,0.2781
1749264912,0.28710000,33138.60000000,0.2781
1749264912,0.28720000,1327.50000000,0.2781
1749264912,0.28730000,890.40000000,0.2781
1749264912,0.28740000,1541.10000000,0.2781
1749264912,0.28750000,536.60000000,0.2781
1749264912,0.28760000,266.30000000,0.2781
1749264912,0.28770000,3800.70000000,0.2781
1749264912,0.28780000,201.20000000,0.2781
1749264912,0.28790000,34195.50000000,0.2781
1749264912,0.28800000,167592.70000000,0.2781
1749265219,0.27820000,141371.50000000,0.2782
1749265219,0.27830000,665019.00000000,0.2782
1749265219,0.27840000,731880.30000000,0.2782
1749265219,0.27850000,802481.60000000,0.2782
1749265219,0.27860000,698096.20000000,0.2782
1749265219,0.27870000,668869.50000000,0.2782
1749265219,0.27880000,551993.40000000,0.2782
1749265219,0.27890000,578837.20000000,0.2782
1749265219,0.27900000,698904.10000000,0.2782
1749265219,0.27910000,548906.70000000,0.2782
1749265219,0.27920000,674818.60000000,0.2782
1749265219,0.27930000,649571.60000000,0.2782
1749265219,0.27940000,499046.80000000,0.2782
1749265219,0.27950000,341555.50000000,0.2782
1749265219,0.27960000,205623.70000000,0.2782
1749265219,0.27970000,182555.80000000,0.2782
1749265219,0.27980000,143767.50000000,0.2782
1749265219,0.27990000,145842.60000000,0.2782
1749265219,0.28000000,182319.10000000,0.2782
1749265219,0.28010000,140101.20000000,0.2782
1749265219,0.28020000,18903.10000000,0.2782
1749265219,0.28030000,16878.30000000,0.2782
1749265219,0.28040000,17113.20000000,0.2782
1749265219,0.28050000,19249.00000000,0.2782
1749265219,0.28060000,67394.30000000,0.2782
1749265219,0.28070000,122732.80000000,0.2782
1749265219,0.28080000,113822.80000000,0.2782
1749265219,0.28090000,2392.70000000,0.2782
1749265219,0.28100000,6189.00000000,0.2782
1749265219,0.28110000,4321.60000000,0.2782
1749265219,0.28120000,2942.50000000,0.2782
1749265219,0.28130000,11416.30000000,0.2782
1749265219,0.28140000,12436.40000000,0.2782
1749265219,0.28150000,55151.20000000,0.2782
1749265219,0.28160000,2213.40000000,0.2782
1749265219,0.28170000,29762.40000000,0.2782
1749265219,0.28180000,93789.70000000,0.2782
1749265219,0.28190000,15029.40000000,0.2782
1749265219,0.28200000,495363.60000000,0.2782
1749265219,0.28210000,375.00000000,0.2782
1749265219,0.28220000,1060.50000000,0.2782
1749265219,0.28230000,605.00000000,0.2782
1749265219,0.28240000,2128.40000000,0.2782
1749265219,0.28250000,3830.60000000,0.2782
1749265219,0.28260000,302.70000000,0.2782
1749265219,0.28270000,432.90000000,0.2782
1749265219,0.28280000,843.80000000,0.2782
1749265219,0.28290000,1486.60000000,0.2782
1749265219,0.28300000,40493.70000000,0.2782
1749265219,0.28310000,503.10000000,0.2782
1749265219,0.28320000,1323.20000000,0.2782
1749265219,0.28330000,367.90000000,0.2782
1749265219,0.28340000,1062.80000000,0.2782
1749265219,0.28350000,1829.40000000,0.2782
1749265219,0.28360000,3663.80000000,0.2782
1749265219,0.28370000,479.50000000,0.2782
1749265219,0.28380000,550.40000000,0.2782
1749265219,0.28390000,414.00000000,0.2782
1749265219,0.28400000,1678.70000000,0.2782
1749265219,0.28410000,667.50000000,0.2782
1749265219,0.28420000,1428.70000000,0.2782
1749265219,0.28430000,905.80000000,0.2782
1749265219,0.28440000,27053.90000000,0.2782
1749265219,0.28450000,850.60000000,0.2782
1749265219,0.28460000,659.60000000,0.2782
1749265219,0.28470000,2140.80000000,0.2782
1749265219,0.28480000,1181.20000000,0.2782
1749265219,0.28490000,232.90000000,0.2782
1749265219,0.28500000,195200.10000000,0.2782
1749265219,0.28510000,3380.20000000,0.2782
1749265219,0.28520000,20488.00000000,0.2782
1749265219,0.28530000,262.80000000,0.2782
1749265219,0.28540000,780.60000000,0.2782
1749265219,0.28550000,1087.90000000,0.2782
1749265219,0.28560000,1155.30000000,0.2782
1749265219,0.28570000,6627.60000000,0.2782
1749265219,0.28580000,1509.30000000,0.2782
1749265219,0.28590000,8847.20000000,0.2782
1749265219,0.28600000,16331.20000000,0.2782
1749265219,0.28610000,400.90000000,0.2782
1749265219,0.28620000,6869.30000000,0.2782
1749265219,0.28630000,1394.00000000,0.2782
1749265219,0.28640000,3060.50000000,0.2782
1749265219,0.28650000,5873.60000000,0.2782
1749265219,0.28660000,5355.60000000,0.2782
1749265219,0.28670000,2028.40000000,0.2782
1749265219,0.28680000,1546.30000000,0.2782
1749265219,0.28690000,929.80000000,0.2782
1749265219,0.28700000,2956.80000000,0.2782
1749265219,0.28710000,33138.60000000,0.2782
1749265219,0.28720000,1327.50000000,0.2782
1749265219,0.28730000,890.40000000,0.2782
1749265219,0.28740000,1541.10000000,0.2782
1749265219,0.28750000,536.60000000,0.2782
1749265219,0.28760000,266.30000000,0.2782
1749265219,0.28770000,3800.70000000,0.2782
1749265219,0.28780000,201.20000000,0.2782
1749265219,0.28790000,34195.50000000,0.2782
1749265219,0.28800000,167592.70000000,0.2782
1749265219,0.28810000,569.80000000,0.2782
1749265520,0.27810000,92623.90000000,0.2781
1749265520,0.27820000,548376.70000000,0.2781
1749265520,0.27830000,841161.80000000,0.2781
1749265520,0.27840000,750741.70000000,0.2781
1749265520,0.27850000,718218.70000000,0.2781
1749265520,0.27860000,652950.30000000,0.2781
1749265520,0.27870000,589551.10000000,0.2781
1749265520,0.27880000,601687.10000000,0.2781
1749265520,0.27890000,550898.60000000,0.2781
1749265520,0.27900000,598604.60000000,0.2781
1749265520,0.27910000,589171.90000000,0.2781
1749265520,0.27920000,500767.10000000,0.2781
1749265520,0.27930000,754422.10000000,0.2781
1749265520,0.27940000,392296.10000000,0.2781
1749265520,0.27950000,342277.50000000,0.2781
1749265520,0.27960000,205623.70000000,0.2781
1749265520,0.27970000,182563.60000000,0.2781
1749265520,0.27980000,143767.50000000,0.2781
1749265520,0.27990000,145842.60000000,0.2781
1749265520,0.28000000,182319.10000000,0.2781
1749265520,0.28010000,140101.20000000,0.2781
1749265520,0.28020000,18903.10000000,0.2781
1749265520,0.28030000,16878.30000000,0.2781
1749265520,0.28040000,17113.20000000,0.2781
1749265520,0.28050000,69569.30000000,0.2781
1749265520,0.28060000,123990.50000000,0.2781
1749265520,0.28070000,16206.00000000,0.2781
1749265520,0.28080000,127772.80000000,0.2781
1749265520,0.28090000,2392.70000000,0.2781
1749265520,0.28100000,6189.00000000,0.2781
1749265520,0.28110000,4321.60000000,0.2781
1749265520,0.28120000,2960.30000000,0.2781
1749265520,0.28130000,11416.30000000,0.2781
1749265520,0.28140000,12436.40000000,0.2781
1749265520,0.28150000,55151.20000000,0.2781
1749265520,0.28160000,2213.40000000,0.2781
1749265520,0.28170000,29762.40000000,0.2781
1749265520,0.28180000,93789.70000000,0.2781
1749265520,0.28190000,15029.40000000,0.2781
1749265520,0.28200000,495363.60000000,0.2781
1749265520,0.28210000,375.00000000,0.2781
1749265520,0.28220000,1060.50000000,0.2781
1749265520,0.28230000,605.00000000,0.2781
1749265520,0.28240000,2128.40000000,0.2781
1749265520,0.28250000,3830.60000000,0.2781
1749265520,0.28260000,302.70000000,0.2781
1749265520,0.28270000,432.90000000,0.2781
1749265520,0.28280000,843.80000000,0.2781
1749265520,0.28290000,1486.60000000,0.2781
1749265520,0.28300000,40493.70000000,0.2781
1749265520,0.28310000,503.10000000,0.2781
1749265520,0.28320000,1323.20000000,0.2781
1749265520,0.28330000,367.90000000,0.2781
1749265520,0.28340000,1062.80000000,0.2781
1749265520,0.28350000,1829.40000000,0.2781
1749265520,0.28360000,3663.80000000,0.2781
1749265520,0.28370000,479.50000000,0.2781
1749265520,0.28380000,550.40000000,0.2781
1749265520,0.28390000,414.00000000,0.2781
1749265520,0.28400000,1678.70000000,0.2781
1749265520,0.28410000,667.50000000,0.2781
1749265520,0.28420000,1428.70000000,0.2781
1749265520,0.28430000,905.80000000,0.2781
1749265520,0.28440000,27053.90000000,0.2781
1749265520,0.28450000,850.60000000,0.2781
1749265520,0.28460000,18611.10000000,0.2781
1749265520,0.28470000,2140.80000000,0.2781
1749265520,0.28480000,1181.20000000,0.2781
1749265520,0.28490000,232.90000000,0.2781
1749265520,0.28500000,195200.10000000,0.2781
1749265520,0.28510000,3380.20000000,0.2781
1749265520,0.28520000,20488.00000000,0.2781
1749265520,0.28530000,262.80000000,0.2781
1749265520,0.28540000,780.60000000,0.2781
1749265520,0.28550000,1087.90000000,0.2781
1749265520,0.28560000,1155.30000000,0.2781
1749265520,0.28570000,6627.60000000,0.2781
1749265520,0.28580000,1509.30000000,0.2781
1749265520,0.28590000,8847.20000000,0.2781
1749265520,0.28600000,16331.20000000,0.2781
1749265520,0.28610000,400.90000000,0.2781
1749265520,0.28620000,6869.30000000,0.2781
1749265520,0.28630000,1394.00000000,0.2781
1749265520,0.28640000,3060.50000000,0.2781
1749265520,0.28650000,5873.60000000,0.2781
1749265520,0.28660000,5355.60000000,0.2781
1749265520,0.28670000,2028.40000000,0.2781
1749265520,0.28680000,1546.30000000,0.2781
1749265520,0.28690000,929.80000000,0.2781
1749265520,0.28700000,2956.80000000,0.2781
1749265520,0.28710000,33138.60000000,0.2781
1749265520,0.28720000,1327.50000000,0.2781
1749265520,0.28730000,890.40000000,0.2781
1749265520,0.28740000,1541.10000000,0.2781
1749265520,0.28750000,536.60000000,0.2781
1749265520,0.28760000,266.30000000,0.2781
1749265520,0.28770000,3800.70000000,0.2781
1749265520,0.28780000,201.20000000,0.2781
1749265520,0.28790000,34195.50000000,0.2781
1749265520,0.28800000,167592.70000000,0.2781
1749265822,0.27820000,24505.30000000,0.2782
1749265822,0.27830000,664614.60000000,0.2782
1749265822,0.27840000,816926.00000000,0.2782
1749265822,0.27850000,733095.10000000,0.2782
1749265822,0.27860000,700171.70000000,0.2782
1749265822,0.27870000,673331.40000000,0.2782
1749265822,0.27880000,605172.60000000,0.2782
1749265822,0.27890000,579083.70000000,0.2782
1749265822,0.27900000,698904.30000000,0.2782
1749265822,0.27910000,505927.50000000,0.2782
1749265822,0.27920000,548598.40000000,0.2782
1749265822,0.27930000,685427.70000000,0.2782
1749265822,0.27940000,459919.30000000,0.2782
1749265822,0.27950000,342277.50000000,0.2782
1749265822,0.27960000,194071.80000000,0.2782
1749265822,0.27970000,147547.30000000,0.2782
1749265822,0.27980000,179486.90000000,0.2782
1749265822,0.27990000,193308.40000000,0.2782
1749265822,0.28000000,182319.10000000,0.2782
1749265822,0.28010000,140101.20000000,0.2782
1749265822,0.28020000,18903.10000000,0.2782
1749265822,0.28030000,16878.30000000,0.2782
1749265822,0.28040000,17113.20000000,0.2782
1749265822,0.28050000,19249.00000000,0.2782
1749265822,0.28060000,67380.70000000,0.2782
1749265822,0.28070000,121022.20000000,0.2782
1749265822,0.28080000,127794.20000000,0.2782
1749265822,0.28090000,2392.70000000,0.2782
1749265822,0.28100000,6189.00000000,0.2782
1749265822,0.28110000,4321.60000000,0.2782
1749265822,0.28120000,2960.30000000,0.2782
1749265822,0.28130000,11416.30000000,0.2782
1749265822,0.28140000,12436.40000000,0.2782
1749265822,0.28150000,55151.20000000,0.2782
1749265822,0.28160000,2213.40000000,0.2782
1749265822,0.28170000,29762.40000000,0.2782
1749265822,0.28180000,93789.70000000,0.2782
1749265822,0.28190000,32980.90000000,0.2782
1749265822,0.28200000,495363.60000000,0.2782
1749265822,0.28210000,375.00000000,0.2782
1749265822,0.28220000,1060.50000000,0.2782
1749265822,0.28230000,605.00000000,0.2782
1749265822,0.28240000,2128.40000000,0.2782
1749265822,0.28250000,3830.60000000,0.2782
1749265822,0.28260000,302.70000000,0.2782
1749265822,0.28270000,432.90000000,0.2782
1749265822,0.28280000,843.80000000,0.2782
1749265822,0.28290000,1486.60000000,0.2782
1749265822,0.28300000,40493.70000000,0.2782
1749265822,0.28310000,503.10000000,0.2782
1749265822,0.28320000,1323.20000000,0.2782
1749265822,0.28330000,367.90000000,0.2782
1749265822,0.28340000,1062.80000000,0.2782
1749265822,0.28350000,1829.40000000,0.2782
1749265822,0.28360000,3663.80000000,0.2782
1749265822,0.28370000,479.50000000,0.2782
1749265822,0.28380000,550.40000000,0.2782
1749265822,0.28390000,414.00000000,0.2782
1749265822,0.28400000,1678.70000000,0.2782
1749265822,0.28410000,667.50000000,0.2782
1749265822,0.28420000,1428.70000000,0.2782
1749265822,0.28430000,905.80000000,0.2782
1749265822,0.28440000,27053.90000000,0.2782
1749265822,0.28450000,850.60000000,0.2782
1749265822,0.28460000,659.60000000,0.2782
1749265822,0.28470000,2140.80000000,0.2782
1749265822,0.28480000,1181.20000000,0.2782
1749265822,0.28490000,232.90000000,0.2782
1749265822,0.28500000,195200.10000000,0.2782
1749265822,0.28510000,3380.20000000,0.2782
1749265822,0.28520000,20488.00000000,0.2782
1749265822,0.28530000,262.80000000,0.2782
1749265822,0.28540000,780.60000000,0.2782
1749265822,0.28550000,1087.90000000,0.2782
1749265822,0.28560000,1155.30000000,0.2782
1749265822,0.28570000,6627.60000000,0.2782
1749265822,0.28580000,1509.30000000,0.2782
1749265822,0.28590000,8847.20000000,0.2782
1749265822,0.28600000,16331.20000000,0.2782
1749265822,0.28610000,400.90000000,0.2782
1749265822,0.28620000,6869.30000000,0.2782
1749265822,0.28630000,1421.90000000,0.2782
1749265822,0.28640000,3060.50000000,0.2782
1749265822,0.28650000,5873.60000000,0.2782
1749265822,0.28660000,5355.60000000,0.2782
1749265822,0.28670000,2028.40000000,0.2782
1749265822,0.28680000,1546.30000000,0.2782
1749265822,0.28690000,929.80000000,0.2782
1749265822,0.28700000,2956.80000000,0.2782
1749265822,0.28710000,33138.60000000,0.2782
1749265822,0.28720000,1327.50000000,0.2782
1749265822,0.28730000,890.40000000,0.2782
1749265822,0.28740000,1541.10000000,0.2782
1749265822,0.28750000,536.60000000,0.2782
1749265822,0.28760000,266.30000000,0.2782
1749265822,0.28770000,3800.70000000,0.2782
1749265822,0.28780000,201.20000000,0.2782
1749265822,0.28790000,34195.50000000,0.2782
1749265822,0.28800000,167592.70000000,0.2782
1749265822,0.28810000,569.80000000,0.2782
1749266124,0.27820000,169418.30000000,0.2781
1749266124,0.27830000,369686.30000000,0.2781
1749266124,0.27840000,957446.90000000,0.2781
1749266124,0.27850000,762024.50000000,0.2781
1749266124,0.27860000,698431.40000000,0.2781
1749266124,0.27870000,590887.40000000,0.2781
1749266124,0.27880000,591864.20000000,0.2781
1749266124,0.27890000,632807.10000000,0.2781
1749266124,0.27900000,698904.00000000,0.2781
1749266124,0.27910000,589146.00000000,0.2781
1749266124,0.27920000,508874.50000000,0.2781
1749266124,0.27930000,649668.10000000,0.2781
1749266124,0.27940000,496310.70000000,0.2781
1749266124,0.27950000,342277.50000000,0.2781
1749266124,0.27960000,158328.70000000,0.2781
1749266124,0.27970000,183278.90000000,0.2781
1749266124,0.27980000,143767.50000000,0.2781
1749266124,0.27990000,193308.40000000,0.2781
1749266124,0.28000000,182319.10000000,0.2781
1749266124,0.28010000,140101.20000000,0.2781
1749266124,0.28020000,18903.10000000,0.2781
1749266124,0.28030000,16878.30000000,0.2781
1749266124,0.28040000,17113.20000000,0.2781
1749266124,0.28050000,19249.00000000,0.2781
1749266124,0.28060000,67370.70000000,0.2781
1749266124,0.28070000,120435.80000000,0.2781
1749266124,0.28080000,127794.20000000,0.2781
1749266124,0.28090000,16342.70000000,0.2781
1749266124,0.28100000,6189.00000000,0.2781
1749266124,0.28110000,4321.60000000,0.2781
1749266124,0.28120000,2960.30000000,0.2781
1749266124,0.28130000,11416.30000000,0.2781
1749266124,0.28140000,12436.40000000,0.2781
1749266124,0.28150000,55151.20000000,0.2781
1749266124,0.28160000,2213.40000000,0.2781
1749266124,0.28170000,29762.40000000,0.2781
1749266124,0.28180000,93789.70000000,0.2781
1749266124,0.28190000,15029.40000000,0.2781
1749266124,0.28200000,495363.60000000,0.2781
1749266124,0.28210000,375.00000000,0.2781
1749266124,0.28220000,1060.50000000,0.2781
1749266124,0.28230000,605.00000000,0.2781
1749266124,0.28240000,2128.40000000,0.2781
1749266124,0.28250000,3830.60000000,0.2781
1749266124,0.28260000,302.70000000,0.2781
1749266124,0.28270000,432.90000000,0.2781
1749266124,0.28280000,843.80000000,0.2781
1749266124,0.28290000,1486.60000000,0.2781
1749266124,0.28300000,40493.70000000,0.2781
1749266124,0.28310000,503.10000000,0.2781
1749266124,0.28320000,1323.20000000,0.2781
1749266124,0.28330000,367.90000000,0.2781
1749266124,0.28340000,1062.80000000,0.2781
1749266124,0.28350000,1829.40000000,0.2781
1749266124,0.28360000,3663.80000000,0.2781
1749266124,0.28370000,479.50000000,0.2781
1749266124,0.28380000,550.40000000,0.2781
1749266124,0.28390000,414.00000000,0.2781
1749266124,0.28400000,1678.70000000,0.2781
1749266124,0.28410000,667.50000000,0.2781
1749266124,0.28420000,1428.70000000,0.2781
1749266124,0.28430000,905.80000000,0.2781
1749266124,0.28440000,27053.90000000,0.2781
1749266124,0.28450000,850.60000000,0.2781
1749266124,0.28460000,18611.10000000,0.2781
1749266124,0.28470000,2140.80000000,0.2781
1749266124,0.28480000,1181.20000000,0.2781
1749266124,0.28490000,232.90000000,0.2781
1749266124,0.28500000,195200.10000000,0.2781
1749266124,0.28510000,3380.20000000,0.2781
1749266124,0.28520000,20488.00000000,0.2781
1749266124,0.28530000,262.80000000,0.2781
1749266124,0.28540000,780.60000000,0.2781
1749266124,0.28550000,1087.90000000,0.2781
1749266124,0.28560000,1155.30000000,0.2781
1749266124,0.28570000,6627.60000000,0.2781
1749266124,0.28580000,1509.30000000,0.2781
1749266124,0.28590000,8847.20000000,0.2781
1749266124,0.28600000,16331.20000000,0.2781
1749266124,0.28610000,400.90000000,0.2781
1749266124,0.28620000,6869.30000000,0.2781
1749266124,0.28630000,1421.90000000,0.2781
1749266124,0.28640000,3060.50000000,0.2781
1749266124,0.28650000,5873.60000000,0.2781
1749266124,0.28660000,5355.60000000,0.2781
1749266124,0.28670000,2028.40000000,0.2781
1749266124,0.28680000,1546.30000000,0.2781
1749266124,0.28690000,929.80000000,0.2781
1749266124,0.28700000,2956.80000000,0.2781
1749266124,0.28710000,33138.60000000,0.2781
1749266124,0.28720000,1327.50000000,0.2781
1749266124,0.28730000,890.40000000,0.2781
1749266124,0.28740000,1541.10000000,0.2781
1749266124,0.28750000,536.60000000,0.2781
1749266124,0.28760000,266.30000000,0.2781
1749266124,0.28770000,3800.70000000,0.2781
1749266124,0.28780000,201.20000000,0.2781
1749266124,0.28790000,34195.50000000,0.2781
1749266124,0.28800000,167592.70000000,0.2781
1749266124,0.28810000,569.80000000,0.2781
1749266425,0.27800000,216527.00000000,0.278
1749266425,0.27810000,145559.20000000,0.278
1749266425,0.27820000,292698.10000000,0.278
1749266425,0.27830000,681825.90000000,0.278
1749266425,0.27840000,975520.70000000,0.278
1749266425,0.27850000,677548.30000000,0.278
1749266425,0.27860000,635119.30000000,0.278
1749266425,0.27870000,545224.20000000,0.278
1749266425,0.27880000,526745.00000000,0.278
1749266425,0.27890000,602307.70000000,0.278
1749266425,0.27900000,705141.50000000,0.278
1749266425,0.27910000,503870.00000000,0.278
1749266425,0.27920000,645613.10000000,0.278
1749266425,0.27930000,638362.00000000,0.278
1749266425,0.27940000,358057.10000000,0.278
1749266425,0.27950000,378038.20000000,0.278
1749266425,0.27960000,205962.90000000,0.278
1749266425,0.27970000,147547.30000000,0.278
1749266425,0.27980000,143767.50000000,0.278
1749266425,0.27990000,145842.60000000,0.278
1749266425,0.28000000,182319.10000000,0.278
1749266425,0.28010000,140101.20000000,0.278
1749266425,0.28020000,18903.10000000,0.278
1749266425,0.28030000,16878.30000000,0.278
1749266425,0.28040000,67436.60000000,0.278
1749266425,0.28050000,121886.90000000,0.278
1749266425,0.28060000,17080.80000000,0.278
1749266425,0.28070000,16206.00000000,0.278
1749266425,0.28080000,125816.90000000,0.278
1749266425,0.28090000,2392.70000000,0.278
1749266425,0.28100000,6189.00000000,0.278
1749266425,0.28110000,4321.60000000,0.278
1749266425,0.28120000,2942.50000000,0.278
1749266425,0.28130000,11416.30000000,0.278
1749266425,0.28140000,12436.40000000,0.278
1749266425,0.28150000,55151.20000000,0.278
1749266425,0.28160000,2213.40000000,0.278
1749266425,0.28170000,29762.40000000,0.278
1749266425,0.28180000,93789.70000000,0.278
1749266425,0.28190000,15029.40000000,0.278
1749266425,0.28200000,495363.60000000,0.278
1749266425,0.28210000,375.00000000,0.278
1749266425,0.28220000,1060.50000000,0.278
1749266425,0.28230000,605.00000000,0.278
1749266425,0.28240000,2128.40000000,0.278
1749266425,0.28250000,3830.60000000,0.278
1749266425,0.28260000,302.70000000,0.278
1749266425,0.28270000,432.90000000,0.278
1749266425,0.28280000,843.80000000,0.278
1749266425,0.28290000,1486.60000000,0.278
1749266425,0.28300000,40493.70000000,0.278
1749266425,0.28310000,503.10000000,0.278
1749266425,0.28320000,1323.20000000,0.278
1749266425,0.28330000,367.90000000,0.278
1749266425,0.28340000,1062.80000000,0.278
1749266425,0.28350000,1829.40000000,0.278
1749266425,0.28360000,3663.80000000,0.278
1749266425,0.28370000,479.50000000,0.278
1749266425,0.28380000,550.40000000,0.278
1749266425,0.28390000,414.00000000,0.278
1749266425,0.28400000,1678.70000000,0.278
1749266425,0.28410000,667.50000000,0.278
1749266425,0.28420000,1428.70000000,0.278
1749266425,0.28430000,905.80000000,0.278
1749266425,0.28440000,27053.90000000,0.278
1749266425,0.28450000,850.60000000,0.278
1749266425,0.28460000,18611.10000000,0.278
1749266425,0.28470000,2140.80000000,0.278
1749266425,0.28480000,1181.20000000,0.278
1749266425,0.28490000,232.90000000,0.278
1749266425,0.28500000,195200.10000000,0.278
1749266425,0.28510000,3380.20000000,0.278
1749266425,0.28520000,20488.00000000,0.278
1749266425,0.28530000,262.80000000,0.278
1749266425,0.28540000,780.60000000,0.278
1749266425,0.28550000,1087.90000000,0.278
1749266425,0.28560000,1155.30000000,0.278
1749266425,0.28570000,6627.60000000,0.278
1749266425,0.28580000,1509.30000000,0.278
1749266425,0.28590000,8847.20000000,0.278
1749266425,0.28600000,16331.20000000,0.278
1749266425,0.28610000,400.90000000,0.278
1749266425,0.28620000,6869.30000000,0.278
1749266425,0.28630000,1421.90000000,0.278
1749266425,0.28640000,3060.50000000,0.278
1749266425,0.28650000,5873.60000000,0.278
1749266425,0.28660000,5355.60000000,0.278
1749266425,0.28670000,2028.40000000,0.278
1749266425,0.28680000,1546.30000000,0.278
1749266425,0.28690000,929.80000000,0.278
1749266425,0.28700000,2956.80000000,0.278
1749266425,0.28710000,33138.60000000,0.278
1749266425,0.28720000,1327.50000000,0.278
1749266425,0.28730000,890.40000000,0.278
1749266425,0.28740000,1541.10000000,0.278
1749266425,0.28750000,536.60000000,0.278
1749266425,0.28760000,266.30000000,0.278
1749266425,0.28770000,3800.70000000,0.278
1749266425,0.28780000,201.20000000,0.278
1749266425,0.28790000,34195.50000000,0.278
1749266727,0.27820000,262297.80000000,0.2782
1749266727,0.27830000,649960.70000000,0.2782
1749266727,0.27840000,1054277.70000000,0.2782
1749266727,0.27850000,631045.80000000,0.2782
1749266727,0.27860000,739147.80000000,0.2782
1749266727,0.27870000,546771.10000000,0.2782
1749266727,0.27880000,584754.40000000,0.2782
1749266727,0.27890000,526209.90000000,0.2782
1749266727,0.27900000,774974.90000000,0.2782
1749266727,0.27910000,503870.00000000,0.2782
1749266727,0.27920000,502562.50000000,0.2782
1749266727,0.27930000,674440.20000000,0.2782
1749266727,0.27940000,461658.50000000,0.2782
1749266727,0.27950000,342277.50000000,0.2782
1749266727,0.27960000,241705.90000000,0.2782
1749266727,0.27970000,147547.30000000,0.2782
1749266727,0.27980000,143767.50000000,0.2782
1749266727,0.27990000,145842.60000000,0.2782
1749266727,0.28000000,182319.10000000,0.2782
1749266727,0.28010000,140101.20000000,0.2782
1749266727,0.28020000,18903.10000000,0.2782
1749266727,0.28030000,16878.30000000,0.2782
1749266727,0.28040000,17113.20000000,0.2782
1749266727,0.28050000,69564.40000000,0.2782
1749266727,0.28060000,17080.80000000,0.2782
1749266727,0.28070000,118630.20000000,0.2782
1749266727,0.28080000,125816.90000000,0.2782
1749266727,0.28090000,2392.70000000,0.2782
1749266727,0.28100000,6189.00000000,0.2782
1749266727,0.28110000,4321.60000000,0.2782
1749266727,0.28120000,2942.50000000,0.2782
1749266727,0.28130000,11416.30000000,0.2782
1749266727,0.28140000,12436.40000000,0.2782
1749266727,0.28150000,55151.20000000,0.2782
1749266727,0.28160000,2213.40000000,0.2782
1749266727,0.28170000,29762.40000000,0.2782
1749266727,0.28180000,93789.70000000,0.2782
1749266727,0.28190000,15029.40000000,0.2782
1749266727,0.28200000,495363.60000000,0.2782
1749266727,0.28210000,375.00000000,0.2782
1749266727,0.28220000,1060.50000000,0.2782
1749266727,0.28230000,605.00000000,0.2782
1749266727,0.28240000,2128.40000000,0.2782
1749266727,0.28250000,3830.60000000,0.2782
1749266727,0.28260000,302.70000000,0.2782
1749266727,0.28270000,432.90000000,0.2782
1749266727,0.28280000,843.80000000,0.2782
1749266727,0.28290000,1486.60000000,0.2782
1749266727,0.28300000,40493.70000000,0.2782
1749266727,0.28310000,503.10000000,0.2782
1749266727,0.28320000,1323.20000000,0.2782
1749266727,0.28330000,367.90000000,0.2782
1749266727,0.28340000,1062.80000000,0.2782
1749266727,0.28350000,1829.40000000,0.2782
1749266727,0.28360000,3663.80000000,0.2782
1749266727,0.28370000,479.50000000,0.2782
1749266727,0.28380000,582.10000000,0.2782
1749266727,0.28390000,414.00000000,0.2782
1749266727,0.28400000,1678.70000000,0.2782
1749266727,0.28410000,667.50000000,0.2782
1749266727,0.28420000,1428.70000000,0.2782
1749266727,0.28430000,905.80000000,0.2782
1749266727,0.28440000,27053.90000000,0.2782
1749266727,0.28450000,850.60000000,0.2782
1749266727,0.28460000,18611.10000000,0.2782
1749266727,0.28470000,2140.80000000,0.2782
1749266727,0.28480000,1181.20000000,0.2782
1749266727,0.28490000,232.90000000,0.2782
1749266727,0.28500000,195200.10000000,0.2782
1749266727,0.28510000,3380.20000000,0.2782
1749266727,0.28520000,20488.00000000,0.2782
1749266727,0.28530000,262.80000000,0.2782
1749266727,0.28540000,780.60000000,0.2782
1749266727,0.28550000,1087.90000000,0.2782
1749266727,0.28560000,1155.30000000,0.2782
1749266727,0.28570000,6627.60000000,0.2782
1749266727,0.28580000,1509.30000000,0.2782
1749266727,0.28590000,8847.20000000,0.2782
1749266727,0.28600000,16331.20000000,0.2782
1749266727,0.28610000,400.90000000,0.2782
1749266727,0.28620000,6869.30000000,0.2782
1749266727,0.28630000,1421.90000000,0.2782
1749266727,0.28640000,3060.50000000,0.2782
1749266727,0.28650000,5873.60000000,0.2782
1749266727,0.28660000,5355.60000000,0.2782
1749266727,0.28670000,2028.40000000,0.2782
1749266727,0.28680000,1546.30000000,0.2782
1749266727,0.28690000,929.80000000,0.2782
1749266727,0.28700000,2956.80000000,0.2782
1749266727,0.28710000,33138.60000000,0.2782
1749266727,0.28720000,1327.50000000,0.2782
1749266727,0.28730000,890.40000000,0.2782
1749266727,0.28740000,1541.10000000,0.2782
1749266727,0.28750000,536.60000000,0.2782
1749266727,0.28760000,266.30000000,0.2782
1749266727,0.28770000,3800.70000000,0.2782
1749266727,0.28780000,201.20000000,0.2782
1749266727,0.28790000,34195.50000000,0.2782
1749266727,0.28800000,167592.70000000,0.2782
1749266727,0.28810000,569.80000000,0.2782
1749267028,0.27800000,366822.50000000,0.2779
1749267028,0.27810000,233998.00000000,0.2779
1749267028,0.27820000,244075.70000000,0.2779
1749267028,0.27830000,693471.90000000,0.2779
1749267028,0.27840000,871015.50000000,0.2779
1749267028,0.27850000,733737.20000000,0.2779
1749267028,0.27860000,647035.50000000,0.2779
1749267028,0.27870000,515682.50000000,0.2779
1749267028,0.27880000,526655.40000000,0.2779
1749267028,0.27890000,602304.60000000,0.2779
1749267028,0.27900000,704608.90000000,0.2779
1749267028,0.27910000,370080.00000000,0.2779
1749267028,0.27920000,605457.00000000,0.2779
1749267028,0.27930000,673428.60000000,0.2779
1749267028,0.27940000,358057.10000000,0.2779
1749267028,0.27950000,377308.30000000,0.2779
1749267028,0.27960000,205962.90000000,0.2779
1749267028,0.27970000,146825.30000000,0.2779
1749267028,0.27980000,143767.50000000,0.2779
1749267028,0.27990000,145842.60000000,0.2779
1749267028,0.28000000,182319.10000000,0.2779
1749267028,0.28010000,140101.20000000,0.2779
1749267028,0.28020000,18903.10000000,0.2779
1749267028,0.28030000,16878.30000000,0.2779
1749267028,0.28040000,67440.70000000,0.2779
1749267028,0.28050000,121482.90000000,0.2779
1749267028,0.28060000,17080.80000000,0.2779
1749267028,0.28070000,16206.00000000,0.2779
1749267028,0.28080000,111866.90000000,0.2779
1749267028,0.28090000,2392.70000000,0.2779
1749267028,0.28100000,6189.00000000,0.2779
1749267028,0.28110000,4321.60000000,0.2779
1749267028,0.28120000,2942.50000000,0.2779
1749267028,0.28130000,11416.30000000,0.2779
1749267028,0.28140000,12436.40000000,0.2779
1749267028,0.28150000,55151.20000000,0.2779
1749267028,0.28160000,2213.40000000,0.2779
1749267028,0.28170000,29762.40000000,0.2779
1749267028,0.28180000,93789.70000000,0.2779
1749267028,0.28190000,15029.40000000,0.2779
1749267028,0.28200000,495363.60000000,0.2779
1749267028,0.28210000,375.00000000,0.2779
1749267028,0.28220000,1060.50000000,0.2779
1749267028,0.28230000,605.00000000,0.2779
1749267028,0.28240000,2128.40000000,0.2779
1749267028,0.28250000,3830.60000000,0.2779
1749267028,0.28260000,302.70000000,0.2779
1749267028,0.28270000,432.90000000,0.2779
1749267028,0.28280000,843.80000000,0.2779
1749267028,0.28290000,1486.60000000,0.2779
1749267028,0.28300000,40493.70000000,0.2779
1749267028,0.28310000,503.10000000,0.2779
1749267028,0.28320000,1323.20000000,0.2779
1749267028,0.28330000,367.90000000,0.2779
1749267028,0.28340000,1062.80000000,0.2779
1749267028,0.28350000,1829.40000000,0.2779
1749267028,0.28360000,3663.80000000,0.2779
1749267028,0.28370000,479.50000000,0.2779
1749267028,0.28380000,582.10000000,0.2779
1749267028,0.28390000,414.00000000,0.2779
1749267028,0.28400000,1678.70000000,0.2779
1749267028,0.28410000,667.50000000,0.2779
1749267028,0.28420000,1428.70000000,0.2779
1749267028,0.28430000,905.80000000,0.2779
1749267028,0.28440000,27053.90000000,0.2779
1749267028,0.28450000,850.60000000,0.2779
1749267028,0.28460000,18611.10000000,0.2779
1749267028,0.28470000,2140.80000000,0.2779
1749267028,0.28480000,1181.20000000,0.2779
1749267028,0.28490000,232.90000000,0.2779
1749267028,0.28500000,195200.10000000,0.2779
1749267028,0.28510000,3380.20000000,0.2779
1749267028,0.28520000,20488.00000000,0.2779
1749267028,0.28530000,262.80000000,0.2779
1749267028,0.28540000,780.60000000,0.2779
1749267028,0.28550000,1087.90000000,0.2779
1749267028,0.28560000,1155.30000000,0.2779
1749267028,0.28570000,6627.60000000,0.2779
1749267028,0.28580000,1509.30000000,0.2779
1749267028,0.28590000,8847.20000000,0.2779
1749267028,0.28600000,16331.20000000,0.2779
1749267028,0.28610000,400.90000000,0.2779
1749267028,0.28620000,6869.30000000,0.2779
1749267028,0.28630000,1421.90000000,0.2779
1749267028,0.28640000,3060.50000000,0.2779
1749267028,0.28650000,5873.60000000,0.2779
1749267028,0.28660000,5355.60000000,0.2779
1749267028,0.28670000,2028.40000000,0.2779
1749267028,0.28680000,1546.30000000,0.2779
1749267028,0.28690000,929.80000000,0.2779
1749267028,0.28700000,2956.80000000,0.2779
1749267028,0.28710000,33138.60000000,0.2779
1749267028,0.28720000,1327.50000000,0.2779
1749267028,0.28730000,890.40000000,0.2779
1749267028,0.28740000,1541.10000000,0.2779
1749267028,0.28750000,536.60000000,0.2779
1749267028,0.28760000,266.30000000,0.2779
1749267028,0.28770000,3800.70000000,0.2779
1749267028,0.28780000,201.20000000,0.2779
1749267028,0.28790000,34195.50000000,0.2779
1749267330,0.27800000,239792.20000000,0.278
1749267330,0.27810000,350586.20000000,0.278
1749267330,0.27820000,686831.00000000,0.278
1749267330,0.27830000,785349.10000000,0.278
1749267330,0.27840000,741802.60000000,0.278
1749267330,0.27850000,582186.00000000,0.278
1749267330,0.27860000,797776.50000000,0.278
1749267330,0.27870000,523656.30000000,0.278
1749267330,0.27880000,495622.40000000,0.278
1749267330,0.27890000,610950.20000000,0.278
1749267330,0.27900000,431120.40000000,0.278
1749267330,0.27910000,350296.00000000,0.278
1749267330,0.27920000,632968.00000000,0.278
1749267330,0.27930000,637640.00000000,0.278
1749267330,0.27940000,358057.10000000,0.278
1749267330,0.27950000,377313.60000000,0.278
1749267330,0.27960000,194243.40000000,0.278
1749267330,0.27970000,146825.30000000,0.278
1749267330,0.27980000,143035.00000000,0.278
1749267330,0.27990000,145842.60000000,0.278
1749267330,0.28000000,182292.20000000,0.278
1749267330,0.28010000,140101.20000000,0.278
1749267330,0.28020000,18903.10000000,0.278
1749267330,0.28030000,16878.30000000,0.278
1749267330,0.28040000,67443.20000000,0.278
1749267330,0.28050000,125758.40000000,0.278
1749267330,0.28060000,17080.80000000,0.278
1749267330,0.28070000,2256.00000000,0.278
1749267330,0.28080000,111866.90000000,0.278
1749267330,0.28090000,2392.70000000,0.278
1749267330,0.28100000,6189.00000000,0.278
1749267330,0.28110000,4321.60000000,0.278
1749267330,0.28120000,2942.50000000,0.278
1749267330,0.28130000,11416.30000000,0.278
1749267330,0.28140000,12436.40000000,0.278
1749267330,0.28150000,55151.20000000,0.278
1749267330,0.28160000,2213.40000000,0.278
1749267330,0.28170000,29762.40000000,0.278
1749267330,0.28180000,93789.70000000,0.278
1749267330,0.28190000,15029.40000000,0.278
1749267330,0.28200000,495363.60000000,0.278
1749267330,0.28210000,375.00000000,0.278
1749267330,0.28220000,1060.50000000,0.278
1749267330,0.28230000,605.00000000,0.278
1749267330,0.28240000,2128.40000000,0.278
1749267330,0.28250000,3830.60000000,0.278
1749267330,0.28260000,302.70000000,0.278
1749267330,0.28270000,432.90000000,0.278
1749267330,0.28280000,843.80000000,0.278
1749267330,0.28290000,1486.60000000,0.278
1749267330,0.28300000,40493.70000000,0.278
1749267330,0.28310000,503.10000000,0.278
1749267330,0.28320000,1323.20000000,0.278
1749267330,0.28330000,367.90000000,0.278
1749267330,0.28340000,1062.80000000,0.278
1749267330,0.28350000,1829.40000000,0.278
1749267330,0.28360000,3663.80000000,0.278
1749267330,0.28370000,479.50000000,0.278
1749267330,0.28380000,582.10000000,0.278
1749267330,0.28390000,414.00000000,0.278
1749267330,0.28400000,1678.70000000,0.278
