timestamp,price,volume,current_price
1749260811,0.79110000,16.00000000,0.7904
1749260811,0.79120000,32.00000000,0.7904
1749260811,0.79130000,279.00000000,0.7904
1749260811,0.79140000,660.00000000,0.7904
1749260811,0.79150000,927.00000000,0.7904
1749260811,0.79160000,418.00000000,0.7904
1749260811,0.79170000,939.00000000,0.7904
1749260811,0.79180000,1752.00000000,0.7904
1749260811,0.79190000,1618.00000000,0.7904
1749260811,0.79200000,1951.00000000,0.7904
1749260811,0.79210000,1663.00000000,0.7904
1749260811,0.79220000,2541.00000000,0.7904
1749260811,0.79230000,247.00000000,0.7904
1749260811,0.79240000,958.00000000,0.7904
1749260811,0.79250000,1947.00000000,0.7904
1749260811,0.79260000,247.00000000,0.7904
1749260811,0.79270000,338.00000000,0.7904
1749260811,0.79280000,1584.00000000,0.7904
1749260811,0.79290000,374.00000000,0.7904
1749260811,0.79300000,352.00000000,0.7904
1749260811,0.79310000,260.00000000,0.7904
1749260811,0.79330000,1525.00000000,0.7904
1749260811,0.79340000,374.00000000,0.7904
1749260811,0.79350000,6581.00000000,0.7904
1749260811,0.79360000,374.00000000,0.7904
1749260811,0.79380000,385.00000000,0.7904
1749260811,0.79390000,374.00000000,0.7904
1749260811,0.79400000,247.00000000,0.7904
1749260811,0.79410000,7.00000000,0.7904
1749260811,0.79420000,247.00000000,0.7904
1749260811,0.79430000,374.00000000,0.7904
1749260811,0.79440000,247.00000000,0.7904
1749260811,0.79450000,374.00000000,0.7904
1749260811,0.79460000,271.00000000,0.7904
1749260811,0.79470000,387.00000000,0.7904
1749260811,0.79480000,359.00000000,0.7904
1749260811,0.79490000,4281.00000000,0.7904
1749260811,0.79520000,374.00000000,0.7904
1749260811,0.79530000,1168.00000000,0.7904
1749260811,0.79540000,381.00000000,0.7904
1749260811,0.79560000,1534.00000000,0.7904
1749260811,0.79580000,127.00000000,0.7904
1749260811,0.79590000,10.00000000,0.7904
1749260811,0.79610000,127.00000000,0.7904
1749260811,0.79630000,140.00000000,0.7904
1749260811,0.79650000,127.00000000,0.7904
1749260811,0.79660000,7.00000000,0.7904
1749260811,0.79670000,62.00000000,0.7904
1749260811,0.79690000,2044.00000000,0.7904
1749260811,0.79700000,8.00000000,0.7904
1749260811,0.79710000,148.00000000,0.7904
1749260811,0.79720000,116.00000000,0.7904
1749260811,0.79730000,127.00000000,0.7904
1749260811,0.79740000,66.00000000,0.7904
1749260811,0.79790000,714.00000000,0.7904
1749260811,0.79800000,19.00000000,0.7904
1749260811,0.79810000,10.00000000,0.7904
1749260811,0.79840000,318.00000000,0.7904
1749260811,0.79900000,21.00000000,0.7904
1749260811,0.79950000,13.00000000,0.7904
1749260811,0.79960000,8.00000000,0.7904
1749260811,0.79970000,946.00000000,0.7904
1749260811,0.79980000,28.00000000,0.7904
1749260811,0.79990000,8.00000000,0.7904
1749260811,0.80000000,70.00000000,0.7904
1749260811,0.80020000,44.00000000,0.7904
1749260811,0.80060000,38.00000000,0.7904
1749260811,0.80110000,13.00000000,0.7904
1749260811,0.80140000,99.00000000,0.7904
1749260811,0.80150000,7.00000000,0.7904
1749260811,0.80190000,83.00000000,0.7904
1749260811,0.80200000,11.00000000,0.7904
1749260811,0.80260000,56.00000000,0.7904
1749260811,0.80270000,12.00000000,0.7904
1749260811,0.80310000,416.00000000,0.7904
1749260811,0.80350000,11.00000000,0.7904
1749260811,0.80390000,7.00000000,0.7904
1749260811,0.80400000,922.00000000,0.7904
1749260811,0.80420000,370.00000000,0.7904
1749260811,0.80430000,7.00000000,0.7904
1749260811,0.80440000,335.00000000,0.7904
1749260811,0.80470000,7.00000000,0.7904
1749260811,0.80480000,24.00000000,0.7904
1749260811,0.80490000,75.00000000,0.7904
1749260811,0.80540000,17.00000000,0.7904
1749260811,0.80550000,14.00000000,0.7904
1749260811,0.80600000,61.00000000,0.7904
1749260811,0.80620000,77.00000000,0.7904
1749260811,0.80640000,7.00000000,0.7904
1749260811,0.80660000,679.00000000,0.7904
1749260811,0.80670000,136.00000000,0.7904
1749260811,0.80680000,9.00000000,0.7904
1749260811,0.80710000,8.00000000,0.7904
1749260811,0.80730000,53.00000000,0.7904
1749260811,0.80740000,83.00000000,0.7904
1749260811,0.80760000,8.00000000,0.7904
1749260811,0.80800000,100.00000000,0.7904
1749260811,0.80830000,8.00000000,0.7904
1749260811,0.80860000,7.00000000,0.7904
1749260811,0.80870000,1666.00000000,0.7904
1749261127,0.79190000,15.00000000,0.7918
1749261127,0.79200000,22.00000000,0.7918
1749261127,0.79210000,16.00000000,0.7918
1749261127,0.79220000,84.00000000,0.7918
1749261127,0.79230000,22.00000000,0.7918
1749261127,0.79240000,267.00000000,0.7918
1749261127,0.79250000,870.00000000,0.7918
1749261127,0.79260000,1520.00000000,0.7918
1749261127,0.79270000,374.00000000,0.7918
1749261127,0.79280000,568.00000000,0.7918
1749261127,0.79290000,758.00000000,0.7918
1749261127,0.79300000,621.00000000,0.7918
1749261127,0.79310000,1202.00000000,0.7918
1749261127,0.79320000,1417.00000000,0.7918
1749261127,0.79330000,1728.00000000,0.7918
1749261127,0.79340000,1463.00000000,0.7918
1749261127,0.79350000,352.00000000,0.7918
1749261127,0.79360000,374.00000000,0.7918
1749261127,0.79370000,439.00000000,0.7918
1749261127,0.79380000,385.00000000,0.7918
1749261127,0.79390000,374.00000000,0.7918
1749261127,0.79400000,2553.00000000,0.7918
1749261127,0.79410000,7.00000000,0.7918
1749261127,0.79420000,247.00000000,0.7918
1749261127,0.79430000,752.00000000,0.7918
1749261127,0.79440000,247.00000000,0.7918
1749261127,0.79450000,6662.00000000,0.7918
1749261127,0.79460000,271.00000000,0.7918
1749261127,0.79470000,387.00000000,0.7918
1749261127,0.79510000,247.00000000,0.7918
1749261127,0.79520000,374.00000000,0.7918
1749261127,0.79530000,247.00000000,0.7918
1749261127,0.79540000,381.00000000,0.7918
1749261127,0.79560000,994.00000000,0.7918
1749261127,0.79580000,4403.00000000,0.7918
1749261127,0.79590000,10.00000000,0.7918
1749261127,0.79610000,374.00000000,0.7918
1749261127,0.79630000,387.00000000,0.7918
1749261127,0.79650000,374.00000000,0.7918
1749261127,0.79660000,907.00000000,0.7918
1749261127,0.79670000,62.00000000,0.7918
1749261127,0.79680000,247.00000000,0.7918
1749261127,0.79690000,374.00000000,0.7918
1749261127,0.79700000,489.00000000,0.7918
1749261127,0.79710000,395.00000000,0.7918
1749261127,0.79720000,1050.00000000,0.7918
1749261127,0.79730000,374.00000000,0.7918
1749261127,0.79740000,193.00000000,0.7918
1749261127,0.79750000,247.00000000,0.7918
1749261127,0.79790000,13.00000000,0.7918
1749261127,0.79800000,19.00000000,0.7918
1749261127,0.79810000,10.00000000,0.7918
1749261127,0.79840000,318.00000000,0.7918
1749261127,0.79890000,1917.00000000,0.7918
1749261127,0.79900000,21.00000000,0.7918
1749261127,0.79950000,13.00000000,0.7918
1749261127,0.79960000,8.00000000,0.7918
1749261127,0.79970000,946.00000000,0.7918
1749261127,0.79980000,28.00000000,0.7918
1749261127,0.79990000,709.00000000,0.7918
1749261127,0.80000000,70.00000000,0.7918
1749261127,0.80020000,44.00000000,0.7918
1749261127,0.80060000,38.00000000,0.7918
1749261127,0.80110000,13.00000000,0.7918
1749261127,0.80140000,99.00000000,0.7918
1749261127,0.80150000,7.00000000,0.7918
1749261127,0.80190000,83.00000000,0.7918
1749261127,0.80200000,11.00000000,0.7918
1749261127,0.80260000,56.00000000,0.7918
1749261127,0.80270000,12.00000000,0.7918
1749261127,0.80310000,416.00000000,0.7918
1749261127,0.80350000,11.00000000,0.7918
1749261127,0.80390000,7.00000000,0.7918
1749261127,0.80400000,922.00000000,0.7918
1749261127,0.80420000,370.00000000,0.7918
1749261127,0.80430000,7.00000000,0.7918
1749261127,0.80440000,335.00000000,0.7918
1749261127,0.80470000,7.00000000,0.7918
1749261127,0.80480000,24.00000000,0.7918
1749261127,0.80490000,75.00000000,0.7918
1749261127,0.80540000,17.00000000,0.7918
1749261127,0.80550000,14.00000000,0.7918
1749261127,0.80620000,77.00000000,0.7918
1749261127,0.80640000,7.00000000,0.7918
1749261127,0.80660000,679.00000000,0.7918
1749261127,0.80670000,136.00000000,0.7918
1749261127,0.80680000,9.00000000,0.7918
1749261127,0.80710000,8.00000000,0.7918
1749261127,0.80730000,53.00000000,0.7918
1749261127,0.80740000,83.00000000,0.7918
1749261127,0.80760000,8.00000000,0.7918
1749261127,0.80800000,100.00000000,0.7918
1749261127,0.80820000,61.00000000,0.7918
1749261127,0.80830000,8.00000000,0.7918
1749261127,0.80860000,7.00000000,0.7918
1749261127,0.80870000,1666.00000000,0.7918
1749261127,0.80890000,7.00000000,0.7918
1749261127,0.80900000,271.00000000,0.7918
1749261127,0.80920000,49.00000000,0.7918
1749261127,0.80960000,8.00000000,0.7918
1749261444,0.79220000,125.00000000,0.792
1749261444,0.79230000,32.00000000,0.792
1749261444,0.79240000,279.00000000,0.792
1749261444,0.79250000,29.00000000,0.792
1749261444,0.79260000,303.00000000,0.792
1749261444,0.79270000,524.00000000,0.792
1749261444,0.79280000,2163.00000000,0.792
1749261444,0.79290000,1390.00000000,0.792
1749261444,0.79300000,1790.00000000,0.792
1749261444,0.79310000,387.00000000,0.792
1749261444,0.79320000,619.00000000,0.792
1749261444,0.79330000,1239.00000000,0.792
1749261444,0.79340000,594.00000000,0.792
1749261444,0.79350000,2159.00000000,0.792
1749261444,0.79360000,2388.00000000,0.792
1749261444,0.79370000,566.00000000,0.792
1749261444,0.79380000,385.00000000,0.792
1749261444,0.79390000,374.00000000,0.792
1749261444,0.79400000,2553.00000000,0.792
1749261444,0.79410000,134.00000000,0.792
1749261444,0.79420000,247.00000000,0.792
1749261444,0.79430000,946.00000000,0.792
1749261444,0.79440000,374.00000000,0.792
1749261444,0.79450000,6563.00000000,0.792
1749261444,0.79460000,649.00000000,0.792
1749261444,0.79470000,260.00000000,0.792
1749261444,0.79490000,374.00000000,0.792
1749261444,0.79510000,247.00000000,0.792
1749261444,0.79520000,127.00000000,0.792
1749261444,0.79530000,247.00000000,0.792
1749261444,0.79540000,254.00000000,0.792
1749261444,0.79550000,127.00000000,0.792
1749261444,0.79560000,994.00000000,0.792
1749261444,0.79570000,127.00000000,0.792
1749261444,0.79580000,247.00000000,0.792
1749261444,0.79590000,10.00000000,0.792
1749261444,0.79600000,127.00000000,0.792
1749261444,0.79610000,247.00000000,0.792
1749261444,0.79620000,127.00000000,0.792
1749261444,0.79630000,260.00000000,0.792
1749261444,0.79640000,4026.00000000,0.792
1749261444,0.79650000,247.00000000,0.792
1749261444,0.79660000,7.00000000,0.792
1749261444,0.79670000,189.00000000,0.792
1749261444,0.79690000,374.00000000,0.792
1749261444,0.79700000,489.00000000,0.792
1749261444,0.79710000,395.00000000,0.792
1749261444,0.79720000,1050.00000000,0.792
1749261444,0.79730000,374.00000000,0.792
1749261444,0.79740000,313.00000000,0.792
1749261444,0.79760000,127.00000000,0.792
1749261444,0.79770000,898.00000000,0.792
1749261444,0.79790000,140.00000000,0.792
1749261444,0.79800000,19.00000000,0.792
1749261444,0.79810000,10.00000000,0.792
1749261444,0.79840000,318.00000000,0.792
1749261444,0.79890000,1917.00000000,0.792
1749261444,0.79900000,21.00000000,0.792
1749261444,0.79950000,13.00000000,0.792
1749261444,0.79960000,8.00000000,0.792
1749261444,0.79970000,946.00000000,0.792
1749261444,0.79980000,28.00000000,0.792
1749261444,0.79990000,709.00000000,0.792
1749261444,0.80000000,70.00000000,0.792
1749261444,0.80020000,44.00000000,0.792
1749261444,0.80060000,38.00000000,0.792
1749261444,0.80110000,13.00000000,0.792
1749261444,0.80140000,99.00000000,0.792
1749261444,0.80150000,7.00000000,0.792
1749261444,0.80190000,83.00000000,0.792
1749261444,0.80200000,11.00000000,0.792
1749261444,0.80260000,56.00000000,0.792
1749261444,0.80270000,12.00000000,0.792
1749261444,0.80310000,416.00000000,0.792
1749261444,0.80350000,11.00000000,0.792
1749261444,0.80390000,7.00000000,0.792
1749261444,0.80400000,922.00000000,0.792
1749261444,0.80420000,370.00000000,0.792
1749261444,0.80430000,7.00000000,0.792
1749261444,0.80440000,335.00000000,0.792
1749261444,0.80470000,7.00000000,0.792
1749261444,0.80480000,24.00000000,0.792
1749261444,0.80490000,75.00000000,0.792
1749261444,0.80540000,17.00000000,0.792
1749261444,0.80550000,14.00000000,0.792
1749261444,0.80620000,77.00000000,0.792
1749261444,0.80640000,7.00000000,0.792
1749261444,0.80660000,679.00000000,0.792
1749261444,0.80670000,136.00000000,0.792
1749261444,0.80680000,9.00000000,0.792
1749261444,0.80710000,8.00000000,0.792
1749261444,0.80730000,53.00000000,0.792
1749261444,0.80740000,83.00000000,0.792
1749261444,0.80760000,8.00000000,0.792
1749261444,0.80800000,100.00000000,0.792
1749261444,0.80820000,61.00000000,0.792
1749261444,0.80830000,8.00000000,0.792
1749261444,0.80860000,7.00000000,0.792
1749261444,0.80870000,1666.00000000,0.792
1749261444,0.80890000,7.00000000,0.792
1749261760,0.79100000,32.00000000,0.792
1749261760,0.79110000,153.00000000,0.792
1749261760,0.79120000,247.00000000,0.792
1749261760,0.79130000,56.00000000,0.792
1749261760,0.79140000,247.00000000,0.792
1749261760,0.79150000,159.00000000,0.792
1749261760,0.79160000,266.00000000,0.792
1749261760,0.79170000,570.00000000,0.792
1749261760,0.79180000,1946.00000000,0.792
1749261760,0.79190000,663.00000000,0.792
1749261760,0.79200000,105.00000000,0.792
1749261760,0.79210000,247.00000000,0.792
1749261760,0.79220000,411.00000000,0.792
1749261760,0.79230000,948.00000000,0.792
1749261760,0.79240000,247.00000000,0.792
1749261760,0.79250000,1084.00000000,0.792
1749261760,0.79260000,2972.00000000,0.792
1749261760,0.79270000,664.00000000,0.792
1749261760,0.79280000,1367.00000000,0.792
1749261760,0.79290000,1147.00000000,0.792
1749261760,0.79300000,352.00000000,0.792
1749261760,0.79310000,387.00000000,0.792
1749261760,0.79320000,247.00000000,0.792
1749261760,0.79330000,374.00000000,0.792
1749261760,0.79340000,6932.00000000,0.792
1749261760,0.79350000,5498.00000000,0.792
1749261760,0.79360000,247.00000000,0.792
1749261760,0.79370000,566.00000000,0.792
1749261760,0.79380000,385.00000000,0.792
1749261760,0.79390000,374.00000000,0.792
1749261760,0.79400000,247.00000000,0.792
1749261760,0.79410000,134.00000000,0.792
1749261760,0.79430000,946.00000000,0.792
1749261760,0.79440000,374.00000000,0.792
1749261760,0.79450000,247.00000000,0.792
1749261760,0.79460000,271.00000000,0.792
1749261760,0.79470000,260.00000000,0.792
1749261760,0.79480000,364.00000000,0.792
1749261760,0.79490000,374.00000000,0.792
1749261760,0.79510000,247.00000000,0.792
1749261760,0.79520000,814.00000000,0.792
1749261760,0.79530000,247.00000000,0.792
1749261760,0.79540000,254.00000000,0.792
1749261760,0.79550000,127.00000000,0.792
1749261760,0.79560000,632.00000000,0.792
1749261760,0.79570000,127.00000000,0.792
1749261760,0.79580000,1148.00000000,0.792
1749261760,0.79590000,10.00000000,0.792
1749261760,0.79600000,127.00000000,0.792
1749261760,0.79610000,247.00000000,0.792
1749261760,0.79620000,127.00000000,0.792
1749261760,0.79630000,260.00000000,0.792
1749261760,0.79650000,247.00000000,0.792
1749261760,0.79660000,7.00000000,0.792
1749261760,0.79670000,189.00000000,0.792
1749261760,0.79690000,374.00000000,0.792
1749261760,0.79700000,489.00000000,0.792
1749261760,0.79710000,395.00000000,0.792
1749261760,0.79720000,116.00000000,0.792
1749261760,0.79730000,127.00000000,0.792
1749261760,0.79740000,66.00000000,0.792
1749261760,0.79760000,127.00000000,0.792
1749261760,0.79790000,841.00000000,0.792
1749261760,0.79800000,19.00000000,0.792
1749261760,0.79810000,10.00000000,0.792
1749261760,0.79840000,318.00000000,0.792
1749261760,0.79890000,1917.00000000,0.792
1749261760,0.79900000,21.00000000,0.792
1749261760,0.79950000,13.00000000,0.792
1749261760,0.79960000,8.00000000,0.792
1749261760,0.79970000,946.00000000,0.792
1749261760,0.79980000,28.00000000,0.792
1749261760,0.79990000,8.00000000,0.792
1749261760,0.80000000,70.00000000,0.792
1749261760,0.80020000,44.00000000,0.792
1749261760,0.80060000,38.00000000,0.792
1749261760,0.80110000,13.00000000,0.792
1749261760,0.80140000,99.00000000,0.792
1749261760,0.80150000,7.00000000,0.792
1749261760,0.80190000,83.00000000,0.792
1749261760,0.80200000,11.00000000,0.792
1749261760,0.80260000,56.00000000,0.792
1749261760,0.80270000,12.00000000,0.792
1749261760,0.80310000,416.00000000,0.792
1749261760,0.80350000,11.00000000,0.792
1749261760,0.80390000,7.00000000,0.792
1749261760,0.80400000,922.00000000,0.792
1749261760,0.80420000,370.00000000,0.792
1749261760,0.80430000,7.00000000,0.792
1749261760,0.80440000,335.00000000,0.792
1749261760,0.80470000,7.00000000,0.792
1749261760,0.80480000,24.00000000,0.792
1749261760,0.80490000,75.00000000,0.792
1749261760,0.80540000,17.00000000,0.792
1749261760,0.80550000,14.00000000,0.792
1749261760,0.80620000,77.00000000,0.792
1749261760,0.80640000,7.00000000,0.792
1749261760,0.80660000,679.00000000,0.792
1749261760,0.80670000,136.00000000,0.792
1749261760,0.80680000,9.00000000,0.792
1749262063,0.79100000,56.00000000,0.792
1749262063,0.79110000,154.00000000,0.792
1749262063,0.79120000,32.00000000,0.792
1749262063,0.79130000,303.00000000,0.792
1749262063,0.79140000,697.00000000,0.792
1749262063,0.79150000,1076.00000000,0.792
1749262063,0.79160000,247.00000000,0.792
1749262063,0.79170000,374.00000000,0.792
1749262063,0.79180000,781.00000000,0.792
1749262063,0.79190000,2604.00000000,0.792
1749262063,0.79200000,105.00000000,0.792
1749262063,0.79210000,247.00000000,0.792
1749262063,0.79220000,990.00000000,0.792
1749262063,0.79230000,2484.00000000,0.792
1749262063,0.79240000,247.00000000,0.792
1749262063,0.79250000,589.00000000,0.792
1749262063,0.79260000,5088.00000000,0.792
1749262063,0.79270000,530.00000000,0.792
1749262063,0.79280000,247.00000000,0.792
1749262063,0.79290000,1147.00000000,0.792
1749262063,0.79300000,352.00000000,0.792
1749262063,0.79310000,6726.00000000,0.792
1749262063,0.79320000,625.00000000,0.792
1749262063,0.79330000,374.00000000,0.792
1749262063,0.79340000,247.00000000,0.792
1749262063,0.79350000,5498.00000000,0.792
1749262063,0.79360000,247.00000000,0.792
1749262063,0.79370000,566.00000000,0.792
1749262063,0.79380000,385.00000000,0.792
1749262063,0.79390000,374.00000000,0.792
1749262063,0.79400000,247.00000000,0.792
1749262063,0.79410000,134.00000000,0.792
1749262063,0.79430000,247.00000000,0.792
1749262063,0.79440000,374.00000000,0.792
1749262063,0.79450000,247.00000000,0.792
1749262063,0.79460000,271.00000000,0.792
1749262063,0.79470000,1163.00000000,0.792
1749262063,0.79480000,364.00000000,0.792
1749262063,0.79490000,374.00000000,0.792
1749262063,0.79510000,247.00000000,0.792
1749262063,0.79520000,814.00000000,0.792
1749262063,0.79530000,247.00000000,0.792
1749262063,0.79540000,952.00000000,0.792
1749262063,0.79550000,127.00000000,0.792
1749262063,0.79560000,632.00000000,0.792
1749262063,0.79570000,127.00000000,0.792
1749262063,0.79580000,247.00000000,0.792
1749262063,0.79590000,711.00000000,0.792
1749262063,0.79600000,127.00000000,0.792
1749262063,0.79610000,247.00000000,0.792
1749262063,0.79620000,127.00000000,0.792
1749262063,0.79630000,260.00000000,0.792
1749262063,0.79660000,7.00000000,0.792
1749262063,0.79670000,189.00000000,0.792
1749262063,0.79690000,2044.00000000,0.792
1749262063,0.79700000,242.00000000,0.792
1749262063,0.79710000,148.00000000,0.792
1749262063,0.79720000,116.00000000,0.792
1749262063,0.79730000,127.00000000,0.792
1749262063,0.79740000,66.00000000,0.792
1749262063,0.79760000,127.00000000,0.792
1749262063,0.79790000,140.00000000,0.792
1749262063,0.79800000,19.00000000,0.792
1749262063,0.79810000,10.00000000,0.792
1749262063,0.79840000,318.00000000,0.792
1749262063,0.79900000,21.00000000,0.792
1749262063,0.79950000,13.00000000,0.792
1749262063,0.79960000,8.00000000,0.792
1749262063,0.79970000,946.00000000,0.792
1749262063,0.79980000,28.00000000,0.792
1749262063,0.79990000,8.00000000,0.792
1749262063,0.80000000,70.00000000,0.792
1749262063,0.80020000,44.00000000,0.792
1749262063,0.80060000,38.00000000,0.792
1749262063,0.80110000,13.00000000,0.792
1749262063,0.80140000,99.00000000,0.792
1749262063,0.80150000,7.00000000,0.792
1749262063,0.80190000,83.00000000,0.792
1749262063,0.80200000,11.00000000,0.792
1749262063,0.80260000,56.00000000,0.792
1749262063,0.80270000,12.00000000,0.792
1749262063,0.80310000,416.00000000,0.792
1749262063,0.80350000,11.00000000,0.792
1749262063,0.80390000,7.00000000,0.792
1749262063,0.80400000,922.00000000,0.792
1749262063,0.80420000,370.00000000,0.792
1749262063,0.80430000,7.00000000,0.792
1749262063,0.80440000,335.00000000,0.792
1749262063,0.80470000,7.00000000,0.792
1749262063,0.80480000,24.00000000,0.792
1749262063,0.80490000,75.00000000,0.792
1749262063,0.80540000,17.00000000,0.792
1749262063,0.80550000,14.00000000,0.792
1749262063,0.80620000,77.00000000,0.792
1749262063,0.80640000,7.00000000,0.792
1749262063,0.80660000,679.00000000,0.792
1749262063,0.80670000,136.00000000,0.792
1749262063,0.80680000,9.00000000,0.792
1749262063,0.80710000,8.00000000,0.792
1749262063,0.80730000,53.00000000,0.792
1749262369,0.79110000,247.00000000,0.7908
1749262369,0.79120000,279.00000000,0.7908
1749262369,0.79130000,443.00000000,0.7908
1749262369,0.79140000,279.00000000,0.7908
1749262369,0.79150000,247.00000000,0.7908
1749262369,0.79160000,1138.00000000,0.7908
1749262369,0.79170000,2165.00000000,0.7908
1749262369,0.79190000,726.00000000,0.7908
1749262369,0.79200000,2036.00000000,0.7908
1749262369,0.79210000,1585.00000000,0.7908
1749262369,0.79220000,566.00000000,0.7908
1749262369,0.79230000,574.00000000,0.7908
1749262369,0.79240000,1936.00000000,0.7908
1749262369,0.79250000,2900.00000000,0.7908
1749262369,0.79260000,374.00000000,0.7908
1749262369,0.79270000,1868.00000000,0.7908
1749262369,0.79290000,2143.00000000,0.7908
1749262369,0.79300000,352.00000000,0.7908
1749262369,0.79310000,1744.00000000,0.7908
1749262369,0.79320000,247.00000000,0.7908
1749262369,0.79330000,374.00000000,0.7908
1749262369,0.79340000,625.00000000,0.7908
1749262369,0.79350000,6287.00000000,0.7908
1749262369,0.79360000,247.00000000,0.7908
1749262369,0.79370000,566.00000000,0.7908
1749262369,0.79380000,385.00000000,0.7908
1749262369,0.79390000,374.00000000,0.7908
1749262369,0.79400000,247.00000000,0.7908
1749262369,0.79410000,134.00000000,0.7908
1749262369,0.79430000,247.00000000,0.7908
1749262369,0.79440000,374.00000000,0.7908
1749262369,0.79450000,247.00000000,0.7908
1749262369,0.79460000,4307.00000000,0.7908
1749262369,0.79470000,260.00000000,0.7908
1749262369,0.79480000,611.00000000,0.7908
1749262369,0.79490000,374.00000000,0.7908
1749262369,0.79510000,247.00000000,0.7908
1749262369,0.79520000,814.00000000,0.7908
1749262369,0.79530000,247.00000000,0.7908
1749262369,0.79540000,254.00000000,0.7908
1749262369,0.79550000,1029.00000000,0.7908
1749262369,0.79560000,632.00000000,0.7908
1749262369,0.79570000,127.00000000,0.7908
1749262369,0.79580000,247.00000000,0.7908
1749262369,0.79590000,10.00000000,0.7908
1749262369,0.79600000,127.00000000,0.7908
1749262369,0.79620000,127.00000000,0.7908
1749262369,0.79630000,13.00000000,0.7908
1749262369,0.79660000,7.00000000,0.7908
1749262369,0.79670000,189.00000000,0.7908
1749262369,0.79690000,2044.00000000,0.7908
1749262369,0.79700000,242.00000000,0.7908
1749262369,0.79710000,148.00000000,0.7908
1749262369,0.79720000,116.00000000,0.7908
1749262369,0.79730000,127.00000000,0.7908
1749262369,0.79740000,66.00000000,0.7908
1749262369,0.79760000,127.00000000,0.7908
1749262369,0.79790000,841.00000000,0.7908
1749262369,0.79800000,19.00000000,0.7908
1749262369,0.79810000,10.00000000,0.7908
1749262369,0.79840000,318.00000000,0.7908
1749262369,0.79900000,21.00000000,0.7908
1749262369,0.79950000,13.00000000,0.7908
1749262369,0.79960000,8.00000000,0.7908
1749262369,0.79970000,946.00000000,0.7908
1749262369,0.79980000,28.00000000,0.7908
1749262369,0.79990000,8.00000000,0.7908
1749262369,0.80000000,70.00000000,0.7908
1749262369,0.80020000,44.00000000,0.7908
1749262369,0.80060000,38.00000000,0.7908
1749262369,0.80110000,13.00000000,0.7908
1749262369,0.80140000,99.00000000,0.7908
1749262369,0.80150000,7.00000000,0.7908
1749262369,0.80190000,83.00000000,0.7908
1749262369,0.80200000,11.00000000,0.7908
1749262369,0.80260000,56.00000000,0.7908
1749262369,0.80270000,12.00000000,0.7908
1749262369,0.80310000,416.00000000,0.7908
1749262369,0.80350000,11.00000000,0.7908
1749262369,0.80390000,7.00000000,0.7908
1749262369,0.80400000,922.00000000,0.7908
1749262369,0.80420000,370.00000000,0.7908
1749262369,0.80430000,7.00000000,0.7908
1749262369,0.80440000,335.00000000,0.7908
1749262369,0.80470000,7.00000000,0.7908
1749262369,0.80480000,24.00000000,0.7908
1749262369,0.80490000,75.00000000,0.7908
1749262369,0.80540000,17.00000000,0.7908
1749262369,0.80550000,14.00000000,0.7908
1749262369,0.80620000,77.00000000,0.7908
1749262369,0.80640000,7.00000000,0.7908
1749262369,0.80660000,679.00000000,0.7908
1749262369,0.80670000,136.00000000,0.7908
1749262369,0.80680000,9.00000000,0.7908
1749262369,0.80710000,8.00000000,0.7908
1749262369,0.80730000,53.00000000,0.7908
1749262369,0.80740000,83.00000000,0.7908
1749262369,0.80760000,8.00000000,0.7908
1749262369,0.80800000,100.00000000,0.7908
1749262369,0.80820000,61.00000000,0.7908
1749262670,0.79180000,32.00000000,0.7918
1749262670,0.79190000,32.00000000,0.7918
1749262670,0.79200000,32.00000000,0.7918
1749262670,0.79210000,32.00000000,0.7918
1749262670,0.79220000,287.00000000,0.7918
1749262670,0.79230000,442.00000000,0.7918
1749262670,0.79240000,856.00000000,0.7918
1749262670,0.79250000,1663.00000000,0.7918
1749262670,0.79260000,2012.00000000,0.7918
1749262670,0.79270000,1538.00000000,0.7918
1749262670,0.79290000,590.00000000,0.7918
1749262670,0.79300000,1576.00000000,0.7918
1749262670,0.79310000,1564.00000000,0.7918
1749262670,0.79320000,636.00000000,0.7918
1749262670,0.79330000,2483.00000000,0.7918
1749262670,0.79340000,337.00000000,0.7918
1749262670,0.79350000,1562.00000000,0.7918
1749262670,0.79360000,247.00000000,0.7918
1749262670,0.79370000,566.00000000,0.7918
1749262670,0.79380000,385.00000000,0.7918
1749262670,0.79390000,374.00000000,0.7918
1749262670,0.79400000,352.00000000,0.7918
1749262670,0.79410000,759.00000000,0.7918
1749262670,0.79420000,6280.00000000,0.7918
1749262670,0.79430000,1147.00000000,0.7918
1749262670,0.79440000,374.00000000,0.7918
1749262670,0.79450000,946.00000000,0.7918
1749262670,0.79460000,271.00000000,0.7918
1749262670,0.79470000,260.00000000,0.7918
1749262670,0.79480000,611.00000000,0.7918
1749262670,0.79490000,374.00000000,0.7918
1749262670,0.79510000,247.00000000,0.7918
1749262670,0.79520000,127.00000000,0.7918
1749262670,0.79530000,247.00000000,0.7918
1749262670,0.79540000,254.00000000,0.7918
1749262670,0.79550000,374.00000000,0.7918
1749262670,0.79560000,632.00000000,0.7918
1749262670,0.79570000,127.00000000,0.7918
1749262670,0.79580000,247.00000000,0.7918
1749262670,0.79590000,1158.00000000,0.7918
1749262670,0.79600000,4402.00000000,0.7918
1749262670,0.79620000,374.00000000,0.7918
1749262670,0.79630000,13.00000000,0.7918
1749262670,0.79640000,247.00000000,0.7918
1749262670,0.79660000,7.00000000,0.7918
1749262670,0.79670000,436.00000000,0.7918
1749262670,0.79690000,127.00000000,0.7918
1749262670,0.79700000,242.00000000,0.7918
1749262670,0.79710000,148.00000000,0.7918
1749262670,0.79720000,116.00000000,0.7918
1749262670,0.79730000,814.00000000,0.7918
1749262670,0.79740000,66.00000000,0.7918
1749262670,0.79760000,127.00000000,0.7918
1749262670,0.79790000,140.00000000,0.7918
1749262670,0.79800000,19.00000000,0.7918
1749262670,0.79810000,10.00000000,0.7918
1749262670,0.79840000,318.00000000,0.7918
1749262670,0.79890000,1917.00000000,0.7918
1749262670,0.79900000,21.00000000,0.7918
1749262670,0.79950000,13.00000000,0.7918
1749262670,0.79960000,8.00000000,0.7918
1749262670,0.79970000,946.00000000,0.7918
1749262670,0.79980000,28.00000000,0.7918
1749262670,0.79990000,709.00000000,0.7918
1749262670,0.80000000,70.00000000,0.7918
1749262670,0.80020000,44.00000000,0.7918
1749262670,0.80060000,38.00000000,0.7918
1749262670,0.80110000,13.00000000,0.7918
1749262670,0.80140000,99.00000000,0.7918
1749262670,0.80150000,7.00000000,0.7918
1749262670,0.80190000,83.00000000,0.7918
1749262670,0.80200000,11.00000000,0.7918
1749262670,0.80260000,56.00000000,0.7918
1749262670,0.80270000,12.00000000,0.7918
1749262670,0.80310000,416.00000000,0.7918
1749262670,0.80350000,11.00000000,0.7918
1749262670,0.80390000,7.00000000,0.7918
1749262670,0.80400000,922.00000000,0.7918
1749262670,0.80420000,370.00000000,0.7918
1749262670,0.80430000,7.00000000,0.7918
1749262670,0.80440000,335.00000000,0.7918
1749262670,0.80470000,7.00000000,0.7918
1749262670,0.80480000,24.00000000,0.7918
1749262670,0.80490000,75.00000000,0.7918
1749262670,0.80540000,17.00000000,0.7918
1749262670,0.80550000,14.00000000,0.7918
1749262670,0.80620000,77.00000000,0.7918
1749262670,0.80640000,7.00000000,0.7918
1749262670,0.80660000,679.00000000,0.7918
1749262670,0.80670000,136.00000000,0.7918
1749262670,0.80680000,9.00000000,0.7918
1749262670,0.80710000,8.00000000,0.7918
1749262670,0.80730000,53.00000000,0.7918
1749262670,0.80740000,83.00000000,0.7918
1749262670,0.80760000,8.00000000,0.7918
1749262670,0.80800000,100.00000000,0.7918
1749262670,0.80820000,61.00000000,0.7918
1749262670,0.80830000,8.00000000,0.7918
1749262670,0.80860000,7.00000000,0.7918
1749262670,0.80870000,1666.00000000,0.7918
1749262973,0.79230000,131.00000000,0.792
1749262973,0.79240000,271.00000000,0.792
1749262973,0.79250000,279.00000000,0.792
1749262973,0.79260000,902.00000000,0.792
1749262973,0.79270000,2038.00000000,0.792
1749262973,0.79280000,1564.00000000,0.792
1749262973,0.79290000,247.00000000,0.792
1749262973,0.79300000,352.00000000,0.792
1749262973,0.79310000,2253.00000000,0.792
1749262973,0.79320000,2303.00000000,0.792
1749262973,0.79330000,374.00000000,0.792
1749262973,0.79340000,1856.00000000,0.792
1749262973,0.79350000,1669.00000000,0.792
1749262973,0.79360000,247.00000000,0.792
1749262973,0.79370000,1881.00000000,0.792
1749262973,0.79380000,1114.00000000,0.792
1749262973,0.79390000,2901.00000000,0.792
1749262973,0.79400000,1758.00000000,0.792
1749262973,0.79410000,381.00000000,0.792
1749262973,0.79430000,1147.00000000,0.792
1749262973,0.79440000,374.00000000,0.792
1749262973,0.79450000,6536.00000000,0.792
1749262973,0.79460000,271.00000000,0.792
1749262973,0.79470000,638.00000000,0.792
1749262973,0.79480000,247.00000000,0.792
1749262973,0.79490000,374.00000000,0.792
1749262973,0.79510000,247.00000000,0.792
1749262973,0.79520000,127.00000000,0.792
1749262973,0.79530000,247.00000000,0.792
1749262973,0.79540000,4285.00000000,0.792
1749262973,0.79550000,374.00000000,0.792
1749262973,0.79560000,993.00000000,0.792
1749262973,0.79570000,127.00000000,0.792
1749262973,0.79580000,247.00000000,0.792
1749262973,0.79590000,257.00000000,0.792
1749262973,0.79600000,374.00000000,0.792
1749262973,0.79620000,374.00000000,0.792
1749262973,0.79630000,13.00000000,0.792
1749262973,0.79640000,247.00000000,0.792
1749262973,0.79660000,7.00000000,0.792
1749262973,0.79670000,436.00000000,0.792
1749262973,0.79680000,899.00000000,0.792
1749262973,0.79690000,374.00000000,0.792
1749262973,0.79700000,489.00000000,0.792
1749262973,0.79710000,148.00000000,0.792
1749262973,0.79720000,116.00000000,0.792
1749262973,0.79730000,814.00000000,0.792
1749262973,0.79740000,66.00000000,0.792
1749262973,0.79760000,127.00000000,0.792
1749262973,0.79790000,841.00000000,0.792
1749262973,0.79800000,19.00000000,0.792
1749262973,0.79810000,10.00000000,0.792
1749262973,0.79840000,318.00000000,0.792
1749262973,0.79890000,1917.00000000,0.792
1749262973,0.79900000,21.00000000,0.792
1749262973,0.79950000,13.00000000,0.792
1749262973,0.79960000,8.00000000,0.792
1749262973,0.79970000,946.00000000,0.792
1749262973,0.79980000,28.00000000,0.792
1749262973,0.79990000,8.00000000,0.792
1749262973,0.80000000,70.00000000,0.792
1749262973,0.80020000,44.00000000,0.792
1749262973,0.80060000,38.00000000,0.792
1749262973,0.80110000,13.00000000,0.792
1749262973,0.80140000,99.00000000,0.792
1749262973,0.80150000,7.00000000,0.792
1749262973,0.80190000,83.00000000,0.792
1749262973,0.80200000,11.00000000,0.792
1749262973,0.80260000,56.00000000,0.792
1749262973,0.80270000,12.00000000,0.792
1749262973,0.80310000,416.00000000,0.792
1749262973,0.80350000,11.00000000,0.792
1749262973,0.80390000,7.00000000,0.792
1749262973,0.80400000,922.00000000,0.792
1749262973,0.80420000,370.00000000,0.792
1749262973,0.80430000,7.00000000,0.792
1749262973,0.80440000,335.00000000,0.792
1749262973,0.80470000,7.00000000,0.792
1749262973,0.80480000,24.00000000,0.792
1749262973,0.80490000,75.00000000,0.792
1749262973,0.80540000,17.00000000,0.792
1749262973,0.80550000,14.00000000,0.792
1749262973,0.80620000,77.00000000,0.792
1749262973,0.80640000,7.00000000,0.792
1749262973,0.80660000,679.00000000,0.792
1749262973,0.80670000,136.00000000,0.792
1749262973,0.80680000,9.00000000,0.792
1749262973,0.80710000,8.00000000,0.792
1749262973,0.80730000,53.00000000,0.792
1749262973,0.80740000,83.00000000,0.792
1749262973,0.80760000,8.00000000,0.792
1749262973,0.80800000,100.00000000,0.792
1749262973,0.80820000,61.00000000,0.792
1749262973,0.80830000,8.00000000,0.792
1749262973,0.80860000,7.00000000,0.792
1749262973,0.80870000,1666.00000000,0.792
1749262973,0.80890000,7.00000000,0.792
1749262973,0.80900000,271.00000000,0.792
1749262973,0.80920000,49.00000000,0.792
1749262973,0.80960000,8.00000000,0.792
1749263281,0.79310000,13.00000000,0.792
1749263281,0.79320000,32.00000000,0.792
1749263281,0.79330000,32.00000000,0.792
1749263281,0.79340000,247.00000000,0.792
1749263281,0.79350000,1346.00000000,0.792
1749263281,0.79360000,3044.00000000,0.792
1749263281,0.79370000,1622.00000000,0.792
1749263281,0.79380000,1907.00000000,0.792
1749263281,0.79390000,1585.00000000,0.792
1749263281,0.79400000,352.00000000,0.792
1749263281,0.79410000,802.00000000,0.792
1749263281,0.79420000,2896.00000000,0.792
1749263281,0.79430000,317.00000000,0.792
1749263281,0.79440000,2795.00000000,0.792
1749263281,0.79450000,1598.00000000,0.792
1749263281,0.79460000,361.00000000,0.792
1749263281,0.79470000,260.00000000,0.792
1749263281,0.79480000,247.00000000,0.792
1749263281,0.79490000,374.00000000,0.792
1749263281,0.79500000,352.00000000,0.792
1749263281,0.79510000,247.00000000,0.792
1749263281,0.79520000,374.00000000,0.792
1749263281,0.79530000,6930.00000000,0.792
1749263281,0.79540000,254.00000000,0.792
1749263281,0.79550000,1274.00000000,0.792
1749263281,0.79560000,247.00000000,0.792
1749263281,0.79570000,374.00000000,0.792
1749263281,0.79580000,247.00000000,0.792
1749263281,0.79590000,257.00000000,0.792
1749263281,0.79600000,4401.00000000,0.792
1749263281,0.79620000,374.00000000,0.792
1749263281,0.79630000,13.00000000,0.792
1749263281,0.79640000,364.00000000,0.792
1749263281,0.79650000,247.00000000,0.792
1749263281,0.79660000,7.00000000,0.792
1749263281,0.79670000,436.00000000,0.792
1749263281,0.79690000,374.00000000,0.792
1749263281,0.79700000,1388.00000000,0.792
1749263281,0.79710000,395.00000000,0.792
1749263281,0.79720000,363.00000000,0.792
1749263281,0.79730000,1061.00000000,0.792
1749263281,0.79740000,66.00000000,0.792
1749263281,0.79750000,632.00000000,0.792
1749263281,0.79760000,127.00000000,0.792
1749263281,0.79790000,841.00000000,0.792
1749263281,0.79800000,19.00000000,0.792
1749263281,0.79810000,10.00000000,0.792
1749263281,0.79840000,318.00000000,0.792
1749263281,0.79890000,1917.00000000,0.792
1749263281,0.79900000,21.00000000,0.792
1749263281,0.79950000,13.00000000,0.792
1749263281,0.79960000,8.00000000,0.792
1749263281,0.79970000,31.00000000,0.792
1749263281,0.79980000,28.00000000,0.792
1749263281,0.79990000,8.00000000,0.792
1749263281,0.80000000,70.00000000,0.792
1749263281,0.80020000,44.00000000,0.792
1749263281,0.80110000,13.00000000,0.792
1749263281,0.80140000,99.00000000,0.792
1749263281,0.80150000,905.00000000,0.792
1749263281,0.80190000,83.00000000,0.792
1749263281,0.80200000,11.00000000,0.792
1749263281,0.80260000,56.00000000,0.792
1749263281,0.80270000,12.00000000,0.792
1749263281,0.80310000,416.00000000,0.792
1749263281,0.80340000,38.00000000,0.792
1749263281,0.80350000,11.00000000,0.792
1749263281,0.80390000,7.00000000,0.792
1749263281,0.80400000,922.00000000,0.792
1749263281,0.80420000,370.00000000,0.792
1749263281,0.80430000,7.00000000,0.792
1749263281,0.80440000,335.00000000,0.792
1749263281,0.80470000,7.00000000,0.792
1749263281,0.80480000,24.00000000,0.792
1749263281,0.80490000,75.00000000,0.792
1749263281,0.80540000,17.00000000,0.792
1749263281,0.80550000,14.00000000,0.792
1749263281,0.80620000,77.00000000,0.792
1749263281,0.80640000,7.00000000,0.792
1749263281,0.80660000,679.00000000,0.792
1749263281,0.80670000,136.00000000,0.792
1749263281,0.80680000,9.00000000,0.792
1749263281,0.80710000,8.00000000,0.792
1749263281,0.80730000,53.00000000,0.792
1749263281,0.80740000,83.00000000,0.792
1749263281,0.80760000,8.00000000,0.792
1749263281,0.80800000,100.00000000,0.792
1749263281,0.80820000,61.00000000,0.792
1749263281,0.80830000,8.00000000,0.792
1749263281,0.80860000,7.00000000,0.792
1749263281,0.80870000,1666.00000000,0.792
1749263281,0.80890000,7.00000000,0.792
1749263281,0.80900000,271.00000000,0.792
1749263281,0.80920000,49.00000000,0.792
1749263281,0.80960000,8.00000000,0.792
1749263281,0.80980000,24.00000000,0.792
1749263281,0.81000000,295.00000000,0.792
1749263281,0.81040000,12.00000000,0.792
1749263281,0.81060000,70.00000000,0.792
1749263281,0.81080000,16.00000000,0.792
1749263583,0.79240000,250.00000000,0.7923
1749263583,0.79250000,32.00000000,0.7923
1749263583,0.79260000,318.00000000,0.7923
1749263583,0.79270000,247.00000000,0.7923
1749263583,0.79280000,166.00000000,0.7923
1749263583,0.79290000,659.00000000,0.7923
1749263583,0.79300000,1653.00000000,0.7923
1749263583,0.79310000,1738.00000000,0.7923
1749263583,0.79320000,832.00000000,0.7923
1749263583,0.79330000,948.00000000,0.7923
1749263583,0.79340000,2506.00000000,0.7923
1749263583,0.79350000,247.00000000,0.7923
1749263583,0.79360000,891.00000000,0.7923
1749263583,0.79370000,2053.00000000,0.7923
1749263583,0.79380000,2831.00000000,0.7923
1749263583,0.79390000,374.00000000,0.7923
1749263583,0.79400000,1492.00000000,0.7923
1749263583,0.79410000,1512.00000000,0.7923
1749263583,0.79420000,1339.00000000,0.7923
1749263583,0.79430000,247.00000000,0.7923
1749263583,0.79440000,479.00000000,0.7923
1749263583,0.79450000,247.00000000,0.7923
1749263583,0.79460000,271.00000000,0.7923
1749263583,0.79470000,6771.00000000,0.7923
1749263583,0.79480000,625.00000000,0.7923
1749263583,0.79490000,1584.00000000,0.7923
1749263583,0.79510000,247.00000000,0.7923
1749263583,0.79520000,4511.00000000,0.7923
1749263583,0.79530000,247.00000000,0.7923
1749263583,0.79540000,254.00000000,0.7923
1749263583,0.79550000,374.00000000,0.7923
1749263583,0.79560000,610.00000000,0.7923
1749263583,0.79570000,374.00000000,0.7923
1749263583,0.79580000,247.00000000,0.7923
1749263583,0.79590000,257.00000000,0.7923
1749263583,0.79600000,374.00000000,0.7923
1749263583,0.79620000,374.00000000,0.7923
1749263583,0.79630000,13.00000000,0.7923
1749263583,0.79650000,247.00000000,0.7923
1749263583,0.79660000,7.00000000,0.7923
1749263583,0.79670000,1336.00000000,0.7923
1749263583,0.79690000,374.00000000,0.7923
1749263583,0.79700000,255.00000000,0.7923
1749263583,0.79710000,395.00000000,0.7923
1749263583,0.79720000,116.00000000,0.7923
1749263583,0.79730000,814.00000000,0.7923
1749263583,0.79740000,66.00000000,0.7923
1749263583,0.79750000,385.00000000,0.7923
1749263583,0.79760000,127.00000000,0.7923
1749263583,0.79790000,841.00000000,0.7923
1749263583,0.79800000,19.00000000,0.7923
1749263583,0.79810000,10.00000000,0.7923
1749263583,0.79820000,126.00000000,0.7923
1749263583,0.79830000,126.00000000,0.7923
1749263583,0.79840000,318.00000000,0.7923
1749263583,0.79860000,233.00000000,0.7923
1749263583,0.79880000,126.00000000,0.7923
1749263583,0.79890000,1917.00000000,0.7923
1749263583,0.79900000,21.00000000,0.7923
1749263583,0.79950000,13.00000000,0.7923
1749263583,0.79960000,8.00000000,0.7923
1749263583,0.79970000,31.00000000,0.7923
1749263583,0.79980000,28.00000000,0.7923
1749263583,0.79990000,8.00000000,0.7923
1749263583,0.80000000,70.00000000,0.7923
1749263583,0.80020000,44.00000000,0.7923
1749263583,0.80110000,13.00000000,0.7923
1749263583,0.80140000,99.00000000,0.7923
1749263583,0.80150000,905.00000000,0.7923
1749263583,0.80190000,83.00000000,0.7923
1749263583,0.80200000,11.00000000,0.7923
1749263583,0.80260000,56.00000000,0.7923
1749263583,0.80270000,12.00000000,0.7923
1749263583,0.80310000,416.00000000,0.7923
1749263583,0.80340000,38.00000000,0.7923
1749263583,0.80350000,11.00000000,0.7923
1749263583,0.80390000,7.00000000,0.7923
1749263583,0.80400000,922.00000000,0.7923
1749263583,0.80420000,370.00000000,0.7923
1749263583,0.80430000,7.00000000,0.7923
1749263583,0.80440000,335.00000000,0.7923
1749263583,0.80470000,7.00000000,0.7923
1749263583,0.80480000,24.00000000,0.7923
1749263583,0.80490000,75.00000000,0.7923
1749263583,0.80540000,17.00000000,0.7923
1749263583,0.80550000,14.00000000,0.7923
1749263583,0.80620000,77.00000000,0.7923
1749263583,0.80640000,7.00000000,0.7923
1749263583,0.80670000,136.00000000,0.7923
1749263583,0.80680000,9.00000000,0.7923
1749263583,0.80710000,8.00000000,0.7923
1749263583,0.80730000,53.00000000,0.7923
1749263583,0.80740000,83.00000000,0.7923
1749263583,0.80760000,8.00000000,0.7923
1749263583,0.80800000,100.00000000,0.7923
1749263583,0.80820000,61.00000000,0.7923
1749263583,0.80830000,8.00000000,0.7923
1749263583,0.80860000,7.00000000,0.7923
1749263583,0.80870000,2345.00000000,0.7923
1749263583,0.80890000,7.00000000,0.7923
1749263884,0.79250000,32.00000000,0.7923
1749263884,0.79260000,247.00000000,0.7923
1749263884,0.79270000,527.00000000,0.7923
1749263884,0.79280000,860.00000000,0.7923
1749263884,0.79290000,247.00000000,0.7923
1749263884,0.79300000,623.00000000,0.7923
1749263884,0.79310000,731.00000000,0.7923
1749263884,0.79320000,2119.00000000,0.7923
1749263884,0.79330000,1538.00000000,0.7923
1749263884,0.79340000,373.00000000,0.7923
1749263884,0.79350000,247.00000000,0.7923
1749263884,0.79360000,1265.00000000,0.7923
1749263884,0.79370000,2956.00000000,0.7923
1749263884,0.79380000,747.00000000,0.7923
1749263884,0.79390000,1665.00000000,0.7923
1749263884,0.79400000,1557.00000000,0.7923
1749263884,0.79410000,381.00000000,0.7923
1749263884,0.79420000,1339.00000000,0.7923
1749263884,0.79430000,1552.00000000,0.7923
1749263884,0.79440000,8010.00000000,0.7923
1749263884,0.79450000,247.00000000,0.7923
1749263884,0.79460000,271.00000000,0.7923
1749263884,0.79470000,1865.00000000,0.7923
1749263884,0.79480000,247.00000000,0.7923
1749263884,0.79490000,1584.00000000,0.7923
1749263884,0.79510000,247.00000000,0.7923
1749263884,0.79520000,479.00000000,0.7923
1749263884,0.79530000,247.00000000,0.7923
1749263884,0.79540000,254.00000000,0.7923
1749263884,0.79550000,374.00000000,0.7923
1749263884,0.79560000,610.00000000,0.7923
1749263884,0.79570000,374.00000000,0.7923
1749263884,0.79580000,4276.00000000,0.7923
1749263884,0.79590000,257.00000000,0.7923
1749263884,0.79600000,479.00000000,0.7923
1749263884,0.79620000,374.00000000,0.7923
1749263884,0.79630000,13.00000000,0.7923
1749263884,0.79660000,7.00000000,0.7923
1749263884,0.79670000,428.00000000,0.7923
1749263884,0.79690000,127.00000000,0.7923
1749263884,0.79700000,8.00000000,0.7923
1749263884,0.79710000,148.00000000,0.7923
1749263884,0.79720000,116.00000000,0.7923
1749263884,0.79730000,814.00000000,0.7923
1749263884,0.79740000,66.00000000,0.7923
1749263884,0.79750000,385.00000000,0.7923
1749263884,0.79760000,1025.00000000,0.7923
1749263884,0.79790000,140.00000000,0.7923
1749263884,0.79800000,19.00000000,0.7923
1749263884,0.79810000,10.00000000,0.7923
1749263884,0.79820000,126.00000000,0.7923
1749263884,0.79830000,126.00000000,0.7923
1749263884,0.79840000,318.00000000,0.7923
1749263884,0.79860000,233.00000000,0.7923
1749263884,0.79880000,126.00000000,0.7923
1749263884,0.79890000,1917.00000000,0.7923
1749263884,0.79900000,21.00000000,0.7923
1749263884,0.79950000,13.00000000,0.7923
1749263884,0.79960000,8.00000000,0.7923
1749263884,0.79970000,31.00000000,0.7923
1749263884,0.79980000,28.00000000,0.7923
1749263884,0.79990000,709.00000000,0.7923
1749263884,0.80000000,70.00000000,0.7923
1749263884,0.80020000,44.00000000,0.7923
1749263884,0.80110000,13.00000000,0.7923
1749263884,0.80140000,99.00000000,0.7923
1749263884,0.80150000,905.00000000,0.7923
1749263884,0.80190000,83.00000000,0.7923
1749263884,0.80200000,11.00000000,0.7923
1749263884,0.80260000,56.00000000,0.7923
1749263884,0.80270000,12.00000000,0.7923
1749263884,0.80310000,416.00000000,0.7923
1749263884,0.80340000,38.00000000,0.7923
1749263884,0.80350000,11.00000000,0.7923
1749263884,0.80390000,7.00000000,0.7923
1749263884,0.80400000,922.00000000,0.7923
1749263884,0.80420000,370.00000000,0.7923
1749263884,0.80430000,7.00000000,0.7923
1749263884,0.80440000,335.00000000,0.7923
1749263884,0.80470000,7.00000000,0.7923
1749263884,0.80480000,24.00000000,0.7923
1749263884,0.80490000,75.00000000,0.7923
1749263884,0.80540000,10.00000000,0.7923
1749263884,0.80550000,14.00000000,0.7923
1749263884,0.80620000,77.00000000,0.7923
1749263884,0.80640000,7.00000000,0.7923
1749263884,0.80670000,136.00000000,0.7923
1749263884,0.80680000,9.00000000,0.7923
1749263884,0.80710000,8.00000000,0.7923
1749263884,0.80730000,53.00000000,0.7923
1749263884,0.80740000,83.00000000,0.7923
1749263884,0.80760000,8.00000000,0.7923
1749263884,0.80800000,100.00000000,0.7923
1749263884,0.80820000,61.00000000,0.7923
1749263884,0.80830000,8.00000000,0.7923
1749263884,0.80860000,145.00000000,0.7923
1749263884,0.80870000,2345.00000000,0.7923
1749263884,0.80890000,7.00000000,0.7923
1749263884,0.80900000,271.00000000,0.7923
1749263884,0.80920000,49.00000000,0.7923
1749264186,0.79170000,305.00000000,0.7915
1749264186,0.79190000,685.00000000,0.7915
1749264186,0.79200000,959.00000000,0.7915
1749264186,0.79230000,247.00000000,0.7915
1749264186,0.79240000,726.00000000,0.7915
1749264186,0.79250000,1625.00000000,0.7915
1749264186,0.79260000,374.00000000,0.7915
1749264186,0.79270000,1537.00000000,0.7915
1749264186,0.79280000,2914.00000000,0.7915
1749264186,0.79290000,513.00000000,0.7915
1749264186,0.79300000,1074.00000000,0.7915
1749264186,0.79310000,815.00000000,0.7915
1749264186,0.79320000,1850.00000000,0.7915
1749264186,0.79330000,1498.00000000,0.7915
1749264186,0.79340000,464.00000000,0.7915
1749264186,0.79350000,1658.00000000,0.7915
1749264186,0.79360000,1378.00000000,0.7915
1749264186,0.79370000,2797.00000000,0.7915
1749264186,0.79380000,1446.00000000,0.7915
1749264186,0.79390000,1962.00000000,0.7915
1749264186,0.79400000,247.00000000,0.7915
1749264186,0.79410000,381.00000000,0.7915
1749264186,0.79420000,6283.00000000,0.7915
1749264186,0.79430000,247.00000000,0.7915
1749264186,0.79440000,479.00000000,0.7915
1749264186,0.79450000,247.00000000,0.7915
1749264186,0.79460000,271.00000000,0.7915
1749264186,0.79470000,260.00000000,0.7915
1749264186,0.79480000,5551.00000000,0.7915
1749264186,0.79490000,374.00000000,0.7915
1749264186,0.79510000,247.00000000,0.7915
1749264186,0.79520000,374.00000000,0.7915
1749264186,0.79530000,247.00000000,0.7915
1749264186,0.79540000,254.00000000,0.7915
1749264186,0.79550000,374.00000000,0.7915
1749264186,0.79570000,374.00000000,0.7915
1749264186,0.79590000,10.00000000,0.7915
1749264186,0.79600000,374.00000000,0.7915
1749264186,0.79620000,374.00000000,0.7915
1749264186,0.79630000,13.00000000,0.7915
1749264186,0.79660000,7.00000000,0.7915
1749264186,0.79670000,181.00000000,0.7915
1749264186,0.79690000,127.00000000,0.7915
1749264186,0.79700000,242.00000000,0.7915
1749264186,0.79710000,148.00000000,0.7915
1749264186,0.79720000,116.00000000,0.7915
1749264186,0.79730000,814.00000000,0.7915
1749264186,0.79740000,66.00000000,0.7915
1749264186,0.79750000,385.00000000,0.7915
1749264186,0.79760000,127.00000000,0.7915
1749264186,0.79780000,701.00000000,0.7915
1749264186,0.79790000,140.00000000,0.7915
1749264186,0.79800000,19.00000000,0.7915
1749264186,0.79810000,10.00000000,0.7915
1749264186,0.79820000,126.00000000,0.7915
1749264186,0.79830000,126.00000000,0.7915
1749264186,0.79840000,318.00000000,0.7915
1749264186,0.79880000,126.00000000,0.7915
1749264186,0.79890000,1917.00000000,0.7915
1749264186,0.79900000,21.00000000,0.7915
1749264186,0.79950000,13.00000000,0.7915
1749264186,0.79960000,8.00000000,0.7915
1749264186,0.79970000,31.00000000,0.7915
1749264186,0.79980000,947.00000000,0.7915
1749264186,0.79990000,8.00000000,0.7915
1749264186,0.80000000,70.00000000,0.7915
1749264186,0.80020000,44.00000000,0.7915
1749264186,0.80110000,13.00000000,0.7915
1749264186,0.80140000,99.00000000,0.7915
1749264186,0.80150000,7.00000000,0.7915
1749264186,0.80190000,83.00000000,0.7915
1749264186,0.80200000,11.00000000,0.7915
1749264186,0.80260000,56.00000000,0.7915
1749264186,0.80270000,12.00000000,0.7915
1749264186,0.80310000,416.00000000,0.7915
1749264186,0.80340000,38.00000000,0.7915
1749264186,0.80350000,11.00000000,0.7915
1749264186,0.80390000,7.00000000,0.7915
1749264186,0.80400000,922.00000000,0.7915
1749264186,0.80420000,370.00000000,0.7915
1749264186,0.80430000,7.00000000,0.7915
1749264186,0.80440000,335.00000000,0.7915
1749264186,0.80470000,7.00000000,0.7915
1749264186,0.80480000,24.00000000,0.7915
1749264186,0.80490000,75.00000000,0.7915
1749264186,0.80540000,10.00000000,0.7915
1749264186,0.80550000,14.00000000,0.7915
1749264186,0.80620000,77.00000000,0.7915
1749264186,0.80640000,7.00000000,0.7915
1749264186,0.80670000,136.00000000,0.7915
1749264186,0.80680000,9.00000000,0.7915
1749264186,0.80710000,8.00000000,0.7915
1749264186,0.80730000,53.00000000,0.7915
1749264186,0.80740000,83.00000000,0.7915
1749264186,0.80760000,8.00000000,0.7915
1749264186,0.80800000,100.00000000,0.7915
1749264186,0.80820000,61.00000000,0.7915
1749264186,0.80830000,8.00000000,0.7915
1749264186,0.80860000,145.00000000,0.7915
1749264186,0.80870000,2345.00000000,0.7915
1749264487,0.79220000,16.00000000,0.7911
1749264487,0.79250000,232.00000000,0.7911
1749264487,0.79260000,685.00000000,0.7911
1749264487,0.79270000,1136.00000000,0.7911
1749264487,0.79280000,1766.00000000,0.7911
1749264487,0.79290000,964.00000000,0.7911
1749264487,0.79300000,716.00000000,0.7911
1749264487,0.79310000,2359.00000000,0.7911
1749264487,0.79320000,4770.00000000,0.7911
1749264487,0.79330000,2619.00000000,0.7911
1749264487,0.79340000,2876.00000000,0.7911
1749264487,0.79350000,247.00000000,0.7911
1749264487,0.79360000,478.00000000,0.7911
1749264487,0.79380000,247.00000000,0.7911
1749264487,0.79390000,1584.00000000,0.7911
1749264487,0.79400000,247.00000000,0.7911
1749264487,0.79410000,381.00000000,0.7911
1749264487,0.79430000,6582.00000000,0.7911
1749264487,0.79440000,1379.00000000,0.7911
1749264487,0.79450000,625.00000000,0.7911
1749264487,0.79460000,271.00000000,0.7911
1749264487,0.79470000,260.00000000,0.7911
1749264487,0.79480000,247.00000000,0.7911
1749264487,0.79490000,374.00000000,0.7911
1749264487,0.79510000,4279.00000000,0.7911
1749264487,0.79520000,864.00000000,0.7911
1749264487,0.79530000,934.00000000,0.7911
1749264487,0.79540000,254.00000000,0.7911
1749264487,0.79550000,374.00000000,0.7911
1749264487,0.79560000,608.00000000,0.7911
1749264487,0.79570000,374.00000000,0.7911
1749264487,0.79580000,1148.00000000,0.7911
1749264487,0.79590000,10.00000000,0.7911
1749264487,0.79600000,374.00000000,0.7911
1749264487,0.79620000,374.00000000,0.7911
1749264487,0.79630000,13.00000000,0.7911
1749264487,0.79660000,7.00000000,0.7911
1749264487,0.79670000,428.00000000,0.7911
1749264487,0.79690000,2291.00000000,0.7911
1749264487,0.79700000,489.00000000,0.7911
1749264487,0.79710000,395.00000000,0.7911
1749264487,0.79720000,116.00000000,0.7911
1749264487,0.79730000,127.00000000,0.7911
1749264487,0.79740000,66.00000000,0.7911
1749264487,0.79760000,127.00000000,0.7911
1749264487,0.79780000,701.00000000,0.7911
1749264487,0.79790000,140.00000000,0.7911
1749264487,0.79800000,19.00000000,0.7911
1749264487,0.79810000,10.00000000,0.7911
1749264487,0.79820000,126.00000000,0.7911
1749264487,0.79830000,126.00000000,0.7911
1749264487,0.79840000,318.00000000,0.7911
1749264487,0.79880000,126.00000000,0.7911
1749264487,0.79900000,21.00000000,0.7911
1749264487,0.79950000,13.00000000,0.7911
1749264487,0.79960000,8.00000000,0.7911
1749264487,0.79970000,31.00000000,0.7911
1749264487,0.79980000,947.00000000,0.7911
1749264487,0.79990000,8.00000000,0.7911
1749264487,0.80000000,70.00000000,0.7911
1749264487,0.80020000,44.00000000,0.7911
1749264487,0.80110000,13.00000000,0.7911
1749264487,0.80140000,99.00000000,0.7911
1749264487,0.80150000,7.00000000,0.7911
1749264487,0.80190000,83.00000000,0.7911
1749264487,0.80200000,11.00000000,0.7911
1749264487,0.80260000,56.00000000,0.7911
1749264487,0.80270000,12.00000000,0.7911
1749264487,0.80310000,416.00000000,0.7911
1749264487,0.80340000,38.00000000,0.7911
1749264487,0.80350000,11.00000000,0.7911
1749264487,0.80390000,7.00000000,0.7911
1749264487,0.80400000,922.00000000,0.7911
1749264487,0.80420000,370.00000000,0.7911
1749264487,0.80430000,7.00000000,0.7911
1749264487,0.80440000,335.00000000,0.7911
1749264487,0.80470000,7.00000000,0.7911
1749264487,0.80480000,24.00000000,0.7911
1749264487,0.80490000,75.00000000,0.7911
1749264487,0.80540000,10.00000000,0.7911
1749264487,0.80550000,14.00000000,0.7911
1749264487,0.80620000,77.00000000,0.7911
1749264487,0.80640000,7.00000000,0.7911
1749264487,0.80670000,136.00000000,0.7911
1749264487,0.80680000,9.00000000,0.7911
1749264487,0.80710000,8.00000000,0.7911
1749264487,0.80730000,53.00000000,0.7911
1749264487,0.80740000,83.00000000,0.7911
1749264487,0.80760000,8.00000000,0.7911
1749264487,0.80800000,100.00000000,0.7911
1749264487,0.80820000,61.00000000,0.7911
1749264487,0.80830000,8.00000000,0.7911
1749264487,0.80860000,145.00000000,0.7911
1749264487,0.80870000,2345.00000000,0.7911
1749264487,0.80890000,7.00000000,0.7911
1749264487,0.80900000,271.00000000,0.7911
1749264487,0.80920000,49.00000000,0.7911
1749264487,0.80960000,8.00000000,0.7911
1749264487,0.80980000,24.00000000,0.7911
1749264487,0.81000000,295.00000000,0.7911
1749264789,0.79240000,341.00000000,0.7925
1749264789,0.79260000,71.00000000,0.7925
1749264789,0.79270000,374.00000000,0.7925
1749264789,0.79280000,133.00000000,0.7925
1749264789,0.79290000,705.00000000,0.7925
1749264789,0.79300000,1526.00000000,0.7925
1749264789,0.79310000,814.00000000,0.7925
1749264789,0.79320000,1091.00000000,0.7925
1749264789,0.79330000,2765.00000000,0.7925
1749264789,0.79340000,908.00000000,0.7925
1749264789,0.79350000,2216.00000000,0.7925
1749264789,0.79360000,2841.00000000,0.7925
1749264789,0.79370000,508.00000000,0.7925
1749264789,0.79380000,612.00000000,0.7925
1749264789,0.79390000,2098.00000000,0.7925
1749264789,0.79400000,1703.00000000,0.7925
1749264789,0.79410000,634.00000000,0.7925
1749264789,0.79420000,1210.00000000,0.7925
1749264789,0.79430000,247.00000000,0.7925
1749264789,0.79440000,1698.00000000,0.7925
1749264789,0.79450000,2487.00000000,0.7925
1749264789,0.79460000,271.00000000,0.7925
1749264789,0.79470000,260.00000000,0.7925
1749264789,0.79480000,6953.00000000,0.7925
1749264789,0.79490000,374.00000000,0.7925
1749264789,0.79510000,247.00000000,0.7925
1749264789,0.79520000,864.00000000,0.7925
1749264789,0.79530000,247.00000000,0.7925
1749264789,0.79540000,254.00000000,0.7925
1749264789,0.79550000,374.00000000,0.7925
1749264789,0.79560000,608.00000000,0.7925
1749264789,0.79570000,374.00000000,0.7925
1749264789,0.79580000,247.00000000,0.7925
1749264789,0.79590000,10.00000000,0.7925
1749264789,0.79600000,374.00000000,0.7925
1749264789,0.79620000,374.00000000,0.7925
1749264789,0.79630000,13.00000000,0.7925
1749264789,0.79640000,4025.00000000,0.7925
1749264789,0.79650000,247.00000000,0.7925
1749264789,0.79660000,7.00000000,0.7925
1749264789,0.79670000,428.00000000,0.7925
1749264789,0.79690000,374.00000000,0.7925
1749264789,0.79700000,489.00000000,0.7925
1749264789,0.79710000,395.00000000,0.7925
1749264789,0.79720000,363.00000000,0.7925
1749264789,0.79730000,814.00000000,0.7925
1749264789,0.79740000,66.00000000,0.7925
1749264789,0.79760000,127.00000000,0.7925
1749264789,0.79780000,701.00000000,0.7925
1749264789,0.79790000,1038.00000000,0.7925
1749264789,0.79800000,19.00000000,0.7925
1749264789,0.79810000,10.00000000,0.7925
1749264789,0.79820000,126.00000000,0.7925
1749264789,0.79830000,126.00000000,0.7925
1749264789,0.79840000,318.00000000,0.7925
1749264789,0.79880000,126.00000000,0.7925
1749264789,0.79890000,1917.00000000,0.7925
1749264789,0.79900000,21.00000000,0.7925
1749264789,0.79950000,13.00000000,0.7925
1749264789,0.79960000,8.00000000,0.7925
1749264789,0.79970000,31.00000000,0.7925
1749264789,0.79980000,947.00000000,0.7925
1749264789,0.79990000,8.00000000,0.7925
1749264789,0.80000000,70.00000000,0.7925
1749264789,0.80020000,44.00000000,0.7925
1749264789,0.80110000,13.00000000,0.7925
1749264789,0.80140000,99.00000000,0.7925
1749264789,0.80150000,7.00000000,0.7925
1749264789,0.80190000,83.00000000,0.7925
1749264789,0.80200000,11.00000000,0.7925
1749264789,0.80260000,56.00000000,0.7925
1749264789,0.80270000,12.00000000,0.7925
1749264789,0.80310000,416.00000000,0.7925
1749264789,0.80340000,38.00000000,0.7925
1749264789,0.80350000,11.00000000,0.7925
1749264789,0.80390000,7.00000000,0.7925
1749264789,0.80400000,922.00000000,0.7925
1749264789,0.80420000,370.00000000,0.7925
1749264789,0.80430000,7.00000000,0.7925
1749264789,0.80440000,335.00000000,0.7925
1749264789,0.80470000,7.00000000,0.7925
1749264789,0.80480000,24.00000000,0.7925
1749264789,0.80490000,75.00000000,0.7925
1749264789,0.80540000,10.00000000,0.7925
1749264789,0.80550000,14.00000000,0.7925
1749264789,0.80620000,77.00000000,0.7925
1749264789,0.80640000,7.00000000,0.7925
1749264789,0.80670000,136.00000000,0.7925
1749264789,0.80680000,9.00000000,0.7925
1749264789,0.80710000,8.00000000,0.7925
1749264789,0.80730000,53.00000000,0.7925
1749264789,0.80740000,83.00000000,0.7925
1749264789,0.80760000,8.00000000,0.7925
1749264789,0.80800000,100.00000000,0.7925
1749264789,0.80820000,61.00000000,0.7925
1749264789,0.80830000,8.00000000,0.7925
1749264789,0.80860000,145.00000000,0.7925
1749264789,0.80870000,2345.00000000,0.7925
1749264789,0.80890000,7.00000000,0.7925
1749264789,0.80900000,271.00000000,0.7925
1749265091,0.79210000,247.00000000,0.7922
1749265091,0.79220000,510.00000000,0.7922
1749265091,0.79230000,384.00000000,0.7922
1749265091,0.79240000,497.00000000,0.7922
1749265091,0.79270000,127.00000000,0.7922
1749265091,0.79280000,713.00000000,0.7922
1749265091,0.79290000,1996.00000000,0.7922
1749265091,0.79300000,1731.00000000,0.7922
1749265091,0.79310000,845.00000000,0.7922
1749265091,0.79320000,191.00000000,0.7922
1749265091,0.79330000,728.00000000,0.7922
1749265091,0.79340000,1603.00000000,0.7922
1749265091,0.79350000,247.00000000,0.7922
1749265091,0.79360000,962.00000000,0.7922
1749265091,0.79370000,2421.00000000,0.7922
1749265091,0.79380000,3047.00000000,0.7922
1749265091,0.79390000,1889.00000000,0.7922
1749265091,0.79400000,1548.00000000,0.7922
1749265091,0.79410000,1281.00000000,0.7922
1749265091,0.79420000,1230.00000000,0.7922
1749265091,0.79430000,247.00000000,0.7922
1749265091,0.79440000,7185.00000000,0.7922
1749265091,0.79450000,1547.00000000,0.7922
1749265091,0.79460000,2632.00000000,0.7922
1749265091,0.79470000,1434.00000000,0.7922
1749265091,0.79480000,247.00000000,0.7922
1749265091,0.79490000,374.00000000,0.7922
1749265091,0.79510000,247.00000000,0.7922
1749265091,0.79520000,479.00000000,0.7922
1749265091,0.79530000,247.00000000,0.7922
1749265091,0.79540000,254.00000000,0.7922
1749265091,0.79550000,374.00000000,0.7922
1749265091,0.79560000,608.00000000,0.7922
1749265091,0.79570000,374.00000000,0.7922
1749265091,0.79580000,247.00000000,0.7922
1749265091,0.79590000,10.00000000,0.7922
1749265091,0.79600000,374.00000000,0.7922
1749265091,0.79620000,374.00000000,0.7922
1749265091,0.79630000,13.00000000,0.7922
1749265091,0.79650000,247.00000000,0.7922
1749265091,0.79660000,7.00000000,0.7922
1749265091,0.79670000,428.00000000,0.7922
1749265091,0.79680000,4023.00000000,0.7922
1749265091,0.79690000,374.00000000,0.7922
1749265091,0.79700000,255.00000000,0.7922
1749265091,0.79710000,1047.00000000,0.7922
1749265091,0.79720000,116.00000000,0.7922
1749265091,0.79730000,127.00000000,0.7922
1749265091,0.79740000,66.00000000,0.7922
1749265091,0.79760000,127.00000000,0.7922
1749265091,0.79770000,385.00000000,0.7922
1749265091,0.79790000,140.00000000,0.7922
1749265091,0.79800000,19.00000000,0.7922
1749265091,0.79810000,10.00000000,0.7922
1749265091,0.79820000,126.00000000,0.7922
1749265091,0.79830000,126.00000000,0.7922
1749265091,0.79840000,318.00000000,0.7922
1749265091,0.79880000,126.00000000,0.7922
1749265091,0.79890000,1917.00000000,0.7922
1749265091,0.79900000,254.00000000,0.7922
1749265091,0.79930000,687.00000000,0.7922
1749265091,0.79950000,13.00000000,0.7922
1749265091,0.79960000,8.00000000,0.7922
1749265091,0.79970000,31.00000000,0.7922
1749265091,0.79980000,947.00000000,0.7922
1749265091,0.79990000,8.00000000,0.7922
1749265091,0.80000000,70.00000000,0.7922
1749265091,0.80020000,44.00000000,0.7922
1749265091,0.80110000,13.00000000,0.7922
1749265091,0.80140000,99.00000000,0.7922
1749265091,0.80150000,7.00000000,0.7922
1749265091,0.80190000,83.00000000,0.7922
1749265091,0.80200000,11.00000000,0.7922
1749265091,0.80210000,701.00000000,0.7922
1749265091,0.80260000,56.00000000,0.7922
1749265091,0.80270000,12.00000000,0.7922
1749265091,0.80310000,416.00000000,0.7922
1749265091,0.80340000,38.00000000,0.7922
1749265091,0.80350000,11.00000000,0.7922
1749265091,0.80390000,7.00000000,0.7922
1749265091,0.80400000,922.00000000,0.7922
1749265091,0.80420000,370.00000000,0.7922
1749265091,0.80430000,7.00000000,0.7922
1749265091,0.80440000,335.00000000,0.7922
1749265091,0.80470000,7.00000000,0.7922
1749265091,0.80480000,24.00000000,0.7922
1749265091,0.80490000,75.00000000,0.7922
1749265091,0.80540000,10.00000000,0.7922
1749265091,0.80550000,14.00000000,0.7922
1749265091,0.80620000,77.00000000,0.7922
1749265091,0.80640000,7.00000000,0.7922
1749265091,0.80670000,136.00000000,0.7922
1749265091,0.80680000,9.00000000,0.7922
1749265091,0.80710000,8.00000000,0.7922
1749265091,0.80730000,53.00000000,0.7922
1749265091,0.80740000,83.00000000,0.7922
1749265091,0.80760000,8.00000000,0.7922
1749265091,0.80800000,100.00000000,0.7922
1749265091,0.80820000,61.00000000,0.7922
1749265091,0.80830000,8.00000000,0.7922
1749265395,0.79260000,7.00000000,0.7921
1749265395,0.79280000,365.00000000,0.7921
1749265395,0.79290000,247.00000000,0.7921
1749265395,0.79300000,497.00000000,0.7921
1749265395,0.79310000,260.00000000,0.7921
1749265395,0.79320000,438.00000000,0.7921
1749265395,0.79330000,563.00000000,0.7921
1749265395,0.79340000,962.00000000,0.7921
1749265395,0.79350000,726.00000000,0.7921
1749265395,0.79360000,2044.00000000,0.7921
1749265395,0.79370000,2123.00000000,0.7921
1749265395,0.79380000,1457.00000000,0.7921
1749265395,0.79390000,952.00000000,0.7921
1749265395,0.79400000,2126.00000000,0.7921
1749265395,0.79410000,2085.00000000,0.7921
1749265395,0.79420000,1536.00000000,0.7921
1749265395,0.79430000,5123.00000000,0.7921
1749265395,0.79440000,1603.00000000,0.7921
1749265395,0.79450000,2309.00000000,0.7921
1749265395,0.79460000,6557.00000000,0.7921
1749265395,0.79470000,2601.00000000,0.7921
1749265395,0.79480000,247.00000000,0.7921
1749265395,0.79490000,752.00000000,0.7921
1749265395,0.79510000,247.00000000,0.7921
1749265395,0.79520000,374.00000000,0.7921
1749265395,0.79530000,247.00000000,0.7921
1749265395,0.79540000,254.00000000,0.7921
1749265395,0.79550000,374.00000000,0.7921
1749265395,0.79560000,606.00000000,0.7921
1749265395,0.79570000,374.00000000,0.7921
1749265395,0.79580000,247.00000000,0.7921
1749265395,0.79590000,4038.00000000,0.7921
1749265395,0.79600000,374.00000000,0.7921
1749265395,0.79620000,374.00000000,0.7921
1749265395,0.79630000,13.00000000,0.7921
1749265395,0.79650000,247.00000000,0.7921
1749265395,0.79660000,7.00000000,0.7921
1749265395,0.79670000,428.00000000,0.7921
1749265395,0.79690000,374.00000000,0.7921
1749265395,0.79700000,255.00000000,0.7921
1749265395,0.79710000,148.00000000,0.7921
1749265395,0.79720000,1015.00000000,0.7921
1749265395,0.79730000,127.00000000,0.7921
1749265395,0.79740000,66.00000000,0.7921
1749265395,0.79760000,127.00000000,0.7921
1749265395,0.79770000,385.00000000,0.7921
1749265395,0.79790000,140.00000000,0.7921
1749265395,0.79800000,19.00000000,0.7921
1749265395,0.79810000,10.00000000,0.7921
1749265395,0.79820000,126.00000000,0.7921
1749265395,0.79830000,126.00000000,0.7921
1749265395,0.79840000,318.00000000,0.7921
1749265395,0.79880000,126.00000000,0.7921
1749265395,0.79890000,1917.00000000,0.7921
1749265395,0.79900000,254.00000000,0.7921
1749265395,0.79930000,687.00000000,0.7921
1749265395,0.79950000,13.00000000,0.7921
1749265395,0.79960000,8.00000000,0.7921
1749265395,0.79970000,31.00000000,0.7921
1749265395,0.79980000,947.00000000,0.7921
1749265395,0.79990000,8.00000000,0.7921
1749265395,0.80000000,771.00000000,0.7921
1749265395,0.80020000,44.00000000,0.7921
1749265395,0.80110000,13.00000000,0.7921
1749265395,0.80140000,99.00000000,0.7921
1749265395,0.80150000,7.00000000,0.7921
1749265395,0.80190000,83.00000000,0.7921
1749265395,0.80200000,11.00000000,0.7921
1749265395,0.80260000,56.00000000,0.7921
1749265395,0.80270000,12.00000000,0.7921
1749265395,0.80310000,416.00000000,0.7921
1749265395,0.80340000,38.00000000,0.7921
1749265395,0.80350000,11.00000000,0.7921
1749265395,0.80390000,7.00000000,0.7921
1749265395,0.80400000,922.00000000,0.7921
1749265395,0.80420000,370.00000000,0.7921
1749265395,0.80430000,7.00000000,0.7921
1749265395,0.80440000,335.00000000,0.7921
1749265395,0.80470000,7.00000000,0.7921
1749265395,0.80480000,24.00000000,0.7921
1749265395,0.80490000,75.00000000,0.7921
1749265395,0.80540000,10.00000000,0.7921
1749265395,0.80550000,14.00000000,0.7921
1749265395,0.80620000,77.00000000,0.7921
1749265395,0.80640000,7.00000000,0.7921
1749265395,0.80670000,136.00000000,0.7921
1749265395,0.80680000,9.00000000,0.7921
1749265395,0.80710000,8.00000000,0.7921
1749265395,0.80730000,53.00000000,0.7921
1749265395,0.80740000,83.00000000,0.7921
1749265395,0.80760000,8.00000000,0.7921
1749265395,0.80800000,100.00000000,0.7921
1749265395,0.80820000,61.00000000,0.7921
1749265395,0.80830000,8.00000000,0.7921
1749265395,0.80860000,145.00000000,0.7921
1749265395,0.80870000,2345.00000000,0.7921
1749265395,0.80890000,7.00000000,0.7921
1749265395,0.80900000,271.00000000,0.7921
1749265395,0.80920000,49.00000000,0.7921
1749265395,0.80960000,8.00000000,0.7921
1749265702,0.79280000,250.00000000,0.7926
1749265702,0.79300000,957.00000000,0.7926
1749265702,0.79310000,3772.00000000,0.7926
1749265702,0.79320000,1663.00000000,0.7926
1749265702,0.79330000,126.00000000,0.7926
1749265702,0.79340000,833.00000000,0.7926
1749265702,0.79350000,590.00000000,0.7926
1749265702,0.79360000,2137.00000000,0.7926
1749265702,0.79370000,1739.00000000,0.7926
1749265702,0.79380000,373.00000000,0.7926
1749265702,0.79390000,817.00000000,0.7926
1749265702,0.79400000,2667.00000000,0.7926
1749265702,0.79410000,2088.00000000,0.7926
1749265702,0.79420000,1854.00000000,0.7926
1749265702,0.79430000,989.00000000,0.7926
1749265702,0.79440000,1703.00000000,0.7926
1749265702,0.79450000,247.00000000,0.7926
1749265702,0.79460000,2382.00000000,0.7926
1749265702,0.79470000,543.00000000,0.7926
1749265702,0.79480000,247.00000000,0.7926
1749265702,0.79490000,1962.00000000,0.7926
1749265702,0.79510000,6555.00000000,0.7926
1749265702,0.79520000,479.00000000,0.7926
1749265702,0.79530000,247.00000000,0.7926
1749265702,0.79540000,254.00000000,0.7926
1749265702,0.79550000,374.00000000,0.7926
1749265702,0.79560000,247.00000000,0.7926
1749265702,0.79570000,374.00000000,0.7926
1749265702,0.79580000,247.00000000,0.7926
1749265702,0.79590000,257.00000000,0.7926
1749265702,0.79600000,374.00000000,0.7926
1749265702,0.79620000,374.00000000,0.7926
1749265702,0.79630000,13.00000000,0.7926
1749265702,0.79640000,359.00000000,0.7926
1749265702,0.79650000,247.00000000,0.7926
1749265702,0.79660000,254.00000000,0.7926
1749265702,0.79670000,428.00000000,0.7926
1749265702,0.79680000,247.00000000,0.7926
1749265702,0.79690000,374.00000000,0.7926
1749265702,0.79700000,255.00000000,0.7926
1749265702,0.79710000,395.00000000,0.7926
1749265702,0.79720000,4384.00000000,0.7926
1749265702,0.79730000,374.00000000,0.7926
1749265702,0.79740000,66.00000000,0.7926
1749265702,0.79750000,247.00000000,0.7926
1749265702,0.79760000,374.00000000,0.7926
1749265702,0.79770000,385.00000000,0.7926
1749265702,0.79790000,140.00000000,0.7926
1749265702,0.79800000,19.00000000,0.7926
1749265702,0.79810000,10.00000000,0.7926
1749265702,0.79820000,126.00000000,0.7926
1749265702,0.79830000,126.00000000,0.7926
1749265702,0.79840000,318.00000000,0.7926
1749265702,0.79860000,897.00000000,0.7926
1749265702,0.79880000,126.00000000,0.7926
1749265702,0.79890000,1917.00000000,0.7926
1749265702,0.79900000,254.00000000,0.7926
1749265702,0.79910000,126.00000000,0.7926
1749265702,0.79930000,687.00000000,0.7926
1749265702,0.79950000,13.00000000,0.7926
1749265702,0.79960000,8.00000000,0.7926
1749265702,0.79970000,31.00000000,0.7926
1749265702,0.79980000,28.00000000,0.7926
1749265702,0.79990000,8.00000000,0.7926
1749265702,0.80000000,70.00000000,0.7926
1749265702,0.80020000,44.00000000,0.7926
1749265702,0.80110000,13.00000000,0.7926
1749265702,0.80140000,99.00000000,0.7926
1749265702,0.80150000,916.00000000,0.7926
1749265702,0.80190000,83.00000000,0.7926
1749265702,0.80200000,11.00000000,0.7926
1749265702,0.80240000,701.00000000,0.7926
1749265702,0.80260000,56.00000000,0.7926
1749265702,0.80270000,12.00000000,0.7926
1749265702,0.80310000,416.00000000,0.7926
1749265702,0.80340000,38.00000000,0.7926
1749265702,0.80350000,11.00000000,0.7926
1749265702,0.80390000,7.00000000,0.7926
1749265702,0.80400000,922.00000000,0.7926
1749265702,0.80420000,370.00000000,0.7926
1749265702,0.80430000,7.00000000,0.7926
1749265702,0.80440000,335.00000000,0.7926
1749265702,0.80470000,7.00000000,0.7926
1749265702,0.80480000,24.00000000,0.7926
1749265702,0.80490000,75.00000000,0.7926
1749265702,0.80540000,10.00000000,0.7926
1749265702,0.80550000,14.00000000,0.7926
1749265702,0.80620000,77.00000000,0.7926
1749265702,0.80640000,7.00000000,0.7926
1749265702,0.80670000,136.00000000,0.7926
1749265702,0.80680000,9.00000000,0.7926
1749265702,0.80710000,8.00000000,0.7926
1749265702,0.80730000,53.00000000,0.7926
1749265702,0.80740000,83.00000000,0.7926
1749265702,0.80760000,8.00000000,0.7926
1749265702,0.80800000,100.00000000,0.7926
1749265702,0.80820000,61.00000000,0.7926
1749265702,0.80830000,8.00000000,0.7926
1749265702,0.80860000,145.00000000,0.7926
1749265702,0.80870000,2345.00000000,0.7926
1749266004,0.79410000,7.00000000,0.7935
1749266004,0.79430000,247.00000000,0.7935
1749266004,0.79440000,377.00000000,0.7935
1749266004,0.79450000,756.00000000,0.7935
1749266004,0.79460000,863.00000000,0.7935
1749266004,0.79470000,260.00000000,0.7935
1749266004,0.79480000,891.00000000,0.7935
1749266004,0.79490000,3682.00000000,0.7935
1749266004,0.79500000,1514.00000000,0.7935
1749266004,0.79510000,247.00000000,0.7935
1749266004,0.79520000,565.00000000,0.7935
1749266004,0.79530000,1280.00000000,0.7935
1749266004,0.79540000,5351.00000000,0.7935
1749266004,0.79550000,2003.00000000,0.7935
1749266004,0.79560000,1457.00000000,0.7935
1749266004,0.79570000,374.00000000,0.7935
1749266004,0.79580000,247.00000000,0.7935
1749266004,0.79590000,257.00000000,0.7935
1749266004,0.79600000,374.00000000,0.7935
1749266004,0.79620000,374.00000000,0.7935
1749266004,0.79630000,638.00000000,0.7935
1749266004,0.79640000,7188.00000000,0.7935
1749266004,0.79650000,247.00000000,0.7935
1749266004,0.79660000,254.00000000,0.7935
1749266004,0.79670000,428.00000000,0.7935
1749266004,0.79680000,247.00000000,0.7935
1749266004,0.79690000,1089.00000000,0.7935
1749266004,0.79700000,255.00000000,0.7935
1749266004,0.79710000,395.00000000,0.7935
1749266004,0.79720000,722.00000000,0.7935
1749266004,0.79730000,374.00000000,0.7935
1749266004,0.79740000,66.00000000,0.7935
1749266004,0.79750000,247.00000000,0.7935
1749266004,0.79760000,374.00000000,0.7935
1749266004,0.79770000,247.00000000,0.7935
1749266004,0.79790000,387.00000000,0.7935
1749266004,0.79800000,19.00000000,0.7935
1749266004,0.79810000,10.00000000,0.7935
1749266004,0.79820000,373.00000000,0.7935
1749266004,0.79830000,373.00000000,0.7935
1749266004,0.79880000,4385.00000000,0.7935
1749266004,0.79900000,21.00000000,0.7935
1749266004,0.79910000,126.00000000,0.7935
1749266004,0.79940000,126.00000000,0.7935
1749266004,0.79950000,13.00000000,0.7935
1749266004,0.79960000,8.00000000,0.7935
1749266004,0.79970000,157.00000000,0.7935
1749266004,0.79980000,923.00000000,0.7935
1749266004,0.79990000,8.00000000,0.7935
1749266004,0.80000000,70.00000000,0.7935
1749266004,0.80020000,44.00000000,0.7935
1749266004,0.80030000,385.00000000,0.7935
1749266004,0.80060000,233.00000000,0.7935
1749266004,0.80110000,1930.00000000,0.7935
1749266004,0.80140000,786.00000000,0.7935
1749266004,0.80150000,916.00000000,0.7935
1749266004,0.80190000,83.00000000,0.7935
1749266004,0.80200000,11.00000000,0.7935
1749266004,0.80260000,374.00000000,0.7935
1749266004,0.80270000,12.00000000,0.7935
1749266004,0.80310000,416.00000000,0.7935
1749266004,0.80340000,38.00000000,0.7935
1749266004,0.80350000,11.00000000,0.7935
1749266004,0.80390000,7.00000000,0.7935
1749266004,0.80400000,922.00000000,0.7935
1749266004,0.80420000,370.00000000,0.7935
1749266004,0.80430000,7.00000000,0.7935
1749266004,0.80440000,335.00000000,0.7935
1749266004,0.80450000,701.00000000,0.7935
1749266004,0.80470000,7.00000000,0.7935
1749266004,0.80480000,24.00000000,0.7935
1749266004,0.80490000,75.00000000,0.7935
1749266004,0.80540000,10.00000000,0.7935
1749266004,0.80550000,14.00000000,0.7935
1749266004,0.80620000,77.00000000,0.7935
1749266004,0.80640000,7.00000000,0.7935
1749266004,0.80670000,136.00000000,0.7935
1749266004,0.80680000,9.00000000,0.7935
1749266004,0.80710000,8.00000000,0.7935
1749266004,0.80730000,53.00000000,0.7935
1749266004,0.80740000,83.00000000,0.7935
1749266004,0.80760000,8.00000000,0.7935
1749266004,0.80800000,100.00000000,0.7935
1749266004,0.80820000,61.00000000,0.7935
1749266004,0.80830000,8.00000000,0.7935
1749266004,0.80860000,145.00000000,0.7935
1749266004,0.80870000,2345.00000000,0.7935
1749266004,0.80890000,7.00000000,0.7935
1749266004,0.80900000,271.00000000,0.7935
1749266004,0.80920000,49.00000000,0.7935
1749266004,0.80960000,8.00000000,0.7935
1749266004,0.80980000,24.00000000,0.7935
1749266004,0.81000000,295.00000000,0.7935
1749266004,0.81040000,12.00000000,0.7935
1749266004,0.81060000,70.00000000,0.7935
1749266004,0.81080000,16.00000000,0.7935
1749266004,0.81100000,99.00000000,0.7935
1749266004,0.81130000,14.00000000,0.7935
1749266004,0.81150000,78.00000000,0.7935
1749266004,0.81200000,22.00000000,0.7935
1749266305,0.79390000,150.00000000,0.7937
1749266305,0.79400000,32.00000000,0.7937
1749266305,0.79410000,263.00000000,0.7937
1749266305,0.79420000,373.00000000,0.7937
1749266305,0.79430000,254.00000000,0.7937
1749266305,0.79440000,789.00000000,0.7937
1749266305,0.79450000,1863.00000000,0.7937
1749266305,0.79460000,1851.00000000,0.7937
1749266305,0.79470000,854.00000000,0.7937
1749266305,0.79480000,467.00000000,0.7937
1749266305,0.79490000,1609.00000000,0.7937
1749266305,0.79500000,1569.00000000,0.7937
1749266305,0.79510000,247.00000000,0.7937
1749266305,0.79520000,1481.00000000,0.7937
1749266305,0.79530000,3929.00000000,0.7937
1749266305,0.79540000,604.00000000,0.7937
1749266305,0.79550000,1512.00000000,0.7937
1749266305,0.79560000,247.00000000,0.7937
1749266305,0.79570000,1700.00000000,0.7937
1749266305,0.79580000,247.00000000,0.7937
1749266305,0.79590000,257.00000000,0.7937
1749266305,0.79600000,478.00000000,0.7937
1749266305,0.79610000,7735.00000000,0.7937
1749266305,0.79620000,752.00000000,0.7937
1749266305,0.79630000,260.00000000,0.7937
1749266305,0.79640000,1147.00000000,0.7937
1749266305,0.79650000,247.00000000,0.7937
1749266305,0.79660000,254.00000000,0.7937
1749266305,0.79670000,1144.00000000,0.7937
1749266305,0.79680000,351.00000000,0.7937
1749266305,0.79690000,374.00000000,0.7937
1749266305,0.79700000,255.00000000,0.7937
1749266305,0.79710000,395.00000000,0.7937
1749266305,0.79720000,726.00000000,0.7937
1749266305,0.79730000,374.00000000,0.7937
1749266305,0.79740000,66.00000000,0.7937
1749266305,0.79750000,247.00000000,0.7937
1749266305,0.79760000,374.00000000,0.7937
1749266305,0.79770000,247.00000000,0.7937
1749266305,0.79790000,387.00000000,0.7937
1749266305,0.79800000,266.00000000,0.7937
1749266305,0.79810000,10.00000000,0.7937
1749266305,0.79820000,373.00000000,0.7937
1749266305,0.79830000,373.00000000,0.7937
1749266305,0.79870000,4013.00000000,0.7937
1749266305,0.79880000,126.00000000,0.7937
1749266305,0.79890000,896.00000000,0.7937
1749266305,0.79900000,21.00000000,0.7937
1749266305,0.79910000,126.00000000,0.7937
1749266305,0.79940000,126.00000000,0.7937
1749266305,0.79950000,13.00000000,0.7937
1749266305,0.79960000,8.00000000,0.7937
1749266305,0.79970000,157.00000000,0.7937
1749266305,0.79980000,28.00000000,0.7937
1749266305,0.79990000,8.00000000,0.7937
1749266305,0.80000000,196.00000000,0.7937
1749266305,0.80020000,170.00000000,0.7937
1749266305,0.80030000,385.00000000,0.7937
1749266305,0.80060000,233.00000000,0.7937
1749266305,0.80110000,1930.00000000,0.7937
1749266305,0.80140000,786.00000000,0.7937
1749266305,0.80150000,916.00000000,0.7937
1749266305,0.80190000,83.00000000,0.7937
1749266305,0.80200000,11.00000000,0.7937
1749266305,0.80260000,374.00000000,0.7937
1749266305,0.80270000,12.00000000,0.7937
1749266305,0.80310000,416.00000000,0.7937
1749266305,0.80340000,38.00000000,0.7937
1749266305,0.80350000,11.00000000,0.7937
1749266305,0.80390000,7.00000000,0.7937
1749266305,0.80400000,922.00000000,0.7937
1749266305,0.80420000,370.00000000,0.7937
1749266305,0.80430000,7.00000000,0.7937
1749266305,0.80440000,335.00000000,0.7937
1749266305,0.80450000,701.00000000,0.7937
1749266305,0.80470000,7.00000000,0.7937
1749266305,0.80480000,24.00000000,0.7937
1749266305,0.80490000,75.00000000,0.7937
1749266305,0.80540000,10.00000000,0.7937
1749266305,0.80550000,14.00000000,0.7937
1749266305,0.80620000,77.00000000,0.7937
1749266305,0.80640000,7.00000000,0.7937
1749266305,0.80670000,136.00000000,0.7937
1749266305,0.80680000,9.00000000,0.7937
1749266305,0.80710000,8.00000000,0.7937
1749266305,0.80730000,53.00000000,0.7937
1749266305,0.80740000,83.00000000,0.7937
1749266305,0.80760000,8.00000000,0.7937
1749266305,0.80800000,100.00000000,0.7937
1749266305,0.80820000,61.00000000,0.7937
1749266305,0.80830000,8.00000000,0.7937
1749266305,0.80860000,145.00000000,0.7937
1749266305,0.80870000,2345.00000000,0.7937
1749266305,0.80890000,7.00000000,0.7937
1749266305,0.80900000,271.00000000,0.7937
1749266305,0.80920000,49.00000000,0.7937
1749266305,0.80960000,8.00000000,0.7937
1749266305,0.80980000,24.00000000,0.7937
1749266305,0.81000000,295.00000000,0.7937
1749266305,0.81040000,12.00000000,0.7937
1749266611,0.79370000,32.00000000,0.7936
1749266611,0.79380000,411.00000000,0.7936
1749266611,0.79390000,279.00000000,0.7936
1749266611,0.79400000,529.00000000,0.7936
1749266611,0.79410000,538.00000000,0.7936
1749266611,0.79420000,843.00000000,0.7936
1749266611,0.79430000,1719.00000000,0.7936
1749266611,0.79440000,373.00000000,0.7936
1749266611,0.79450000,247.00000000,0.7936
1749266611,0.79460000,702.00000000,0.7936
1749266611,0.79470000,1435.00000000,0.7936
1749266611,0.79480000,373.00000000,0.7936
1749266611,0.79490000,1412.00000000,0.7936
1749266611,0.79500000,3764.00000000,0.7936
1749266611,0.79510000,1056.00000000,0.7936
1749266611,0.79520000,2205.00000000,0.7936
1749266611,0.79530000,1959.00000000,0.7936
1749266611,0.79540000,344.00000000,0.7936
1749266611,0.79550000,374.00000000,0.7936
1749266611,0.79560000,247.00000000,0.7936
1749266611,0.79570000,374.00000000,0.7936
1749266611,0.79580000,247.00000000,0.7936
1749266611,0.79590000,635.00000000,0.7936
1749266611,0.79600000,478.00000000,0.7936
1749266611,0.79610000,7782.00000000,0.7936
1749266611,0.79620000,374.00000000,0.7936
1749266611,0.79630000,260.00000000,0.7936
1749266611,0.79650000,1147.00000000,0.7936
1749266611,0.79660000,254.00000000,0.7936
1749266611,0.79670000,428.00000000,0.7936
1749266611,0.79680000,352.00000000,0.7936
1749266611,0.79690000,374.00000000,0.7936
1749266611,0.79700000,255.00000000,0.7936
1749266611,0.79710000,395.00000000,0.7936
1749266611,0.79720000,4747.00000000,0.7936
1749266611,0.79730000,374.00000000,0.7936
1749266611,0.79740000,66.00000000,0.7936
1749266611,0.79750000,1145.00000000,0.7936
1749266611,0.79760000,374.00000000,0.7936
1749266611,0.79770000,247.00000000,0.7936
1749266611,0.79790000,387.00000000,0.7936
1749266611,0.79800000,19.00000000,0.7936
1749266611,0.79810000,10.00000000,0.7936
1749266611,0.79820000,126.00000000,0.7936
1749266611,0.79830000,126.00000000,0.7936
1749266611,0.79880000,126.00000000,0.7936
1749266611,0.79900000,21.00000000,0.7936
1749266611,0.79910000,126.00000000,0.7936
1749266611,0.79930000,687.00000000,0.7936
1749266611,0.79940000,126.00000000,0.7936
1749266611,0.79950000,13.00000000,0.7936
1749266611,0.79960000,8.00000000,0.7936
1749266611,0.79970000,157.00000000,0.7936
1749266611,0.79980000,28.00000000,0.7936
1749266611,0.79990000,8.00000000,0.7936
1749266611,0.80000000,196.00000000,0.7936
1749266611,0.80020000,170.00000000,0.7936
1749266611,0.80030000,1086.00000000,0.7936
1749266611,0.80060000,233.00000000,0.7936
1749266611,0.80110000,1930.00000000,0.7936
1749266611,0.80140000,99.00000000,0.7936
1749266611,0.80150000,916.00000000,0.7936
1749266611,0.80190000,83.00000000,0.7936
1749266611,0.80200000,11.00000000,0.7936
1749266611,0.80260000,374.00000000,0.7936
1749266611,0.80270000,12.00000000,0.7936
1749266611,0.80310000,416.00000000,0.7936
1749266611,0.80340000,38.00000000,0.7936
1749266611,0.80350000,11.00000000,0.7936
1749266611,0.80390000,7.00000000,0.7936
1749266611,0.80400000,922.00000000,0.7936
1749266611,0.80420000,370.00000000,0.7936
1749266611,0.80430000,7.00000000,0.7936
1749266611,0.80440000,335.00000000,0.7936
1749266611,0.80470000,7.00000000,0.7936
1749266611,0.80480000,24.00000000,0.7936
1749266611,0.80490000,75.00000000,0.7936
1749266611,0.80540000,10.00000000,0.7936
1749266611,0.80550000,14.00000000,0.7936
1749266611,0.80620000,77.00000000,0.7936
1749266611,0.80640000,7.00000000,0.7936
1749266611,0.80670000,136.00000000,0.7936
1749266611,0.80680000,9.00000000,0.7936
1749266611,0.80710000,8.00000000,0.7936
1749266611,0.80730000,53.00000000,0.7936
1749266611,0.80740000,83.00000000,0.7936
1749266611,0.80760000,8.00000000,0.7936
1749266611,0.80800000,100.00000000,0.7936
1749266611,0.80820000,61.00000000,0.7936
1749266611,0.80830000,8.00000000,0.7936
1749266611,0.80860000,145.00000000,0.7936
1749266611,0.80870000,2345.00000000,0.7936
1749266611,0.80890000,7.00000000,0.7936
1749266611,0.80900000,271.00000000,0.7936
1749266611,0.80920000,49.00000000,0.7936
1749266611,0.80960000,8.00000000,0.7936
1749266611,0.80980000,24.00000000,0.7936
1749266611,0.81000000,295.00000000,0.7936
1749266611,0.81040000,12.00000000,0.7936
1749266611,0.81060000,70.00000000,0.7936
1749266913,0.79460000,24.00000000,0.7939
1749266913,0.79470000,45.00000000,0.7939
1749266913,0.79480000,32.00000000,0.7939
1749266913,0.79490000,279.00000000,0.7939
1749266913,0.79500000,32.00000000,0.7939
1749266913,0.79510000,247.00000000,0.7939
1749266913,0.79520000,1433.00000000,0.7939
1749266913,0.79530000,3120.00000000,0.7939
1749266913,0.79540000,254.00000000,0.7939
1749266913,0.79550000,374.00000000,0.7939
1749266913,0.79560000,1414.00000000,0.7939
1749266913,0.79570000,1685.00000000,0.7939
1749266913,0.79580000,247.00000000,0.7939
1749266913,0.79590000,2544.00000000,0.7939
1749266913,0.79600000,478.00000000,0.7939
1749266913,0.79610000,666.00000000,0.7939
1749266913,0.79620000,3377.00000000,0.7939
1749266913,0.79630000,634.00000000,0.7939
1749266913,0.79640000,1457.00000000,0.7939
1749266913,0.79650000,1147.00000000,0.7939
1749266913,0.79660000,254.00000000,0.7939
1749266913,0.79670000,428.00000000,0.7939
1749266913,0.79680000,730.00000000,0.7939
1749266913,0.79690000,374.00000000,0.7939
1749266913,0.79700000,6513.00000000,0.7939
1749266913,0.79710000,395.00000000,0.7939
1749266913,0.79720000,363.00000000,0.7939
1749266913,0.79730000,374.00000000,0.7939
1749266913,0.79740000,66.00000000,0.7939
1749266913,0.79750000,247.00000000,0.7939
1749266913,0.79760000,478.00000000,0.7939
1749266913,0.79770000,247.00000000,0.7939
1749266913,0.79790000,387.00000000,0.7939
1749266913,0.79800000,628.00000000,0.7939
1749266913,0.79810000,10.00000000,0.7939
1749266913,0.79820000,373.00000000,0.7939
1749266913,0.79830000,373.00000000,0.7939
1749266913,0.79840000,4910.00000000,0.7939
1749266913,0.79850000,247.00000000,0.7939
1749266913,0.79880000,373.00000000,0.7939
1749266913,0.79900000,21.00000000,0.7939
1749266913,0.79910000,373.00000000,0.7939
1749266913,0.79930000,247.00000000,0.7939
1749266913,0.79940000,373.00000000,0.7939
1749266913,0.79950000,13.00000000,0.7939
1749266913,0.79960000,8.00000000,0.7939
1749266913,0.79970000,157.00000000,0.7939
1749266913,0.79980000,28.00000000,0.7939
1749266913,0.79990000,8.00000000,0.7939
1749266913,0.80000000,196.00000000,0.7939
1749266913,0.80020000,170.00000000,0.7939
1749266913,0.80030000,385.00000000,0.7939
1749266913,0.80060000,359.00000000,0.7939
1749266913,0.80110000,1930.00000000,0.7939
1749266913,0.80140000,99.00000000,0.7939
1749266913,0.80150000,1603.00000000,0.7939
1749266913,0.80190000,83.00000000,0.7939
1749266913,0.80200000,11.00000000,0.7939
1749266913,0.80260000,1075.00000000,0.7939
1749266913,0.80270000,12.00000000,0.7939
1749266913,0.80310000,416.00000000,0.7939
1749266913,0.80340000,38.00000000,0.7939
1749266913,0.80350000,11.00000000,0.7939
1749266913,0.80390000,7.00000000,0.7939
1749266913,0.80400000,922.00000000,0.7939
1749266913,0.80420000,370.00000000,0.7939
1749266913,0.80430000,7.00000000,0.7939
1749266913,0.80440000,335.00000000,0.7939
1749266913,0.80470000,7.00000000,0.7939
1749266913,0.80480000,24.00000000,0.7939
1749266913,0.80490000,75.00000000,0.7939
1749266913,0.80540000,10.00000000,0.7939
1749266913,0.80550000,14.00000000,0.7939
1749266913,0.80620000,77.00000000,0.7939
1749266913,0.80640000,7.00000000,0.7939
1749266913,0.80670000,136.00000000,0.7939
1749266913,0.80680000,9.00000000,0.7939
1749266913,0.80710000,8.00000000,0.7939
1749266913,0.80730000,53.00000000,0.7939
1749266913,0.80740000,83.00000000,0.7939
1749266913,0.80760000,8.00000000,0.7939
1749266913,0.80800000,100.00000000,0.7939
1749266913,0.80820000,61.00000000,0.7939
1749266913,0.80830000,8.00000000,0.7939
1749266913,0.80860000,145.00000000,0.7939
1749266913,0.80870000,2345.00000000,0.7939
1749266913,0.80890000,7.00000000,0.7939
1749266913,0.80900000,271.00000000,0.7939
1749266913,0.80920000,49.00000000,0.7939
1749266913,0.80960000,8.00000000,0.7939
1749266913,0.80980000,24.00000000,0.7939
1749266913,0.81000000,295.00000000,0.7939
1749266913,0.81040000,12.00000000,0.7939
1749266913,0.81060000,70.00000000,0.7939
1749266913,0.81080000,16.00000000,0.7939
1749266913,0.81100000,99.00000000,0.7939
1749266913,0.81130000,14.00000000,0.7939
1749266913,0.81150000,78.00000000,0.7939
1749266913,0.81200000,22.00000000,0.7939
1749266913,0.81230000,7.00000000,0.7939
1749267215,0.79370000,177.00000000,0.7937
1749267215,0.79380000,32.00000000,0.7937
1749267215,0.79390000,592.00000000,0.7937
1749267215,0.79400000,1042.00000000,0.7937
1749267215,0.79410000,126.00000000,0.7937
1749267215,0.79430000,247.00000000,0.7937
1749267215,0.79440000,126.00000000,0.7937
1749267215,0.79450000,247.00000000,0.7937
1749267215,0.79460000,271.00000000,0.7937
1749267215,0.79470000,507.00000000,0.7937
1749267215,0.79480000,1916.00000000,0.7937
1749267215,0.79490000,2020.00000000,0.7937
1749267215,0.79500000,1879.00000000,0.7937
1749267215,0.79510000,1609.00000000,0.7937
1749267215,0.79520000,997.00000000,0.7937
1749267215,0.79530000,1517.00000000,0.7937
1749267215,0.79540000,1211.00000000,0.7937
1749267215,0.79550000,4646.00000000,0.7937
1749267215,0.79560000,964.00000000,0.7937
1749267215,0.79570000,9474.00000000,0.7937
1749267215,0.79580000,1147.00000000,0.7937
1749267215,0.79590000,635.00000000,0.7937
1749267215,0.79600000,478.00000000,0.7937
1749267215,0.79610000,247.00000000,0.7937
1749267215,0.79620000,374.00000000,0.7937
1749267215,0.79630000,260.00000000,0.7937
1749267215,0.79640000,1457.00000000,0.7937
1749267215,0.79650000,247.00000000,0.7937
1749267215,0.79660000,254.00000000,0.7937
1749267215,0.79670000,4451.00000000,0.7937
1749267215,0.79680000,352.00000000,0.7937
1749267215,0.79690000,374.00000000,0.7937
1749267215,0.79700000,255.00000000,0.7937
1749267215,0.79710000,395.00000000,0.7937
1749267215,0.79720000,1619.00000000,0.7937
1749267215,0.79730000,374.00000000,0.7937
1749267215,0.79740000,66.00000000,0.7937
1749267215,0.79750000,247.00000000,0.7937
1749267215,0.79760000,374.00000000,0.7937
1749267215,0.79770000,247.00000000,0.7937
1749267215,0.79790000,387.00000000,0.7937
1749267215,0.79800000,266.00000000,0.7937
1749267215,0.79810000,10.00000000,0.7937
1749267215,0.79820000,373.00000000,0.7937
1749267215,0.79830000,373.00000000,0.7937
1749267215,0.79850000,247.00000000,0.7937
1749267215,0.79880000,126.00000000,0.7937
1749267215,0.79900000,21.00000000,0.7937
1749267215,0.79910000,126.00000000,0.7937
1749267215,0.79940000,813.00000000,0.7937
1749267215,0.79950000,13.00000000,0.7937
1749267215,0.79960000,8.00000000,0.7937
1749267215,0.79970000,157.00000000,0.7937
1749267215,0.79980000,28.00000000,0.7937
1749267215,0.79990000,8.00000000,0.7937
1749267215,0.80000000,196.00000000,0.7937
1749267215,0.80020000,170.00000000,0.7937
1749267215,0.80030000,385.00000000,0.7937
1749267215,0.80050000,701.00000000,0.7937
1749267215,0.80060000,359.00000000,0.7937
1749267215,0.80110000,1930.00000000,0.7937
1749267215,0.80140000,99.00000000,0.7937
1749267215,0.80150000,916.00000000,0.7937
1749267215,0.80190000,83.00000000,0.7937
1749267215,0.80200000,11.00000000,0.7937
1749267215,0.80260000,374.00000000,0.7937
1749267215,0.80270000,12.00000000,0.7937
1749267215,0.80310000,416.00000000,0.7937
1749267215,0.80340000,38.00000000,0.7937
1749267215,0.80350000,11.00000000,0.7937
1749267215,0.80390000,7.00000000,0.7937
1749267215,0.80400000,922.00000000,0.7937
1749267215,0.80420000,370.00000000,0.7937
1749267215,0.80430000,7.00000000,0.7937
1749267215,0.80440000,335.00000000,0.7937
1749267215,0.80470000,7.00000000,0.7937
1749267215,0.80480000,24.00000000,0.7937
1749267215,0.80490000,75.00000000,0.7937
1749267215,0.80540000,10.00000000,0.7937
1749267215,0.80550000,14.00000000,0.7937
1749267215,0.80620000,77.00000000,0.7937
1749267215,0.80640000,7.00000000,0.7937
1749267215,0.80670000,136.00000000,0.7937
1749267215,0.80680000,9.00000000,0.7937
1749267215,0.80710000,8.00000000,0.7937
1749267215,0.80730000,53.00000000,0.7937
1749267215,0.80740000,83.00000000,0.7937
1749267215,0.80760000,8.00000000,0.7937
1749267215,0.80800000,100.00000000,0.7937
1749267215,0.80820000,61.00000000,0.7937
1749267215,0.80830000,8.00000000,0.7937
1749267215,0.80860000,145.00000000,0.7937
1749267215,0.80870000,2345.00000000,0.7937
1749267215,0.80890000,7.00000000,0.7937
1749267215,0.80900000,271.00000000,0.7937
1749267215,0.80920000,49.00000000,0.7937
1749267215,0.80960000,8.00000000,0.7937
1749267215,0.80980000,24.00000000,0.7937
1749267215,0.81000000,295.00000000,0.7937
1749267215,0.81040000,12.00000000,0.7937
1749267516,0.79390000,247.00000000,0.7935
1749267516,0.79400000,279.00000000,0.7935
1749267516,0.79410000,32.00000000,0.7935
1749267516,0.79420000,279.00000000,0.7935
1749267516,0.79430000,801.00000000,0.7935
1749267516,0.79440000,3151.00000000,0.7935
1749267516,0.79450000,1311.00000000,0.7935
1749267516,0.79460000,1271.00000000,0.7935
1749267516,0.79470000,204.00000000,0.7935
1749267516,0.79480000,285.00000000,0.7935
1749267516,0.79490000,2086.00000000,0.7935
1749267516,0.79500000,1126.00000000,0.7935
1749267516,0.79510000,1122.00000000,0.7935
1749267516,0.79520000,3912.00000000,0.7935
1749267516,0.79530000,1457.00000000,0.7935
1749267516,0.79540000,254.00000000,0.7935
1749267516,0.79550000,465.00000000,0.7935
1749267516,0.79560000,247.00000000,0.7935
1749267516,0.79570000,565.00000000,0.7935
1749267516,0.79580000,247.00000000,0.7935
1749267516,0.79590000,257.00000000,0.7935
1749267516,0.79600000,1378.00000000,0.7935
1749267516,0.79610000,6893.00000000,0.7935
1749267516,0.79620000,374.00000000,0.7935
1749267516,0.79630000,260.00000000,0.7935
1749267516,0.79650000,247.00000000,0.7935
1749267516,0.79660000,254.00000000,0.7935
1749267516,0.79670000,428.00000000,0.7935
1749267516,0.79680000,352.00000000,0.7935
1749267516,0.79690000,374.00000000,0.7935
1749267516,0.79700000,255.00000000,0.7935
1749267516,0.79710000,395.00000000,0.7935
1749267516,0.79720000,4741.00000000,0.7935
1749267516,0.79730000,374.00000000,0.7935
1749267516,0.79740000,66.00000000,0.7935
1749267516,0.79750000,247.00000000,0.7935
1749267516,0.79760000,374.00000000,0.7935
1749267516,0.79770000,247.00000000,0.7935
1749267516,0.79790000,387.00000000,0.7935
1749267516,0.79800000,266.00000000,0.7935
1749267516,0.79810000,907.00000000,0.7935
1749267516,0.79820000,373.00000000,0.7935
1749267516,0.79830000,373.00000000,0.7935
1749267516,0.79880000,126.00000000,0.7935
1749267516,0.79900000,21.00000000,0.7935
1749267516,0.79910000,126.00000000,0.7935
1749267516,0.79940000,813.00000000,0.7935
1749267516,0.79950000,13.00000000,0.7935
1749267516,0.79960000,8.00000000,0.7935
1749267516,0.79970000,157.00000000,0.7935
1749267516,0.79980000,28.00000000,0.7935
1749267516,0.79990000,8.00000000,0.7935
1749267516,0.80000000,196.00000000,0.7935
1749267516,0.80020000,170.00000000,0.7935
1749267516,0.80030000,385.00000000,0.7935
1749267516,0.80050000,701.00000000,0.7935
1749267516,0.80060000,359.00000000,0.7935
1749267516,0.80110000,1930.00000000,0.7935
1749267516,0.80140000,99.00000000,0.7935
1749267516,0.80150000,916.00000000,0.7935
1749267516,0.80190000,83.00000000,0.7935
1749267516,0.80200000,11.00000000,0.7935
1749267516,0.80260000,374.00000000,0.7935
1749267516,0.80270000,12.00000000,0.7935
1749267516,0.80310000,416.00000000,0.7935
1749267516,0.80340000,38.00000000,0.7935
1749267516,0.80350000,11.00000000,0.7935
1749267516,0.80390000,7.00000000,0.7935
1749267516,0.80400000,922.00000000,0.7935
1749267516,0.80420000,370.00000000,0.7935
1749267516,0.80430000,7.00000000,0.7935
1749267516,0.80440000,335.00000000,0.7935
1749267516,0.80470000,7.00000000,0.7935
1749267516,0.80480000,24.00000000,0.7935
1749267516,0.80490000,75.00000000,0.7935
1749267516,0.80540000,10.00000000,0.7935
1749267516,0.80550000,14.00000000,0.7935
1749267516,0.80620000,77.00000000,0.7935
1749267516,0.80640000,7.00000000,0.7935
1749267516,0.80670000,136.00000000,0.7935
1749267516,0.80680000,9.00000000,0.7935
1749267516,0.80710000,8.00000000,0.7935
1749267516,0.80730000,53.00000000,0.7935
1749267516,0.80740000,83.00000000,0.7935
1749267516,0.80760000,8.00000000,0.7935
1749267516,0.80800000,100.00000000,0.7935
1749267516,0.80820000,61.00000000,0.7935
1749267516,0.80830000,8.00000000,0.7935
1749267516,0.80860000,145.00000000,0.7935
1749267516,0.80870000,2345.00000000,0.7935
1749267516,0.80890000,7.00000000,0.7935
1749267516,0.80900000,271.00000000,0.7935
1749267516,0.80920000,49.00000000,0.7935
1749267516,0.80960000,19.00000000,0.7935
1749267516,0.80980000,24.00000000,0.7935
1749267516,0.81000000,295.00000000,0.7935
1749267516,0.81040000,12.00000000,0.7935
1749267516,0.81060000,70.00000000,0.7935
1749267516,0.81080000,16.00000000,0.7935
1749267516,0.81100000,99.00000000,0.7935
1749267818,0.79400000,247.00000000,0.7935
1749267818,0.79410000,377.00000000,0.7935
1749267818,0.79420000,268.00000000,0.7935
1749267818,0.79440000,497.00000000,0.7935
1749267818,0.79450000,630.00000000,0.7935
1749267818,0.79460000,1288.00000000,0.7935
1749267818,0.79470000,2438.00000000,0.7935
1749267818,0.79480000,1179.00000000,0.7935
1749267818,0.79490000,373.00000000,0.7935
1749267818,0.79500000,373.00000000,0.7935
1749267818,0.79510000,730.00000000,0.7935
1749267818,0.79520000,1888.00000000,0.7935
1749267818,0.79530000,1726.00000000,0.7935
1749267818,0.79540000,3685.00000000,0.7935
1749267818,0.79550000,3145.00000000,0.7935
1749267818,0.79560000,247.00000000,0.7935
1749267818,0.79570000,565.00000000,0.7935
1749267818,0.79580000,247.00000000,0.7935
1749267818,0.79590000,6554.00000000,0.7935
1749267818,0.79600000,1379.00000000,0.7935
1749267818,0.79610000,247.00000000,0.7935
1749267818,0.79620000,374.00000000,0.7935
1749267818,0.79630000,638.00000000,0.7935
1749267818,0.79650000,247.00000000,0.7935
1749267818,0.79660000,254.00000000,0.7935
1749267818,0.79670000,428.00000000,0.7935
1749267818,0.79680000,352.00000000,0.7935
1749267818,0.79690000,374.00000000,0.7935
1749267818,0.79700000,255.00000000,0.7935
1749267818,0.79710000,395.00000000,0.7935
1749267818,0.79720000,721.00000000,0.7935
1749267818,0.79730000,374.00000000,0.7935
1749267818,0.79740000,313.00000000,0.7935
1749267818,0.79760000,374.00000000,0.7935
1749267818,0.79770000,4018.00000000,0.7935
1749267818,0.79780000,247.00000000,0.7935
1749267818,0.79790000,387.00000000,0.7935
1749267818,0.79800000,19.00000000,0.7935
1749267818,0.79810000,10.00000000,0.7935
1749267818,0.79820000,126.00000000,0.7935
1749267818,0.79830000,126.00000000,0.7935
1749267818,0.79880000,126.00000000,0.7935
1749267818,0.79890000,896.00000000,0.7935
1749267818,0.79900000,21.00000000,0.7935
1749267818,0.79910000,126.00000000,0.7935
1749267818,0.79940000,813.00000000,0.7935
1749267818,0.79950000,13.00000000,0.7935
1749267818,0.79960000,8.00000000,0.7935
1749267818,0.79970000,157.00000000,0.7935
1749267818,0.79980000,28.00000000,0.7935
1749267818,0.79990000,8.00000000,0.7935
1749267818,0.80000000,196.00000000,0.7935
1749267818,0.80020000,170.00000000,0.7935
1749267818,0.80030000,385.00000000,0.7935
1749267818,0.80050000,701.00000000,0.7935
1749267818,0.80060000,359.00000000,0.7935
