timestamp,price,volume,current_price
1749254658,0.79220000,117.00000000,0.7918
1749254658,0.79230000,380.00000000,0.7918
1749254658,0.79240000,1340.00000000,0.7918
1749254658,0.79250000,4490.00000000,0.7918
1749254658,0.79260000,819.00000000,0.7918
1749254658,0.79270000,689.00000000,0.7918
1749254658,0.79280000,374.00000000,0.7918
1749254658,0.79290000,374.00000000,0.7918
1749254658,0.79300000,876.00000000,0.7918
1749254658,0.79310000,1420.00000000,0.7918
1749254658,0.79320000,1050.00000000,0.7918
1749254658,0.79330000,4274.00000000,0.7918
1749254658,0.79340000,5451.00000000,0.7918
1749254658,0.79350000,1468.00000000,0.7918
1749254658,0.79360000,523.00000000,0.7918
1749254658,0.79370000,4335.00000000,0.7918
1749254658,0.79380000,385.00000000,0.7918
1749254658,0.79390000,247.00000000,0.7918
1749254658,0.79400000,405.00000000,0.7918
1749254658,0.79410000,254.00000000,0.7918
1749254658,0.79420000,466.00000000,0.7918
1749254658,0.79430000,6339.00000000,0.7918
1749254658,0.79440000,1147.00000000,0.7918
1749254658,0.79450000,158.00000000,0.7918
1749254658,0.79460000,271.00000000,0.7918
1749254658,0.79470000,13.00000000,0.7918
1749254658,0.79480000,247.00000000,0.7918
1749254658,0.79490000,374.00000000,0.7918
1749254658,0.79500000,31.00000000,0.7918
1749254658,0.79510000,247.00000000,0.7918
1749254658,0.79520000,374.00000000,0.7918
1749254658,0.79530000,247.00000000,0.7918
1749254658,0.79540000,7.00000000,0.7918
1749254658,0.79550000,405.00000000,0.7918
1749254658,0.79560000,1067.00000000,0.7918
1749254658,0.79580000,615.00000000,0.7918
1749254658,0.79590000,10.00000000,0.7918
1749254658,0.79600000,405.00000000,0.7918
1749254658,0.79630000,13.00000000,0.7918
1749254658,0.79640000,4398.00000000,0.7918
1749254658,0.79650000,31.00000000,0.7918
1749254658,0.79660000,7.00000000,0.7918
1749254658,0.79670000,436.00000000,0.7918
1749254658,0.79680000,127.00000000,0.7918
1749254658,0.79690000,233.00000000,0.7918
1749254658,0.79700000,31.00000000,0.7918
1749254658,0.79710000,1047.00000000,0.7918
1749254658,0.79720000,116.00000000,0.7918
1749254658,0.79730000,127.00000000,0.7918
1749254658,0.79740000,66.00000000,0.7918
1749254658,0.79750000,31.00000000,0.7918
1749254658,0.79790000,13.00000000,0.7918
1749254658,0.79800000,19.00000000,0.7918
1749254658,0.79810000,10.00000000,0.7918
1749254658,0.79820000,385.00000000,0.7918
1749254658,0.79890000,318.00000000,0.7918
1749254658,0.79900000,21.00000000,0.7918
1749254658,0.79950000,13.00000000,0.7918
1749254658,0.79960000,926.00000000,0.7918
1749254658,0.79970000,31.00000000,0.7918
1749254658,0.79980000,28.00000000,0.7918
1749254658,0.79990000,8.00000000,0.7918
1749254658,0.80000000,70.00000000,0.7918
1749254658,0.80020000,44.00000000,0.7918
1749254658,0.80070000,38.00000000,0.7918
1749254658,0.80110000,13.00000000,0.7918
1749254658,0.80140000,99.00000000,0.7918
1749254658,0.80150000,7.00000000,0.7918
1749254658,0.80190000,83.00000000,0.7918
1749254658,0.80200000,11.00000000,0.7918
1749254658,0.80260000,56.00000000,0.7918
1749254658,0.80270000,12.00000000,0.7918
1749254658,0.80310000,416.00000000,0.7918
1749254658,0.80350000,11.00000000,0.7918
1749254658,0.80390000,7.00000000,0.7918
1749254658,0.80400000,922.00000000,0.7918
1749254658,0.80420000,370.00000000,0.7918
1749254658,0.80430000,7.00000000,0.7918
1749254658,0.80440000,335.00000000,0.7918
1749254658,0.80470000,7.00000000,0.7918
1749254658,0.80480000,24.00000000,0.7918
1749254658,0.80490000,75.00000000,0.7918
1749254658,0.80540000,17.00000000,0.7918
1749254658,0.80550000,14.00000000,0.7918
1749254658,0.80620000,77.00000000,0.7918
1749254658,0.80640000,7.00000000,0.7918
1749254658,0.80670000,136.00000000,0.7918
1749254658,0.80680000,9.00000000,0.7918
1749254658,0.80690000,679.00000000,0.7918
1749254658,0.80710000,8.00000000,0.7918
1749254658,0.80730000,53.00000000,0.7918
1749254658,0.80740000,83.00000000,0.7918
1749254658,0.80760000,8.00000000,0.7918
1749254658,0.80800000,100.00000000,0.7918
1749254658,0.80810000,1683.00000000,0.7918
1749254658,0.80830000,8.00000000,0.7918
1749254658,0.80860000,7.00000000,0.7918
1749254658,0.80890000,7.00000000,0.7918
1749254658,0.80900000,271.00000000,0.7918
1749254658,0.80920000,49.00000000,0.7918
1749254982,0.79030000,7.00000000,0.7898
1749254982,0.79040000,128.00000000,0.7898
1749254982,0.79050000,484.00000000,0.7898
1749254982,0.79060000,240.00000000,0.7898
1749254982,0.79070000,275.00000000,0.7898
1749254982,0.79080000,834.00000000,0.7898
1749254982,0.79090000,275.00000000,0.7898
1749254982,0.79100000,59.00000000,0.7898
1749254982,0.79110000,384.00000000,0.7898
1749254982,0.79120000,1477.00000000,0.7898
1749254982,0.79130000,127.00000000,0.7898
1749254982,0.79140000,155.00000000,0.7898
1749254982,0.79150000,72.00000000,0.7898
1749254982,0.79180000,663.00000000,0.7898
1749254982,0.79190000,1784.00000000,0.7898
1749254982,0.79200000,1388.00000000,0.7898
1749254982,0.79220000,127.00000000,0.7898
1749254982,0.79230000,374.00000000,0.7898
1749254982,0.79250000,31.00000000,0.7898
1749254982,0.79270000,625.00000000,0.7898
1749254982,0.79280000,374.00000000,0.7898
1749254982,0.79290000,374.00000000,0.7898
1749254982,0.79300000,6909.00000000,0.7898
1749254982,0.79310000,1160.00000000,0.7898
1749254982,0.79330000,247.00000000,0.7898
1749254982,0.79340000,127.00000000,0.7898
1749254982,0.79350000,278.00000000,0.7898
1749254982,0.79360000,374.00000000,0.7898
1749254982,0.79370000,798.00000000,0.7898
1749254982,0.79380000,1080.00000000,0.7898
1749254982,0.79390000,374.00000000,0.7898
1749254982,0.79400000,278.00000000,0.7898
1749254982,0.79410000,254.00000000,0.7898
1749254982,0.79420000,247.00000000,0.7898
1749254982,0.79430000,127.00000000,0.7898
1749254982,0.79440000,247.00000000,0.7898
1749254982,0.79450000,158.00000000,0.7898
1749254982,0.79460000,271.00000000,0.7898
1749254982,0.79470000,140.00000000,0.7898
1749254982,0.79490000,247.00000000,0.7898
1749254982,0.79500000,31.00000000,0.7898
1749254982,0.79510000,247.00000000,0.7898
1749254982,0.79520000,374.00000000,0.7898
1749254982,0.79530000,247.00000000,0.7898
1749254982,0.79540000,4039.00000000,0.7898
1749254982,0.79550000,405.00000000,0.7898
1749254982,0.79560000,247.00000000,0.7898
1749254982,0.79580000,374.00000000,0.7898
1749254982,0.79590000,10.00000000,0.7898
1749254982,0.79600000,632.00000000,0.7898
1749254982,0.79610000,127.00000000,0.7898
1749254982,0.79620000,901.00000000,0.7898
1749254982,0.79630000,260.00000000,0.7898
1749254982,0.79640000,247.00000000,0.7898
1749254982,0.79660000,254.00000000,0.7898
1749254982,0.79670000,309.00000000,0.7898
1749254982,0.79680000,247.00000000,0.7898
1749254982,0.79690000,480.00000000,0.7898
1749254982,0.79700000,255.00000000,0.7898
1749254982,0.79710000,395.00000000,0.7898
1749254982,0.79720000,363.00000000,0.7898
1749254982,0.79740000,66.00000000,0.7898
1749254982,0.79790000,13.00000000,0.7898
1749254982,0.79800000,19.00000000,0.7898
1749254982,0.79810000,10.00000000,0.7898
1749254982,0.79860000,916.00000000,0.7898
1749254982,0.79890000,318.00000000,0.7898
1749254982,0.79900000,21.00000000,0.7898
1749254982,0.79950000,13.00000000,0.7898
1749254982,0.79960000,8.00000000,0.7898
1749254982,0.79970000,31.00000000,0.7898
1749254982,0.79980000,28.00000000,0.7898
1749254982,0.79990000,8.00000000,0.7898
1749254982,0.80000000,70.00000000,0.7898
1749254982,0.80020000,44.00000000,0.7898
1749254982,0.80070000,38.00000000,0.7898
1749254982,0.80110000,13.00000000,0.7898
1749254982,0.80140000,99.00000000,0.7898
1749254982,0.80150000,7.00000000,0.7898
1749254982,0.80190000,83.00000000,0.7898
1749254982,0.80200000,11.00000000,0.7898
1749254982,0.80260000,56.00000000,0.7898
1749254982,0.80270000,12.00000000,0.7898
1749254982,0.80310000,416.00000000,0.7898
1749254982,0.80350000,11.00000000,0.7898
1749254982,0.80390000,7.00000000,0.7898
1749254982,0.80400000,922.00000000,0.7898
1749254982,0.80420000,370.00000000,0.7898
1749254982,0.80430000,7.00000000,0.7898
1749254982,0.80440000,335.00000000,0.7898
1749254982,0.80470000,7.00000000,0.7898
1749254982,0.80480000,24.00000000,0.7898
1749254982,0.80490000,75.00000000,0.7898
1749254982,0.80540000,17.00000000,0.7898
1749254982,0.80550000,14.00000000,0.7898
1749254982,0.80620000,77.00000000,0.7898
1749254982,0.80640000,7.00000000,0.7898
1749254982,0.80670000,136.00000000,0.7898
1749254982,0.80680000,9.00000000,0.7898
1749254982,0.80690000,679.00000000,0.7898
