timestamp,price,volume,current_price
1749260669,6.00500000,990.22000000,6.005
1749260669,6.00600000,825.92000000,6.005
1749260669,6.00700000,2682.01000000,6.005
1749260669,6.00800000,1793.83000000,6.005
1749260669,6.00900000,2746.52000000,6.005
1749260669,6.01000000,1972.72000000,6.005
1749260669,6.01100000,3473.27000000,6.005
1749260669,6.01200000,9902.38000000,6.005
1749260669,6.01300000,3583.13000000,6.005
1749260669,6.01400000,4305.79000000,6.005
1749260669,6.01500000,3135.21000000,6.005
1749260669,6.01600000,2726.27000000,6.005
1749260669,6.01700000,1094.09000000,6.005
1749260669,6.01800000,1384.61000000,6.005
1749260669,6.01900000,665.22000000,6.005
1749260669,6.02000000,373.22000000,6.005
1749260669,6.02100000,2703.01000000,6.005
1749260669,6.02200000,6069.94000000,6.005
1749260669,6.02300000,396.19000000,6.005
1749260669,6.02400000,315.48000000,6.005
1749260669,6.02500000,576.77000000,6.005
1749260669,6.02600000,698.20000000,6.005
1749260669,6.02700000,301.52000000,6.005
1749260669,6.02800000,870.82000000,6.005
1749260669,6.02900000,576.69000000,6.005
1749260669,6.03000000,519.43000000,6.005
1749260669,6.03100000,463.86000000,6.005
1749260669,6.03200000,279.53000000,6.005
1749260669,6.03300000,394.50000000,6.005
1749260669,6.03400000,357.65000000,6.005
1749260669,6.03500000,1975.40000000,6.005
1749260669,6.03600000,408.46000000,6.005
1749260669,6.03700000,277.06000000,6.005
1749260669,6.03800000,325.65000000,6.005
1749260669,6.03900000,280.38000000,6.005
1749260669,6.04000000,259.95000000,6.005
1749260669,6.04100000,985.84000000,6.005
1749260669,6.04200000,448.34000000,6.005
1749260669,6.04300000,236.64000000,6.005
1749260669,6.04400000,366.54000000,6.005
1749260669,6.04500000,1465.29000000,6.005
1749260669,6.04600000,544.17000000,6.005
1749260669,6.04700000,85.39000000,6.005
1749260669,6.04800000,2141.14000000,6.005
1749260669,6.04900000,2.91000000,6.005
1749260669,6.05000000,1023.46000000,6.005
1749260669,6.05100000,258.37000000,6.005
1749260669,6.05200000,4.54000000,6.005
1749260669,6.05300000,2505.71000000,6.005
1749260669,6.05400000,138.09000000,6.005
1749260669,6.05500000,90.04000000,6.005
1749260669,6.05600000,214.05000000,6.005
1749260669,6.05700000,1.66000000,6.005
1749260669,6.05800000,142.12000000,6.005
1749260669,6.05900000,571.96000000,6.005
1749260669,6.06000000,309.18000000,6.005
1749260669,6.06100000,987.08000000,6.005
1749260669,6.06200000,2538.63000000,6.005
1749260669,6.06300000,30.86000000,6.005
1749260669,6.06400000,238.87000000,6.005
1749260669,6.06500000,13.75000000,6.005
1749260669,6.06600000,310.96000000,6.005
1749260669,6.06700000,4.54000000,6.005
1749260669,6.06800000,11.68000000,6.005
1749260669,6.06900000,3.08000000,6.005
1749260669,6.07000000,144.74000000,6.005
1749260669,6.07100000,931.34000000,6.005
1749260669,6.07200000,28.07000000,6.005
1749260669,6.07300000,308.03000000,6.005
1749260669,6.07400000,59.71000000,6.005
1749260669,6.07500000,159.87000000,6.005
1749260669,6.07600000,1671.54000000,6.005
1749260669,6.07700000,2842.50000000,6.005
1749260669,6.07800000,324.95000000,6.005
1749260669,6.07900000,172.23000000,6.005
1749260669,6.08000000,91.13000000,6.005
1749260669,6.08100000,1.40000000,6.005
1749260669,6.08200000,138.81000000,6.005
1749260669,6.08300000,22.42000000,6.005
1749260669,6.08400000,175.67000000,6.005
1749260669,6.08500000,7.74000000,6.005
1749260669,6.08600000,142.51000000,6.005
1749260669,6.08800000,4.55000000,6.005
1749260669,6.08900000,5.02000000,6.005
1749260669,6.09000000,306.24000000,6.005
1749260669,6.09100000,8.29000000,6.005
1749260669,6.09200000,6.51000000,6.005
1749260669,6.09300000,173.76000000,6.005
1749260669,6.09400000,1.25000000,6.005
1749260669,6.09500000,23.13000000,6.005
1749260669,6.09600000,8.50000000,6.005
1749260669,6.09700000,137.18000000,6.005
1749260669,6.09800000,136.86000000,6.005
1749260669,6.09900000,1500.00000000,6.005
1749260669,6.10000000,1299.58000000,6.005
1749260669,6.10200000,168.45000000,6.005
1749260669,6.10300000,146.16000000,6.005
1749260669,6.10400000,2.92000000,6.005
1749260669,6.10500000,45.13000000,6.005
1749260669,6.10600000,3.79000000,6.005
1749260970,6.00900000,307.56000000,6.008
1749260970,6.01000000,1990.54000000,6.008
1749260970,6.01100000,2000.48000000,6.008
1749260970,6.01200000,2947.54000000,6.008
1749260970,6.01300000,4430.44000000,6.008
1749260970,6.01400000,4511.78000000,6.008
1749260970,6.01500000,5670.08000000,6.008
1749260970,6.01600000,5101.15000000,6.008
1749260970,6.01700000,3477.11000000,6.008
1749260970,6.01800000,2464.21000000,6.008
1749260970,6.01900000,2758.44000000,6.008
1749260970,6.02000000,2122.49000000,6.008
1749260970,6.02100000,2211.73000000,6.008
1749260970,6.02200000,824.11000000,6.008
1749260970,6.02300000,397.42000000,6.008
1749260970,6.02400000,629.63000000,6.008
1749260970,6.02500000,6192.18000000,6.008
1749260970,6.02600000,2436.67000000,6.008
1749260970,6.02700000,600.08000000,6.008
1749260970,6.02800000,685.00000000,6.008
1749260970,6.02900000,803.14000000,6.008
1749260970,6.03000000,932.51000000,6.008
1749260970,6.03100000,463.86000000,6.008
1749260970,6.03200000,378.53000000,6.008
1749260970,6.03300000,294.28000000,6.008
1749260970,6.03400000,430.60000000,6.008
1749260970,6.03500000,940.21000000,6.008
1749260970,6.03600000,408.46000000,6.008
1749260970,6.03700000,278.12000000,6.008
1749260970,6.03800000,325.65000000,6.008
1749260970,6.03900000,373.49000000,6.008
1749260970,6.04000000,261.01000000,6.008
1749260970,6.04100000,535.20000000,6.008
1749260970,6.04200000,407.02000000,6.008
1749260970,6.04300000,341.09000000,6.008
1749260970,6.04400000,366.54000000,6.008
1749260970,6.04500000,246.33000000,6.008
1749260970,6.04600000,544.17000000,6.008
1749260970,6.04700000,1538.76000000,6.008
1749260970,6.04800000,369.98000000,6.008
1749260970,6.04900000,1935.13000000,6.008
1749260970,6.05000000,3394.17000000,6.008
1749260970,6.05100000,619.76000000,6.008
1749260970,6.05200000,4.54000000,6.008
1749260970,6.05300000,6.49000000,6.008
1749260970,6.05400000,138.09000000,6.008
1749260970,6.05500000,2494.29000000,6.008
1749260970,6.05600000,214.05000000,6.008
1749260970,6.05700000,1.66000000,6.008
1749260970,6.05800000,268.82000000,6.008
1749260970,6.05900000,571.96000000,6.008
1749260970,6.06000000,147.11000000,6.008
1749260970,6.06100000,173.41000000,6.008
1749260970,6.06200000,140.13000000,6.008
1749260970,6.06300000,844.53000000,6.008
1749260970,6.06400000,2736.14000000,6.008
1749260970,6.06500000,13.75000000,6.008
1749260970,6.06600000,310.96000000,6.008
1749260970,6.06700000,4.54000000,6.008
1749260970,6.06800000,9.77000000,6.008
1749260970,6.06900000,3.08000000,6.008
1749260970,6.07000000,144.74000000,6.008
1749260970,6.07100000,366.95000000,6.008
1749260970,6.07200000,28.07000000,6.008
1749260970,6.07300000,308.03000000,6.008
1749260970,6.07400000,59.71000000,6.008
1749260970,6.07500000,159.87000000,6.008
1749260970,6.07600000,286.19000000,6.008
1749260970,6.07700000,76.31000000,6.008
1749260970,6.07800000,1952.29000000,6.008
1749260970,6.07900000,2837.62000000,6.008
1749260970,6.08000000,91.13000000,6.008
1749260970,6.08100000,3.07000000,6.008
1749260970,6.08200000,140.48000000,6.008
1749260970,6.08300000,24.09000000,6.008
1749260970,6.08400000,177.34000000,6.008
1749260970,6.08500000,7.74000000,6.008
1749260970,6.08600000,142.51000000,6.008
1749260970,6.08800000,4.55000000,6.008
1749260970,6.08900000,569.93000000,6.008
1749260970,6.09000000,306.24000000,6.008
1749260970,6.09100000,8.29000000,6.008
1749260970,6.09200000,6.51000000,6.008
1749260970,6.09300000,173.76000000,6.008
1749260970,6.09400000,1.25000000,6.008
1749260970,6.09500000,23.13000000,6.008
1749260970,6.09600000,8.50000000,6.008
1749260970,6.09700000,1637.18000000,6.008
1749260970,6.09800000,3389.69000000,6.008
1749260970,6.09900000,10000.14000000,6.008
1749260970,6.10000000,1299.58000000,6.008
1749260970,6.10200000,168.45000000,6.008
1749260970,6.10300000,146.16000000,6.008
1749260970,6.10400000,2.92000000,6.008
1749260970,6.10500000,45.13000000,6.008
1749260970,6.10600000,3.79000000,6.008
1749260970,6.10700000,1.78000000,6.008
1749260970,6.10800000,8.83000000,6.008
1749260970,6.10900000,1.24000000,6.008
1749260970,6.11000000,2.19000000,6.008
1749261272,6.00000000,416.09000000,6.0
1749261272,6.00100000,1306.33000000,6.0
1749261272,6.00200000,1446.38000000,6.0
1749261272,6.00300000,2123.22000000,6.0
1749261272,6.00400000,4468.91000000,6.0
1749261272,6.00500000,3000.11000000,6.0
1749261272,6.00600000,3318.62000000,6.0
1749261272,6.00700000,4774.47000000,6.0
1749261272,6.00800000,1168.11000000,6.0
1749261272,6.00900000,2423.06000000,6.0
1749261272,6.01000000,6261.50000000,6.0
1749261272,6.01100000,4693.86000000,6.0
1749261272,6.01200000,4140.23000000,6.0
1749261272,6.01300000,1003.36000000,6.0
1749261272,6.01400000,580.87000000,6.0
1749261272,6.01500000,690.35000000,6.0
1749261272,6.01600000,508.41000000,6.0
1749261272,6.01700000,510.07000000,6.0
1749261272,6.01800000,522.21000000,6.0
1749261272,6.01900000,2117.94000000,6.0
1749261272,6.02000000,483.40000000,6.0
1749261272,6.02100000,6605.48000000,6.0
1749261272,6.02200000,451.14000000,6.0
1749261272,6.02300000,396.17000000,6.0
1749261272,6.02400000,493.77000000,6.0
1749261272,6.02500000,580.53000000,6.0
1749261272,6.02600000,718.37000000,6.0
1749261272,6.02700000,575.87000000,6.0
1749261272,6.02800000,1152.40000000,6.0
1749261272,6.02900000,708.01000000,6.0
1749261272,6.03000000,833.51000000,6.0
1749261272,6.03100000,364.86000000,6.0
1749261272,6.03200000,279.53000000,6.0
1749261272,6.03300000,394.85000000,6.0
1749261272,6.03400000,357.65000000,6.0
1749261272,6.03500000,275.43000000,6.0
1749261272,6.03600000,412.33000000,6.0
1749261272,6.03700000,278.12000000,6.0
1749261272,6.03800000,366.97000000,6.0
1749261272,6.03900000,280.38000000,6.0
1749261272,6.04000000,261.01000000,6.0
1749261272,6.04100000,535.20000000,6.0
1749261272,6.04200000,220.66000000,6.0
1749261272,6.04300000,6.20000000,6.0
1749261272,6.04400000,47.50000000,6.0
1749261272,6.04500000,9.94000000,6.0
1749261272,6.04600000,761.93000000,6.0
1749261272,6.04700000,1786.47000000,6.0
1749261272,6.04800000,152.54000000,6.0
1749261272,6.04900000,1698.94000000,6.0
1749261272,6.05000000,3131.97000000,6.0
1749261272,6.05100000,170.11000000,6.0
1749261272,6.05200000,4.54000000,6.0
1749261272,6.05300000,6.49000000,6.0
1749261272,6.05400000,138.09000000,6.0
1749261272,6.05500000,2494.29000000,6.0
1749261272,6.05600000,214.05000000,6.0
1749261272,6.05700000,1.66000000,6.0
1749261272,6.05800000,142.12000000,6.0
1749261272,6.05900000,571.96000000,6.0
1749261272,6.06000000,150.98000000,6.0
1749261272,6.06100000,173.41000000,6.0
1749261272,6.06200000,140.13000000,6.0
1749261272,6.06300000,844.53000000,6.0
1749261272,6.06400000,2736.14000000,6.0
1749261272,6.06500000,13.75000000,6.0
1749261272,6.06600000,310.96000000,6.0
1749261272,6.06700000,4.54000000,6.0
1749261272,6.06800000,9.77000000,6.0
1749261272,6.06900000,3.08000000,6.0
1749261272,6.07000000,144.74000000,6.0
1749261272,6.07100000,366.95000000,6.0
1749261272,6.07200000,28.07000000,6.0
1749261272,6.07300000,308.03000000,6.0
1749261272,6.07400000,59.71000000,6.0
1749261272,6.07500000,159.87000000,6.0
1749261272,6.07600000,284.52000000,6.0
1749261272,6.07700000,78.51000000,6.0
1749261272,6.07800000,3577.96000000,6.0
1749261272,6.07900000,2835.95000000,6.0
1749261272,6.08000000,89.46000000,6.0
1749261272,6.08100000,1.40000000,6.0
1749261272,6.08200000,138.81000000,6.0
1749261272,6.08300000,22.42000000,6.0
1749261272,6.08400000,175.67000000,6.0
1749261272,6.08500000,7.74000000,6.0
1749261272,6.08600000,142.51000000,6.0
1749261272,6.08800000,4.55000000,6.0
1749261272,6.08900000,5.02000000,6.0
1749261272,6.09000000,306.24000000,6.0
1749261272,6.09100000,8.29000000,6.0
1749261272,6.09200000,6.51000000,6.0
1749261272,6.09300000,173.76000000,6.0
1749261272,6.09400000,1.25000000,6.0
1749261272,6.09500000,23.13000000,6.0
1749261272,6.09600000,8.50000000,6.0
1749261272,6.09700000,1641.05000000,6.0
1749261272,6.09800000,1762.35000000,6.0
1749261272,6.09900000,11633.59000000,6.0
1749261272,6.10000000,1299.58000000,6.0
1749261573,6.00500000,110.42000000,6.005
1749261573,6.00600000,1722.72000000,6.005
1749261573,6.00700000,1663.89000000,6.005
1749261573,6.00800000,3201.86000000,6.005
1749261573,6.00900000,1786.97000000,6.005
1749261573,6.01000000,2684.27000000,6.005
1749261573,6.01100000,5047.36000000,6.005
1749261573,6.01200000,5074.26000000,6.005
1749261573,6.01300000,5951.89000000,6.005
1749261573,6.01400000,2599.91000000,6.005
1749261573,6.01500000,2382.38000000,6.005
1749261573,6.01600000,1787.29000000,6.005
1749261573,6.01700000,1992.46000000,6.005
1749261573,6.01800000,1291.10000000,6.005
1749261573,6.01900000,797.39000000,6.005
1749261573,6.02000000,725.69000000,6.005
1749261573,6.02100000,919.13000000,6.005
1749261573,6.02200000,516.87000000,6.005
1749261573,6.02300000,5990.03000000,6.005
1749261573,6.02400000,2118.01000000,6.005
1749261573,6.02500000,471.13000000,6.005
1749261573,6.02600000,619.65000000,6.005
1749261573,6.02700000,384.08000000,6.005
1749261573,6.02800000,953.42000000,6.005
1749261573,6.02900000,306.12000000,6.005
1749261573,6.03000000,851.15000000,6.005
1749261573,6.03100000,546.40000000,6.005
1749261573,6.03200000,378.72000000,6.005
1749261573,6.03300000,394.77000000,6.005
1749261573,6.03400000,440.19000000,6.005
1749261573,6.03500000,193.10000000,6.005
1749261573,6.03600000,2112.01000000,6.005
1749261573,6.03700000,278.38000000,6.005
1749261573,6.03800000,436.30000000,6.005
1749261573,6.03900000,280.64000000,6.005
1749261573,6.04000000,343.54000000,6.005
1749261573,6.04100000,502.35000000,6.005
1749261573,6.04200000,375.92000000,6.005
1749261573,6.04300000,325.16000000,6.005
1749261573,6.04400000,734.27000000,6.005
1749261573,6.04500000,246.29000000,6.005
1749261573,6.04600000,630.57000000,6.005
1749261573,6.04700000,1219.84000000,6.005
1749261573,6.04800000,51.06000000,6.005
1749261573,6.04900000,2.91000000,6.005
1749261573,6.05000000,3131.97000000,6.005
1749261573,6.05100000,170.11000000,6.005
1749261573,6.05200000,4.54000000,6.005
1749261573,6.05300000,6.49000000,6.005
1749261573,6.05400000,138.09000000,6.005
1749261573,6.05500000,2575.23000000,6.005
1749261573,6.05600000,214.05000000,6.005
1749261573,6.05700000,1.66000000,6.005
1749261573,6.05800000,140.47000000,6.005
1749261573,6.05900000,572.21000000,6.005
1749261573,6.06000000,71.06000000,6.005
1749261573,6.06100000,173.41000000,6.005
1749261573,6.06200000,140.13000000,6.005
1749261573,6.06300000,844.53000000,6.005
1749261573,6.06400000,2502.36000000,6.005
1749261573,6.06500000,248.19000000,6.005
1749261573,6.06600000,310.96000000,6.005
1749261573,6.06700000,2.89000000,6.005
1749261573,6.06800000,9.77000000,6.005
1749261573,6.06900000,3.08000000,6.005
1749261573,6.07000000,144.74000000,6.005
1749261573,6.07100000,367.97000000,6.005
1749261573,6.07200000,28.07000000,6.005
1749261573,6.07300000,308.03000000,6.005
1749261573,6.07400000,59.71000000,6.005
1749261573,6.07500000,159.87000000,6.005
1749261573,6.07600000,286.19000000,6.005
1749261573,6.07700000,646.28000000,6.005
1749261573,6.07800000,3578.14000000,6.005
1749261573,6.07900000,2837.62000000,6.005
1749261573,6.08000000,89.64000000,6.005
1749261573,6.08100000,1.40000000,6.005
1749261573,6.08200000,138.81000000,6.005
1749261573,6.08300000,22.42000000,6.005
1749261573,6.08400000,183.17000000,6.005
1749261573,6.08500000,7.74000000,6.005
1749261573,6.08600000,141.02000000,6.005
1749261573,6.08800000,2.91000000,6.005
1749261573,6.08900000,5.02000000,6.005
1749261573,6.09000000,306.24000000,6.005
1749261573,6.09100000,8.29000000,6.005
1749261573,6.09200000,7.53000000,6.005
1749261573,6.09300000,172.12000000,6.005
1749261573,6.09400000,1.25000000,6.005
1749261573,6.09500000,21.64000000,6.005
1749261573,6.09600000,8.50000000,6.005
1749261573,6.09700000,1641.05000000,6.005
1749261573,6.09800000,1762.35000000,6.005
1749261573,6.09900000,10000.14000000,6.005
1749261573,6.10000000,1292.08000000,6.005
1749261573,6.10200000,168.45000000,6.005
1749261573,6.10300000,11.40000000,6.005
1749261573,6.10400000,436.47000000,6.005
1749261573,6.10500000,45.13000000,6.005
1749261573,6.10600000,2.30000000,6.005
1749261885,6.00400000,1532.81000000,6.003
1749261885,6.00500000,914.66000000,6.003
1749261885,6.00600000,1742.88000000,6.003
1749261885,6.00700000,3740.10000000,6.003
1749261885,6.00800000,3285.81000000,6.003
1749261885,6.00900000,4343.99000000,6.003
1749261885,6.01000000,4004.83000000,6.003
1749261885,6.01100000,4922.50000000,6.003
1749261885,6.01200000,5222.45000000,6.003
1749261885,6.01300000,3294.75000000,6.003
1749261885,6.01400000,2529.90000000,6.003
1749261885,6.01500000,3122.07000000,6.003
1749261885,6.01600000,960.37000000,6.003
1749261885,6.01700000,626.08000000,6.003
1749261885,6.01800000,711.79000000,6.003
1749261885,6.01900000,720.14000000,6.003
1749261885,6.02000000,710.56000000,6.003
1749261885,6.02100000,8209.09000000,6.003
1749261885,6.02200000,516.93000000,6.003
1749261885,6.02300000,397.41000000,6.003
1749261885,6.02400000,421.73000000,6.003
1749261885,6.02500000,471.13000000,6.003
1749261885,6.02600000,620.83000000,6.003
1749261885,6.02700000,385.27000000,6.003
1749261885,6.02800000,997.46000000,6.003
1749261885,6.02900000,306.12000000,6.003
1749261885,6.03000000,438.07000000,6.003
1749261885,6.03100000,447.40000000,6.003
1749261885,6.03200000,280.62000000,6.003
1749261885,6.03300000,396.77000000,6.003
1749261885,6.03400000,402.80000000,6.003
1749261885,6.03500000,321.17000000,6.003
1749261885,6.03600000,2221.79000000,6.003
1749261885,6.03700000,245.89000000,6.003
1749261885,6.03800000,414.40000000,6.003
1749261885,6.03900000,780.36000000,6.003
1749261885,6.04000000,391.37000000,6.003
1749261885,6.04100000,502.35000000,6.003
1749261885,6.04200000,458.64000000,6.003
1749261885,6.04300000,242.63000000,6.003
1749261885,6.04400000,239.17000000,6.003
1749261885,6.04500000,328.93000000,6.003
1749261885,6.04600000,409.69000000,6.003
1749261885,6.04700000,1786.51000000,6.003
1749261885,6.04800000,50.15000000,6.003
1749261885,6.04900000,2.91000000,6.003
1749261885,6.05000000,3211.89000000,6.003
1749261885,6.05100000,170.11000000,6.003
1749261885,6.05200000,4.54000000,6.003
1749261885,6.05300000,6.49000000,6.003
1749261885,6.05400000,138.09000000,6.003
1749261885,6.05500000,2730.61000000,6.003
1749261885,6.05600000,214.05000000,6.003
1749261885,6.05700000,1.66000000,6.003
1749261885,6.05800000,140.47000000,6.003
1749261885,6.05900000,572.21000000,6.003
1749261885,6.06000000,313.05000000,6.003
1749261885,6.06100000,173.41000000,6.003
1749261885,6.06200000,140.13000000,6.003
1749261885,6.06300000,844.53000000,6.003
1749261885,6.06400000,2502.36000000,6.003
1749261885,6.06500000,13.75000000,6.003
1749261885,6.06600000,310.96000000,6.003
1749261885,6.06700000,2.89000000,6.003
1749261885,6.06800000,9.79000000,6.003
1749261885,6.06900000,2.59000000,6.003
1749261885,6.07000000,144.76000000,6.003
1749261885,6.07100000,367.99000000,6.003
1749261885,6.07200000,26.66000000,6.003
1749261885,6.07300000,308.05000000,6.003
1749261885,6.07400000,59.73000000,6.003
1749261885,6.07500000,159.87000000,6.003
1749261885,6.07600000,44.20000000,6.003
1749261885,6.07700000,80.18000000,6.003
1749261885,6.07800000,3576.71000000,6.003
1749261885,6.07900000,2837.62000000,6.003
1749261885,6.08000000,95.21000000,6.003
1749261885,6.08100000,1.40000000,6.003
1749261885,6.08200000,138.81000000,6.003
1749261885,6.08300000,22.42000000,6.003
1749261885,6.08400000,183.17000000,6.003
1749261885,6.08500000,7.74000000,6.003
1749261885,6.08600000,139.59000000,6.003
1749261885,6.08800000,2.91000000,6.003
1749261885,6.08900000,5.02000000,6.003
1749261885,6.09000000,171.48000000,6.003
1749261885,6.09100000,8.29000000,6.003
1749261885,6.09200000,7.53000000,6.003
1749261885,6.09300000,172.12000000,6.003
1749261885,6.09400000,1.25000000,6.003
1749261885,6.09500000,21.64000000,6.003
1749261885,6.09600000,1501.26000000,6.003
1749261885,6.09700000,6.29000000,6.003
1749261885,6.09800000,1760.92000000,6.003
1749261885,6.09900000,10000.14000000,6.003
1749261885,6.10000000,1292.08000000,6.003
1749261885,6.10200000,168.45000000,6.003
1749261885,6.10300000,11.40000000,6.003
1749261885,6.10400000,436.47000000,6.003
1749261885,6.10500000,45.13000000,6.003
1749262186,6.00700000,165.03000000,6.007
1749262186,6.00800000,1482.02000000,6.007
1749262186,6.00900000,3130.07000000,6.007
1749262186,6.01000000,1044.28000000,6.007
1749262186,6.01100000,1939.25000000,6.007
1749262186,6.01200000,2883.09000000,6.007
1749262186,6.01300000,3673.02000000,6.007
1749262186,6.01400000,3183.69000000,6.007
1749262186,6.01500000,4313.82000000,6.007
1749262186,6.01600000,2780.08000000,6.007
1749262186,6.01700000,2578.68000000,6.007
1749262186,6.01800000,3636.85000000,6.007
1749262186,6.01900000,3922.46000000,6.007
1749262186,6.02000000,3220.01000000,6.007
1749262186,6.02100000,1026.40000000,6.007
1749262186,6.02200000,506.39000000,6.007
1749262186,6.02300000,397.41000000,6.007
1749262186,6.02400000,2117.87000000,6.007
1749262186,6.02500000,6089.00000000,6.007
1749262186,6.02600000,621.75000000,6.007
1749262186,6.02700000,385.27000000,6.007
1749262186,6.02800000,997.21000000,6.007
1749262186,6.02900000,304.88000000,6.007
1749262186,6.03000000,851.15000000,6.007
1749262186,6.03100000,546.40000000,6.007
1749262186,6.03200000,378.38000000,6.007
1749262186,6.03300000,494.00000000,6.007
1749262186,6.03400000,402.80000000,6.007
1749262186,6.03500000,323.23000000,6.007
1749262186,6.03600000,2157.43000000,6.007
1749262186,6.03700000,696.76000000,6.007
1749262186,6.03800000,414.40000000,6.007
1749262186,6.03900000,329.51000000,6.007
1749262186,6.04000000,391.37000000,6.007
1749262186,6.04100000,502.35000000,6.007
1749262186,6.04200000,540.23000000,6.007
1749262186,6.04300000,242.63000000,6.007
1749262186,6.04400000,283.89000000,6.007
1749262186,6.04500000,410.95000000,6.007
1749262186,6.04600000,645.98000000,6.007
1749262186,6.04700000,1456.11000000,6.007
1749262186,6.04800000,287.29000000,6.007
1749262186,6.04900000,85.52000000,6.007
1749262186,6.05000000,3131.97000000,6.007
1749262186,6.05100000,170.11000000,6.007
1749262186,6.05200000,4.54000000,6.007
1749262186,6.05300000,2.78000000,6.007
1749262186,6.05400000,138.09000000,6.007
1749262186,6.05500000,2495.31000000,6.007
1749262186,6.05600000,210.34000000,6.007
1749262186,6.05700000,1.66000000,6.007
1749262186,6.05800000,142.53000000,6.007
1749262186,6.05900000,572.29000000,6.007
1749262186,6.06000000,313.05000000,6.007
1749262186,6.06100000,173.41000000,6.007
1749262186,6.06200000,136.42000000,6.007
1749262186,6.06300000,844.53000000,6.007
1749262186,6.06400000,2502.36000000,6.007
1749262186,6.06500000,246.14000000,6.007
1749262186,6.06600000,310.96000000,6.007
1749262186,6.06700000,2.89000000,6.007
1749262186,6.06800000,9.79000000,6.007
1749262186,6.06900000,2.59000000,6.007
1749262186,6.07000000,144.76000000,6.007
1749262186,6.07100000,364.28000000,6.007
1749262186,6.07200000,26.66000000,6.007
1749262186,6.07300000,308.05000000,6.007
1749262186,6.07400000,61.79000000,6.007
1749262186,6.07500000,159.87000000,6.007
1749262186,6.07600000,44.20000000,6.007
1749262186,6.07700000,646.27000000,6.007
1749262186,6.07800000,3576.71000000,6.007
1749262186,6.07900000,2628.94000000,6.007
1749262186,6.08000000,89.64000000,6.007
1749262186,6.08100000,3.07000000,6.007
1749262186,6.08200000,140.48000000,6.007
1749262186,6.08300000,18.71000000,6.007
1749262186,6.08400000,175.67000000,6.007
1749262186,6.08500000,7.74000000,6.007
1749262186,6.08600000,139.59000000,6.007
1749262186,6.08800000,2.91000000,6.007
1749262186,6.08900000,5.02000000,6.007
1749262186,6.09000000,171.48000000,6.007
1749262186,6.09100000,8.29000000,6.007
1749262186,6.09200000,7.53000000,6.007
1749262186,6.09300000,172.12000000,6.007
1749262186,6.09400000,3.31000000,6.007
1749262186,6.09500000,21.64000000,6.007
1749262186,6.09600000,1508.50000000,6.007
1749262186,6.09700000,6.29000000,6.007
1749262186,6.09800000,1757.21000000,6.007
1749262186,6.09900000,10000.14000000,6.007
1749262186,6.10000000,1299.58000000,6.007
1749262186,6.10200000,168.45000000,6.007
1749262186,6.10300000,11.40000000,6.007
1749262186,6.10400000,436.47000000,6.007
1749262186,6.10500000,45.13000000,6.007
1749262186,6.10600000,2.30000000,6.007
1749262186,6.10700000,1.78000000,6.007
1749262186,6.10800000,8.83000000,6.007
1749262488,6.01400000,890.13000000,6.013
1749262488,6.01500000,732.44000000,6.013
1749262488,6.01600000,1072.96000000,6.013
1749262488,6.01700000,1073.36000000,6.013
1749262488,6.01800000,2059.53000000,6.013
1749262488,6.01900000,3954.21000000,6.013
1749262488,6.02000000,3084.06000000,6.013
1749262488,6.02100000,5298.55000000,6.013
1749262488,6.02200000,3655.13000000,6.013
1749262488,6.02300000,5941.24000000,6.013
1749262488,6.02400000,4173.82000000,6.013
1749262488,6.02500000,2699.77000000,6.013
1749262488,6.02600000,2141.62000000,6.013
1749262488,6.02700000,847.05000000,6.013
1749262488,6.02800000,445.63000000,6.013
1749262488,6.02900000,379.13000000,6.013
1749262488,6.03000000,852.07000000,6.013
1749262488,6.03100000,2242.88000000,6.013
1749262488,6.03200000,5987.61000000,6.013
1749262488,6.03300000,296.48000000,6.013
1749262488,6.03400000,476.67000000,6.013
1749262488,6.03500000,422.23000000,6.013
1749262488,6.03600000,2279.88000000,6.013
1749262488,6.03700000,427.38000000,6.013
1749262488,6.03800000,414.63000000,6.013
1749262488,6.03900000,329.51000000,6.013
1749262488,6.04000000,391.37000000,6.013
1749262488,6.04100000,502.35000000,6.013
1749262488,6.04200000,1023.96000000,6.013
1749262488,6.04300000,242.63000000,6.013
1749262488,6.04400000,388.34000000,6.013
1749262488,6.04500000,426.19000000,6.013
1749262488,6.04600000,645.98000000,6.013
1749262488,6.04700000,1456.11000000,6.013
1749262488,6.04800000,287.33000000,6.013
1749262488,6.04900000,384.17000000,6.013
1749262488,6.05000000,3843.73000000,6.013
1749262488,6.05100000,488.78000000,6.013
1749262488,6.05200000,324.12000000,6.013
1749262488,6.05300000,238.81000000,6.013
1749262488,6.05400000,497.89000000,6.013
1749262488,6.05500000,2731.30000000,6.013
1749262488,6.05600000,211.25000000,6.013
1749262488,6.05700000,84.16000000,6.013
1749262488,6.05800000,142.53000000,6.013
1749262488,6.05900000,572.29000000,6.013
1749262488,6.06000000,392.97000000,6.013
1749262488,6.06100000,173.41000000,6.013
1749262488,6.06200000,136.42000000,6.013
1749262488,6.06300000,30.86000000,6.013
1749262488,6.06400000,2502.36000000,6.013
1749262488,6.06500000,246.14000000,6.013
1749262488,6.06600000,310.96000000,6.013
1749262488,6.06700000,2.89000000,6.013
1749262488,6.06800000,9.79000000,6.013
1749262488,6.06900000,2.59000000,6.013
1749262488,6.07000000,144.76000000,6.013
1749262488,6.07100000,364.28000000,6.013
1749262488,6.07200000,26.66000000,6.013
1749262488,6.07300000,308.05000000,6.013
1749262488,6.07400000,61.79000000,6.013
1749262488,6.07500000,159.87000000,6.013
1749262488,6.07600000,44.20000000,6.013
1749262488,6.07700000,1459.94000000,6.013
1749262488,6.07800000,1949.37000000,6.013
1749262488,6.07900000,2628.94000000,6.013
1749262488,6.08000000,89.64000000,6.013
1749262488,6.08100000,3.07000000,6.013
1749262488,6.08200000,140.48000000,6.013
1749262488,6.08300000,20.38000000,6.013
1749262488,6.08400000,177.34000000,6.013
1749262488,6.08500000,9.41000000,6.013
1749262488,6.08600000,141.26000000,6.013
1749262488,6.08700000,1.67000000,6.013
1749262488,6.08800000,4.58000000,6.013
1749262488,6.08900000,6.69000000,6.013
1749262488,6.09000000,171.48000000,6.013
1749262488,6.09100000,8.29000000,6.013
1749262488,6.09200000,7.53000000,6.013
1749262488,6.09300000,172.12000000,6.013
1749262488,6.09400000,3.31000000,6.013
1749262488,6.09500000,21.64000000,6.013
1749262488,6.09600000,8.50000000,6.013
1749262488,6.09700000,6.29000000,6.013
1749262488,6.09800000,1759.06000000,6.013
1749262488,6.09900000,10000.14000000,6.013
1749262488,6.10000000,1299.58000000,6.013
1749262488,6.10200000,168.45000000,6.013
1749262488,6.10300000,11.40000000,6.013
1749262488,6.10400000,436.47000000,6.013
1749262488,6.10500000,45.13000000,6.013
1749262488,6.10600000,2.30000000,6.013
1749262488,6.10700000,1.78000000,6.013
1749262488,6.10800000,8.83000000,6.013
1749262488,6.10900000,1.24000000,6.013
1749262488,6.11000000,1502.19000000,6.013
1749262488,6.11100000,10.35000000,6.013
1749262488,6.11200000,2.60000000,6.013
1749262488,6.11400000,1.32000000,6.013
1749262488,6.11600000,4.70000000,6.013
1749262789,6.02100000,1016.40000000,6.02
1749262789,6.02200000,981.15000000,6.02
1749262789,6.02300000,1984.20000000,6.02
1749262789,6.02400000,3031.67000000,6.02
1749262789,6.02500000,3736.73000000,6.02
1749262789,6.02600000,5175.24000000,6.02
1749262789,6.02700000,3791.28000000,6.02
1749262789,6.02800000,4925.92000000,6.02
1749262789,6.02900000,2441.97000000,6.02
1749262789,6.03000000,3556.16000000,6.02
1749262789,6.03100000,3770.25000000,6.02
1749262789,6.03200000,3038.40000000,6.02
1749262789,6.03300000,2039.00000000,6.02
1749262789,6.03400000,837.42000000,6.02
1749262789,6.03500000,751.87000000,6.02
1749262789,6.03600000,822.34000000,6.02
1749262789,6.03700000,962.24000000,6.02
1749262789,6.03800000,837.63000000,6.02
1749262789,6.03900000,8033.61000000,6.02
1749262789,6.04000000,407.69000000,6.02
1749262789,6.04100000,605.24000000,6.02
1749262789,6.04200000,581.96000000,6.02
1749262789,6.04300000,341.63000000,6.02
1749262789,6.04400000,337.96000000,6.02
1749262789,6.04500000,430.96000000,6.02
1749262789,6.04600000,645.98000000,6.02
1749262789,6.04700000,237.93000000,6.02
1749262789,6.04800000,700.41000000,6.02
1749262789,6.04900000,1335.69000000,6.02
1749262789,6.05000000,1285.66000000,6.02
1749262789,6.05100000,584.17000000,6.02
1749262789,6.05200000,324.12000000,6.02
1749262789,6.05300000,324.51000000,6.02
1749262789,6.05400000,602.34000000,6.02
1749262789,6.05500000,1941.48000000,6.02
1749262789,6.05600000,447.16000000,6.02
1749262789,6.05700000,398.41000000,6.02
1749262789,6.05800000,1660.44000000,6.02
1749262789,6.05900000,242.34000000,6.02
1749262789,6.06000000,390.14000000,6.02
1749262789,6.06100000,2595.37000000,6.02
1749262789,6.06200000,372.06000000,6.02
1749262789,6.06300000,112.12000000,6.02
1749262789,6.06400000,3.80000000,6.02
1749262789,6.06500000,96.14000000,6.02
1749262789,6.06600000,2755.30000000,6.02
1749262789,6.06700000,2.89000000,6.02
1749262789,6.06800000,9.79000000,6.02
1749262789,6.06900000,2.59000000,6.02
1749262789,6.07000000,144.76000000,6.02
1749262789,6.07100000,31.61000000,6.02
1749262789,6.07200000,26.66000000,6.02
1749262789,6.07300000,308.05000000,6.02
1749262789,6.07400000,61.79000000,6.02
1749262789,6.07500000,2854.06000000,6.02
1749262789,6.07600000,286.19000000,6.02
1749262789,6.07700000,646.27000000,6.02
1749262789,6.07800000,1135.70000000,6.02
1749262789,6.07900000,172.23000000,6.02
1749262789,6.08000000,89.64000000,6.02
1749262789,6.08100000,3.07000000,6.02
1749262789,6.08200000,140.48000000,6.02
1749262789,6.08300000,20.38000000,6.02
1749262789,6.08400000,177.34000000,6.02
1749262789,6.08500000,235.67000000,6.02
1749262789,6.08600000,141.26000000,6.02
1749262789,6.08700000,1.67000000,6.02
1749262789,6.08800000,4.58000000,6.02
1749262789,6.08900000,6.69000000,6.02
1749262789,6.09000000,3110.84000000,6.02
1749262789,6.09100000,9.96000000,6.02
1749262789,6.09200000,9.20000000,6.02
1749262789,6.09300000,738.41000000,6.02
1749262789,6.09400000,4.98000000,6.02
1749262789,6.09500000,23.31000000,6.02
1749262789,6.09600000,2.93000000,6.02
1749262789,6.09700000,6.29000000,6.02
1749262789,6.09800000,3386.40000000,6.02
1749262789,6.09900000,10000.14000000,6.02
1749262789,6.10000000,1292.08000000,6.02
1749262789,6.10200000,168.45000000,6.02
1749262789,6.10300000,11.40000000,6.02
1749262789,6.10400000,2.92000000,6.02
1749262789,6.10500000,45.13000000,6.02
1749262789,6.10600000,2.30000000,6.02
1749262789,6.10700000,1.78000000,6.02
1749262789,6.10800000,7.71000000,6.02
1749262789,6.10900000,1.24000000,6.02
1749262789,6.11000000,2.19000000,6.02
1749262789,6.11100000,10.35000000,6.02
1749262789,6.11200000,2.60000000,6.02
1749262789,6.11300000,8.73000000,6.02
1749262789,6.11400000,1.32000000,6.02
1749262789,6.11500000,7.24000000,6.02
1749262789,6.11600000,4.70000000,6.02
1749262789,6.11700000,1519.10000000,6.02
1749262789,6.11800000,2.99000000,6.02
1749262789,6.11900000,41.41000000,6.02
1749262789,6.12000000,75.47000000,6.02
1749262789,6.12100000,29.87000000,6.02
1749263091,6.01800000,131.73000000,6.017
1749263091,6.01900000,1555.20000000,6.017
1749263091,6.02000000,1667.18000000,6.017
1749263091,6.02100000,1482.67000000,6.017
1749263091,6.02200000,1902.18000000,6.017
1749263091,6.02300000,1611.08000000,6.017
1749263091,6.02400000,2855.37000000,6.017
1749263091,6.02500000,2890.46000000,6.017
1749263091,6.02600000,7613.33000000,6.017
1749263091,6.02700000,4585.05000000,6.017
1749263091,6.02800000,2944.39000000,6.017
1749263091,6.02900000,2457.08000000,6.017
1749263091,6.03000000,1558.85000000,6.017
1749263091,6.03100000,547.52000000,6.017
1749263091,6.03200000,530.12000000,6.017
1749263091,6.03300000,436.07000000,6.017
1749263091,6.03400000,518.16000000,6.017
1749263091,6.03500000,6103.11000000,6.017
1749263091,6.03600000,701.28000000,6.017
1749263091,6.03700000,2576.70000000,6.017
1749263091,6.03800000,787.24000000,6.017
1749263091,6.03900000,381.97000000,6.017
1749263091,6.04000000,407.69000000,6.017
1749263091,6.04100000,2303.52000000,6.017
1749263091,6.04200000,1124.46000000,6.017
1749263091,6.04300000,341.63000000,6.017
1749263091,6.04400000,442.41000000,6.017
1749263091,6.04500000,517.71000000,6.017
1749263091,6.04600000,645.98000000,6.017
1749263091,6.04700000,285.12000000,6.017
1749263091,6.04800000,289.18000000,6.017
1749263091,6.04900000,321.71000000,6.017
1749263091,6.05000000,1735.18000000,6.017
1749263091,6.05100000,488.78000000,6.017
1749263091,6.05200000,324.12000000,6.017
1749263091,6.05300000,237.69000000,6.017
1749263091,6.05400000,497.89000000,6.017
1749263091,6.05500000,133.81000000,6.017
1749263091,6.05600000,527.08000000,6.017
1749263091,6.05700000,398.45000000,6.017
1749263091,6.05800000,1577.92000000,6.017
1749263091,6.05900000,326.60000000,6.017
1749263091,6.06000000,71.97000000,6.017
1749263091,6.06100000,2279.73000000,6.017
1749263091,6.06200000,136.42000000,6.017
1749263091,6.06300000,29.74000000,6.017
1749263091,6.06400000,68.61000000,6.017
1749263091,6.06500000,578.72000000,6.017
1749263091,6.06600000,2755.30000000,6.017
1749263091,6.06700000,2.89000000,6.017
1749263091,6.06800000,2.57000000,6.017
1749263091,6.06900000,2.59000000,6.017
1749263091,6.07000000,144.76000000,6.017
1749263091,6.07100000,31.61000000,6.017
1749263091,6.07200000,28.51000000,6.017
1749263091,6.07300000,308.05000000,6.017
1749263091,6.07400000,875.46000000,6.017
1749263091,6.07500000,2854.06000000,6.017
1749263091,6.07600000,286.19000000,6.017
1749263091,6.07700000,646.27000000,6.017
1749263091,6.07800000,322.03000000,6.017
1749263091,6.07900000,172.23000000,6.017
1749263091,6.08000000,89.64000000,6.017
1749263091,6.08100000,3.07000000,6.017
1749263091,6.08200000,140.48000000,6.017
1749263091,6.08300000,20.38000000,6.017
1749263091,6.08400000,170.12000000,6.017
1749263091,6.08500000,235.67000000,6.017
1749263091,6.08600000,141.26000000,6.017
1749263091,6.08700000,1.67000000,6.017
1749263091,6.08800000,4.58000000,6.017
1749263091,6.08900000,3263.22000000,6.017
1749263091,6.09000000,3110.84000000,6.017
1749263091,6.09100000,9.96000000,6.017
1749263091,6.09200000,9.20000000,6.017
1749263091,6.09300000,173.79000000,6.017
1749263091,6.09400000,3.31000000,6.017
1749263091,6.09500000,21.64000000,6.017
1749263091,6.09600000,1.26000000,6.017
1749263091,6.09700000,6.29000000,6.017
1749263091,6.09800000,131.72000000,6.017
1749263091,6.09900000,11632.87000000,6.017
1749263091,6.10000000,1292.08000000,6.017
1749263091,6.10100000,7.50000000,6.017
1749263091,6.10200000,168.45000000,6.017
1749263091,6.10300000,4.18000000,6.017
1749263091,6.10400000,2.92000000,6.017
1749263091,6.10500000,45.13000000,6.017
1749263091,6.10600000,2.30000000,6.017
1749263091,6.10700000,1.78000000,6.017
1749263091,6.10800000,9.56000000,6.017
1749263091,6.10900000,1.24000000,6.017
1749263091,6.11000000,1502.19000000,6.017
1749263091,6.11100000,10.35000000,6.017
1749263091,6.11200000,2.60000000,6.017
1749263091,6.11300000,8.73000000,6.017
1749263091,6.11400000,1.32000000,6.017
1749263091,6.11600000,4.70000000,6.017
1749263091,6.11700000,11.60000000,6.017
1749263091,6.11800000,2.99000000,6.017
1749263392,6.03700000,254.62000000,6.037
1749263392,6.03800000,630.01000000,6.037
1749263392,6.03900000,1061.03000000,6.037
1749263392,6.04000000,2032.24000000,6.037
1749263392,6.04100000,1503.70000000,6.037
1749263392,6.04200000,2748.03000000,6.037
1749263392,6.04300000,3173.46000000,6.037
1749263392,6.04400000,6395.07000000,6.037
1749263392,6.04500000,3193.82000000,6.037
1749263392,6.04600000,2401.10000000,6.037
1749263392,6.04700000,3247.65000000,6.037
1749263392,6.04800000,2067.31000000,6.037
1749263392,6.04900000,2326.53000000,6.037
1749263392,6.05000000,2292.52000000,6.037
1749263392,6.05100000,915.87000000,6.037
1749263392,6.05200000,423.12000000,6.037
1749263392,6.05300000,336.69000000,6.037
1749263392,6.05400000,581.15000000,6.037
1749263392,6.05500000,1966.96000000,6.037
1749263392,6.05600000,6113.34000000,6.037
1749263392,6.05700000,1029.29000000,6.037
1749263392,6.05800000,477.30000000,6.037
1749263392,6.05900000,425.60000000,6.037
1749263392,6.06000000,390.12000000,6.037
1749263392,6.06100000,452.90000000,6.037
1749263392,6.06200000,497.62000000,6.037
1749263392,6.06300000,331.17000000,6.037
1749263392,6.06400000,791.73000000,6.037
1749263392,6.06500000,895.45000000,6.037
1749263392,6.06600000,546.60000000,6.037
1749263392,6.06700000,2424.99000000,6.037
1749263392,6.06800000,239.12000000,6.037
1749263392,6.06900000,346.66000000,6.037
1749263392,6.07000000,1580.02000000,6.037
1749263392,6.07100000,349.63000000,6.037
1749263392,6.07200000,346.85000000,6.037
1749263392,6.07300000,440.46000000,6.037
1749263392,6.07400000,2124.30000000,6.037
1749263392,6.07500000,320.83000000,6.037
1749263392,6.07600000,369.32000000,6.037
1749263392,6.07700000,731.17000000,6.037
1749263392,6.07800000,322.03000000,6.037
1749263392,6.07900000,172.23000000,6.037
1749263392,6.08000000,171.86000000,6.037
1749263392,6.08100000,2447.41000000,6.037
1749263392,6.08200000,140.48000000,6.037
1749263392,6.08300000,20.38000000,6.037
1749263392,6.08400000,170.12000000,6.037
1749263392,6.08500000,235.67000000,6.037
1749263392,6.08600000,141.26000000,6.037
1749263392,6.08700000,29.76000000,6.037
1749263392,6.08800000,4.58000000,6.037
1749263392,6.08900000,822.21000000,6.037
1749263392,6.09000000,2942.68000000,6.037
1749263392,6.09100000,9.96000000,6.037
1749263392,6.09200000,9.20000000,6.037
1749263392,6.09300000,2634.17000000,6.037
1749263392,6.09400000,139.74000000,6.037
1749263392,6.09500000,23.31000000,6.037
1749263392,6.09600000,2.93000000,6.037
1749263392,6.09700000,7.96000000,6.037
1749263392,6.09800000,1895.49000000,6.037
1749263392,6.09900000,10001.81000000,6.037
1749263392,6.10000000,1293.75000000,6.037
1749263392,6.10100000,1.67000000,6.037
1749263392,6.10200000,742.38000000,6.037
1749263392,6.10300000,5.85000000,6.037
1749263392,6.10400000,4.59000000,6.037
1749263392,6.10500000,46.80000000,6.037
1749263392,6.10600000,3.97000000,6.037
1749263392,6.10700000,3.45000000,6.037
1749263392,6.10800000,11.23000000,6.037
1749263392,6.10900000,2.90000000,6.037
1749263392,6.11000000,3.85000000,6.037
1749263392,6.11100000,12.01000000,6.037
1749263392,6.11200000,4.26000000,6.037
1749263392,6.11400000,1.32000000,6.037
1749263392,6.11600000,4.70000000,6.037
1749263392,6.11700000,11.60000000,6.037
1749263392,6.11800000,2.99000000,6.037
1749263392,6.11900000,41.41000000,6.037
1749263392,6.12000000,75.47000000,6.037
1749263392,6.12100000,29.87000000,6.037
1749263392,6.12200000,2.52000000,6.037
1749263392,6.12300000,51.76000000,6.037
1749263392,6.12400000,431.75000000,6.037
1749263392,6.12500000,184.75000000,6.037
1749263392,6.12600000,8.59000000,6.037
1749263392,6.12700000,20.20000000,6.037
1749263392,6.12800000,3.10000000,6.037
1749263392,6.12900000,1533.21000000,6.037
1749263392,6.13000000,1.19000000,6.037
1749263392,6.13100000,17.97000000,6.037
1749263392,6.13200000,10.18000000,6.037
1749263392,6.13300000,5.35000000,6.037
1749263392,6.13400000,49.91000000,6.037
1749263392,6.13500000,7.01000000,6.037
1749263392,6.13700000,3.48000000,6.037
1749263392,6.14000000,1268.25000000,6.037
1749263392,6.14100000,6.60000000,6.037
1749263694,6.03500000,922.99000000,6.031
1749263694,6.03600000,703.65000000,6.031
1749263694,6.03700000,1322.06000000,6.031
1749263694,6.03800000,2924.63000000,6.031
1749263694,6.03900000,2361.73000000,6.031
1749263694,6.04000000,4064.19000000,6.031
1749263694,6.04100000,2735.26000000,6.031
1749263694,6.04200000,6547.53000000,6.031
1749263694,6.04300000,4463.12000000,6.031
1749263694,6.04400000,2990.10000000,6.031
1749263694,6.04500000,2652.90000000,6.031
1749263694,6.04600000,1392.01000000,6.031
1749263694,6.04700000,624.60000000,6.031
1749263694,6.04800000,1104.16000000,6.031
1749263694,6.04900000,514.23000000,6.031
1749263694,6.05000000,3056.00000000,6.031
1749263694,6.05100000,587.78000000,6.031
1749263694,6.05200000,5989.30000000,6.031
1749263694,6.05300000,2056.22000000,6.031
1749263694,6.05400000,556.48000000,6.031
1749263694,6.05500000,256.06000000,6.031
1749263694,6.05600000,546.16000000,6.031
1749263694,6.05700000,832.15000000,6.031
1749263694,6.05800000,1041.11000000,6.031
1749263694,6.05900000,425.60000000,6.031
1749263694,6.06000000,490.23000000,6.031
1749263694,6.06100000,1040.16000000,6.031
1749263694,6.06200000,454.14000000,6.031
1749263694,6.06300000,332.32000000,6.031
1749263694,6.06400000,343.42000000,6.031
1749263694,6.06500000,331.30000000,6.031
1749263694,6.06600000,546.09000000,6.031
1749263694,6.06700000,196.77000000,6.031
1749263694,6.06800000,5.17000000,6.031
1749263694,6.06900000,108.56000000,6.031
1749263694,6.07000000,1344.38000000,6.031
1749263694,6.07100000,31.61000000,6.031
1749263694,6.07200000,29.42000000,6.031
1749263694,6.07300000,427.75000000,6.031
1749263694,6.07400000,2124.30000000,6.031
1749263694,6.07500000,158.75000000,6.031
1749263694,6.07600000,286.19000000,6.031
1749263694,6.07700000,646.27000000,6.031
1749263694,6.07800000,322.03000000,6.031
1749263694,6.07900000,172.23000000,6.031
1749263694,6.08000000,323.48000000,6.031
1749263694,6.08100000,2447.41000000,6.031
1749263694,6.08200000,140.48000000,6.031
1749263694,6.08300000,20.38000000,6.031
1749263694,6.08400000,170.12000000,6.031
1749263694,6.08500000,235.67000000,6.031
1749263694,6.08600000,141.26000000,6.031
1749263694,6.08700000,29.76000000,6.031
1749263694,6.08800000,4.58000000,6.031
1749263694,6.08900000,822.21000000,6.031
1749263694,6.09000000,2707.62000000,6.031
1749263694,6.09100000,9.96000000,6.031
1749263694,6.09200000,9.20000000,6.031
1749263694,6.09300000,2634.17000000,6.031
1749263694,6.09400000,139.74000000,6.031
1749263694,6.09500000,31.04000000,6.031
1749263694,6.09600000,2.93000000,6.031
1749263694,6.09700000,7.96000000,6.031
1749263694,6.09800000,1895.49000000,6.031
1749263694,6.09900000,10001.81000000,6.031
1749263694,6.10000000,1293.75000000,6.031
1749263694,6.10100000,1.67000000,6.031
1749263694,6.10200000,734.82000000,6.031
1749263694,6.10300000,5.85000000,6.031
1749263694,6.10400000,4.58000000,6.031
1749263694,6.10500000,46.79000000,6.031
1749263694,6.10600000,3.96000000,6.031
1749263694,6.10700000,3.44000000,6.031
1749263694,6.10800000,11.22000000,6.031
1749263694,6.10900000,2.90000000,6.031
1749263694,6.11000000,3.85000000,6.031
1749263694,6.11100000,10.35000000,6.031
1749263694,6.11200000,2.60000000,6.031
1749263694,6.11400000,1.32000000,6.031
1749263694,6.11600000,4.70000000,6.031
1749263694,6.11700000,11.60000000,6.031
1749263694,6.11800000,2.99000000,6.031
1749263694,6.11900000,41.41000000,6.031
1749263694,6.12000000,75.47000000,6.031
1749263694,6.12100000,29.87000000,6.031
1749263694,6.12200000,1502.52000000,6.031
1749263694,6.12300000,51.76000000,6.031
1749263694,6.12400000,431.75000000,6.031
1749263694,6.12500000,184.75000000,6.031
1749263694,6.12600000,8.59000000,6.031
1749263694,6.12700000,20.20000000,6.031
1749263694,6.12800000,3.10000000,6.031
1749263694,6.12900000,33.21000000,6.031
1749263694,6.13000000,1.19000000,6.031
1749263694,6.13100000,16.99000000,6.031
1749263694,6.13200000,10.18000000,6.031
1749263694,6.13300000,5.35000000,6.031
1749263694,6.13400000,49.91000000,6.031
1749263694,6.13500000,7.01000000,6.031
1749263694,6.13700000,2.50000000,6.031
1749263995,6.04900000,1468.48000000,6.047
1749263995,6.05000000,1841.95000000,6.047
1749263995,6.05100000,2220.23000000,6.047
1749263995,6.05200000,1343.00000000,6.047
1749263995,6.05300000,935.38000000,6.047
1749263995,6.05400000,598.04000000,6.047
1749263995,6.05500000,1412.49000000,6.047
1749263995,6.05600000,5162.01000000,6.047
1749263995,6.05700000,6658.93000000,6.047
1749263995,6.05800000,1712.15000000,6.047
1749263995,6.05900000,1072.35000000,6.047
1749263995,6.06000000,1111.41000000,6.047
1749263995,6.06100000,1577.42000000,6.047
1749263995,6.06200000,2000.29000000,6.047
1749263995,6.06300000,924.20000000,6.047
1749263995,6.06400000,600.09000000,6.047
1749263995,6.06500000,477.70000000,6.047
1749263995,6.06600000,511.16000000,6.047
1749263995,6.06700000,2528.54000000,6.047
1749263995,6.06800000,5915.09000000,6.047
1749263995,6.06900000,567.14000000,6.047
1749263995,6.07000000,2169.77000000,6.047
1749263995,6.07100000,644.32000000,6.047
1749263995,6.07200000,363.28000000,6.047
1749263995,6.07300000,1249.36000000,6.047
1749263995,6.07400000,375.40000000,6.047
1749263995,6.07500000,574.67000000,6.047
1749263995,6.07600000,1033.92000000,6.047
1749263995,6.07700000,535.21000000,6.047
1749263995,6.07800000,655.77000000,6.047
1749263995,6.07900000,1096.66000000,6.047
1749263995,6.08000000,325.29000000,6.047
1749263995,6.08100000,319.89000000,6.047
1749263995,6.08200000,469.68000000,6.047
1749263995,6.08300000,346.08000000,6.047
1749263995,6.08400000,431.82000000,6.047
1749263995,6.08500000,552.45000000,6.047
1749263995,6.08600000,515.11000000,6.047
1749263995,6.08700000,2092.27000000,6.047
1749263995,6.08800000,167.48000000,6.047
1749263995,6.08900000,8.54000000,6.047
1749263995,6.09000000,172.03000000,6.047
1749263995,6.09100000,92.03000000,6.047
1749263995,6.09200000,51.43000000,6.047
1749263995,6.09300000,173.79000000,6.047
1749263995,6.09400000,1339.36000000,6.047
1749263995,6.09500000,21.01000000,6.047
1749263995,6.09600000,2447.27000000,6.047
1749263995,6.09700000,4.09000000,6.047
1749263995,6.09800000,268.15000000,6.047
1749263995,6.09900000,42.74000000,6.047
1749263995,6.10000000,1528.59000000,6.047
1749263995,6.10100000,1.67000000,6.047
1749263995,6.10200000,734.82000000,6.047
1749263995,6.10300000,5.84000000,6.047
1749263995,6.10400000,4.58000000,6.047
1749263995,6.10500000,46.79000000,6.047
1749263995,6.10600000,138.72000000,6.047
1749263995,6.10700000,3.44000000,6.047
1749263995,6.10800000,11.22000000,6.047
1749263995,6.10900000,2.90000000,6.047
1749263995,6.11000000,2598.99000000,6.047
1749263995,6.11100000,994.13000000,6.047
1749263995,6.11200000,1803.96000000,6.047
1749263995,6.11300000,1.66000000,6.047
1749263995,6.11400000,137.74000000,6.047
1749263995,6.11500000,2.90000000,6.047
1749263995,6.11600000,339.03000000,6.047
1749263995,6.11700000,13.26000000,6.047
1749263995,6.11800000,5.89000000,6.047
1749263995,6.11900000,39.20000000,6.047
1749263995,6.12000000,245.58000000,6.047
1749263995,6.12100000,29.23000000,6.047
1749263995,6.12200000,138.94000000,6.047
1749263995,6.12300000,46.18000000,6.047
1749263995,6.12400000,3.61000000,6.047
1749263995,6.12500000,177.25000000,6.047
1749263995,6.12600000,8.59000000,6.047
1749263995,6.12700000,582.83000000,6.047
1749263995,6.12800000,3.10000000,6.047
1749263995,6.12900000,201.66000000,6.047
1749263995,6.13000000,1.19000000,6.047
1749263995,6.13100000,16.99000000,6.047
1749263995,6.13200000,10.18000000,6.047
1749263995,6.13300000,5.35000000,6.047
1749263995,6.13400000,49.91000000,6.047
1749263995,6.13500000,7.01000000,6.047
1749263995,6.13700000,170.95000000,6.047
1749263995,6.14000000,1275.49000000,6.047
1749263995,6.14100000,6.60000000,6.047
1749263995,6.14200000,1.33000000,6.047
1749263995,6.14300000,7.50000000,6.047
1749263995,6.14400000,32.25000000,6.047
1749263995,6.14500000,446.67000000,6.047
1749263995,6.14600000,2023.59000000,6.047
1749263995,6.14700000,0.87000000,6.047
1749263995,6.14800000,1.18000000,6.047
1749263995,6.14900000,1.27000000,6.047
1749263995,6.15000000,753.78000000,6.047
1749263995,6.15100000,7.33000000,6.047
1749264297,6.03300000,398.73000000,6.032
1749264297,6.03400000,1142.85000000,6.032
1749264297,6.03500000,1337.58000000,6.032
1749264297,6.03600000,2080.95000000,6.032
1749264297,6.03700000,939.27000000,6.032
1749264297,6.03800000,1033.54000000,6.032
1749264297,6.03900000,1068.26000000,6.032
1749264297,6.04000000,662.81000000,6.032
1749264297,6.04100000,1808.22000000,6.032
1749264297,6.04200000,3179.99000000,6.032
1749264297,6.04300000,760.05000000,6.032
1749264297,6.04400000,577.27000000,6.032
1749264297,6.04500000,893.91000000,6.032
1749264297,6.04600000,534.37000000,6.032
1749264297,6.04700000,748.11000000,6.032
1749264297,6.04800000,963.83000000,6.032
1749264297,6.04900000,520.95000000,6.032
1749264297,6.05000000,722.65000000,6.032
1749264297,6.05100000,2047.41000000,6.032
1749264297,6.05200000,7626.27000000,6.032
1749264297,6.05300000,418.33000000,6.032
1749264297,6.05400000,264.01000000,6.032
1749264297,6.05500000,432.14000000,6.032
1749264297,6.05600000,777.00000000,6.032
1749264297,6.05700000,971.33000000,6.032
1749264297,6.05800000,919.42000000,6.032
1749264297,6.05900000,510.66000000,6.032
1749264297,6.06000000,483.81000000,6.032
1749264297,6.06100000,556.16000000,6.032
1749264297,6.06200000,779.23000000,6.032
1749264297,6.06300000,659.50000000,6.032
1749264297,6.06400000,420.20000000,6.032
1749264297,6.06500000,881.08000000,6.032
1749264297,6.06600000,411.25000000,6.032
1749264297,6.06700000,319.98000000,6.032
1749264297,6.06800000,264.55000000,6.032
1749264297,6.06900000,384.94000000,6.032
1749264297,6.07000000,1918.46000000,6.032
1749264297,6.07100000,113.70000000,6.032
1749264297,6.07200000,70.74000000,6.032
1749264297,6.07300000,477.77000000,6.032
1749264297,6.07400000,18.42000000,6.032
1749264297,6.07500000,240.93000000,6.032
1749264297,6.07600000,287.10000000,6.032
1749264297,6.07700000,1275.93000000,6.032
1749264297,6.07800000,322.03000000,6.032
1749264297,6.07900000,217.89000000,6.032
1749264297,6.08000000,90.55000000,6.032
1749264297,6.08100000,3.07000000,6.032
1749264297,6.08200000,140.48000000,6.032
1749264297,6.08300000,20.38000000,6.032
1749264297,6.08400000,170.12000000,6.032
1749264297,6.08500000,235.67000000,6.032
1749264297,6.08600000,141.26000000,6.032
1749264297,6.08700000,2092.27000000,6.032
1749264297,6.08800000,4.58000000,6.032
1749264297,6.08900000,8.54000000,6.032
1749264297,6.09000000,970.47000000,6.032
1749264297,6.09100000,9.96000000,6.032
1749264297,6.09200000,9.20000000,6.032
1749264297,6.09300000,173.79000000,6.032
1749264297,6.09400000,139.74000000,6.032
1749264297,6.09500000,834.68000000,6.032
1749264297,6.09600000,2447.27000000,6.032
1749264297,6.09700000,4.09000000,6.032
1749264297,6.09800000,268.15000000,6.032
1749264297,6.09900000,42.74000000,6.032
1749264297,6.10000000,1293.75000000,6.032
1749264297,6.10100000,1.67000000,6.032
1749264297,6.10200000,734.82000000,6.032
1749264297,6.10300000,5.84000000,6.032
1749264297,6.10400000,4.58000000,6.032
1749264297,6.10500000,46.79000000,6.032
1749264297,6.10600000,138.72000000,6.032
1749264297,6.10700000,3.44000000,6.032
1749264297,6.10800000,11.22000000,6.032
1749264297,6.10900000,1628.58000000,6.032
1749264297,6.11000000,4224.67000000,6.032
1749264297,6.11100000,178.80000000,6.032
1749264297,6.11200000,1600.69000000,6.032
1749264297,6.11400000,136.08000000,6.032
1749264297,6.11500000,1.24000000,6.032
1749264297,6.11600000,337.37000000,6.032
1749264297,6.11700000,11.60000000,6.032
1749264297,6.11800000,4.23000000,6.032
1749264297,6.11900000,37.54000000,6.032
1749264297,6.12000000,243.92000000,6.032
1749264297,6.12100000,27.57000000,6.032
1749264297,6.12200000,137.28000000,6.032
1749264297,6.12300000,44.52000000,6.032
1749264297,6.12400000,9.19000000,6.032
1749264297,6.12500000,177.25000000,6.032
1749264297,6.12600000,8.59000000,6.032
1749264297,6.12700000,27.70000000,6.032
1749264297,6.12800000,3.10000000,6.032
1749264297,6.12900000,201.66000000,6.032
1749264297,6.13000000,1501.19000000,6.032
1749264297,6.13100000,16.99000000,6.032
1749264297,6.13200000,10.18000000,6.032
1749264297,6.13300000,5.35000000,6.032
1749264603,6.05000000,181.36000000,6.05
1749264603,6.05100000,725.01000000,6.05
1749264603,6.05200000,1019.74000000,6.05
1749264603,6.05300000,819.36000000,6.05
1749264603,6.05400000,1221.20000000,6.05
1749264603,6.05500000,959.09000000,6.05
1749264603,6.05600000,1914.85000000,6.05
1749264603,6.05700000,1007.70000000,6.05
1749264603,6.05800000,3469.12000000,6.05
1749264603,6.05900000,712.03000000,6.05
1749264603,6.06000000,954.32000000,6.05
1749264603,6.06100000,850.53000000,6.05
1749264603,6.06200000,646.23000000,6.05
1749264603,6.06300000,853.96000000,6.05
1749264603,6.06400000,474.13000000,6.05
1749264603,6.06500000,433.96000000,6.05
1749264603,6.06600000,2360.67000000,6.05
1749264603,6.06700000,856.89000000,6.05
1749264603,6.06800000,5876.28000000,6.05
1749264603,6.06900000,577.48000000,6.05
1749264603,6.07000000,2079.41000000,6.05
1749264603,6.07100000,433.88000000,6.05
1749264603,6.07200000,349.60000000,6.05
1749264603,6.07300000,788.45000000,6.05
1749264603,6.07400000,1706.41000000,6.05
1749264603,6.07500000,559.78000000,6.05
1749264603,6.07600000,1192.33000000,6.05
1749264603,6.07700000,434.38000000,6.05
1749264603,6.07800000,627.83000000,6.05
1749264603,6.07900000,433.82000000,6.05
1749264603,6.08000000,306.48000000,6.05
1749264603,6.08100000,301.09000000,6.05
1749264603,6.08200000,799.19000000,6.05
1749264603,6.08300000,395.04000000,6.05
1749264603,6.08400000,491.83000000,6.05
1749264603,6.08500000,396.39000000,6.05
1749264603,6.08600000,287.26000000,6.05
1749264603,6.08700000,2092.27000000,6.05
1749264603,6.08800000,87.53000000,6.05
1749264603,6.08900000,1208.16000000,6.05
1749264603,6.09000000,172.03000000,6.05
1749264603,6.09100000,92.00000000,6.05
1749264603,6.09200000,51.43000000,6.05
1749264603,6.09300000,173.79000000,6.05
1749264603,6.09400000,139.74000000,6.05
1749264603,6.09500000,21.01000000,6.05
1749264603,6.09600000,2536.91000000,6.05
1749264603,6.09700000,4.09000000,6.05
1749264603,6.09800000,268.15000000,6.05
1749264603,6.09900000,42.74000000,6.05
1749264603,6.10000000,1529.35000000,6.05
1749264603,6.10100000,1.67000000,6.05
1749264603,6.10200000,170.12000000,6.05
1749264603,6.10300000,568.18000000,6.05
1749264603,6.10400000,4.58000000,6.05
1749264603,6.10500000,46.79000000,6.05
1749264603,6.10600000,138.72000000,6.05
1749264603,6.10700000,3.44000000,6.05
1749264603,6.10800000,11.22000000,6.05
1749264603,6.10900000,2443.91000000,6.05
1749264603,6.11000000,2598.99000000,6.05
1749264603,6.11100000,180.46000000,6.05
1749264603,6.11200000,1199.13000000,6.05
1749264603,6.11300000,1.66000000,6.05
1749264603,6.11400000,137.74000000,6.05
1749264603,6.11500000,2.90000000,6.05
1749264603,6.11600000,339.03000000,6.05
1749264603,6.11700000,13.26000000,6.05
1749264603,6.11800000,5.89000000,6.05
1749264603,6.11900000,39.20000000,6.05
1749264603,6.12000000,807.92000000,6.05
1749264603,6.12100000,29.23000000,6.05
1749264603,6.12200000,138.94000000,6.05
1749264603,6.12300000,46.18000000,6.05
1749264603,6.12400000,3.61000000,6.05
1749264603,6.12500000,178.91000000,6.05
1749264603,6.12600000,8.59000000,6.05
1749264603,6.12700000,27.70000000,6.05
1749264603,6.12800000,3.10000000,6.05
1749264603,6.12900000,201.66000000,6.05
1749264603,6.13000000,1.19000000,6.05
1749264603,6.13100000,16.99000000,6.05
1749264603,6.13200000,10.18000000,6.05
1749264603,6.13300000,5.35000000,6.05
1749264603,6.13400000,49.91000000,6.05
1749264603,6.13500000,7.01000000,6.05
1749264603,6.13700000,170.95000000,6.05
1749264603,6.14000000,1275.49000000,6.05
1749264603,6.14100000,6.60000000,6.05
1749264603,6.14200000,1.33000000,6.05
1749264603,6.14400000,1532.25000000,6.05
1749264603,6.14500000,446.67000000,6.05
1749264603,6.14600000,523.59000000,6.05
1749264603,6.14700000,0.87000000,6.05
1749264603,6.14800000,1.18000000,6.05
1749264603,6.14900000,1.27000000,6.05
1749264603,6.15000000,753.78000000,6.05
1749264603,6.15300000,3.32000000,6.05
1749264603,6.15400000,10.70000000,6.05
1749264603,6.15500000,168.45000000,6.05
1749264905,6.15100000,374.34000000,6.149
1749264905,6.15200000,780.40000000,6.149
1749264905,6.15300000,1084.19000000,6.149
1749264905,6.15400000,1273.17000000,6.149
1749264905,6.15500000,1822.26000000,6.149
1749264905,6.15600000,2290.95000000,6.149
1749264905,6.15700000,3581.22000000,6.149
1749264905,6.15800000,2230.34000000,6.149
1749264905,6.15900000,2057.76000000,6.149
1749264905,6.16000000,5646.19000000,6.149
1749264905,6.16100000,3211.40000000,6.149
1749264905,6.16200000,2678.12000000,6.149
1749264905,6.16300000,3876.46000000,6.149
1749264905,6.16400000,2177.60000000,6.149
1749264905,6.16500000,1093.40000000,6.149
1749264905,6.16600000,1387.90000000,6.149
1749264905,6.16700000,823.62000000,6.149
1749264905,6.16800000,2644.61000000,6.149
1749264905,6.16900000,6350.90000000,6.149
1749264905,6.17000000,440.80000000,6.149
1749264905,6.17100000,384.43000000,6.149
1749264905,6.17200000,389.14000000,6.149
1749264905,6.17300000,472.13000000,6.149
1749264905,6.17400000,452.62000000,6.149
1749264905,6.17500000,542.14000000,6.149
1749264905,6.17600000,474.77000000,6.149
1749264905,6.17700000,805.69000000,6.149
1749264905,6.17800000,698.35000000,6.149
1749264905,6.17900000,476.31000000,6.149
1749264905,6.18000000,536.74000000,6.149
1749264905,6.18100000,319.07000000,6.149
1749264905,6.18200000,483.48000000,6.149
1749264905,6.18300000,647.36000000,6.149
1749264905,6.18400000,517.67000000,6.149
1749264905,6.18500000,354.40000000,6.149
1749264905,6.18600000,374.11000000,6.149
1749264905,6.18700000,434.65000000,6.149
1749264905,6.18800000,500.57000000,6.149
1749264905,6.18900000,373.48000000,6.149
1749264905,6.19000000,314.23000000,6.149
1749264905,6.19100000,419.87000000,6.149
1749264905,6.19200000,510.03000000,6.149
1749264905,6.19300000,28.40000000,6.149
1749264905,6.19400000,395.18000000,6.149
1749264905,6.19500000,123.31000000,6.149
1749264905,6.19600000,214.01000000,6.149
1749264905,6.19700000,2.49000000,6.149
1749264905,6.19800000,226.71000000,6.149
1749264905,6.19900000,3420.74000000,6.149
1749264905,6.20000000,321.00000000,6.149
1749264905,6.20100000,90.31000000,6.149
1749264905,6.20200000,230.99000000,6.149
1749264905,6.20300000,2484.17000000,6.149
1749264905,6.20400000,173.06000000,6.149
1749264905,6.20500000,5.75000000,6.149
1749264905,6.20600000,136.38000000,6.149
1749264905,6.20700000,30.59000000,6.149
1749264905,6.20800000,371.18000000,6.149
1749264905,6.20900000,174.71000000,6.149
1749264905,6.21000000,201.97000000,6.149
1749264905,6.21100000,359.47000000,6.149
1749264905,6.21200000,2.52000000,6.149
1749264905,6.21300000,136.38000000,6.149
1749264905,6.21400000,494.27000000,6.149
1749264905,6.21500000,1.63000000,6.149
1749264905,6.21600000,6.50000000,6.149
1749264905,6.21700000,149.93000000,6.149
1749264905,6.21800000,879.33000000,6.149
1749264905,6.21900000,1279.49000000,6.149
1749264905,6.22000000,130.07000000,6.149
1749264905,6.22100000,143.83000000,6.149
1749264905,6.22200000,1.63000000,6.149
1749264905,6.22300000,17.61000000,6.149
1749264905,6.22400000,431.82000000,6.149
1749264905,6.22500000,160.33000000,6.149
1749264905,6.22600000,4.02000000,6.149
1749264905,6.22700000,1238.83000000,6.149
1749264905,6.22800000,1950.23000000,6.149
1749264905,6.22900000,1.22000000,6.149
1749264905,6.23000000,126.32000000,6.149
1749264905,6.23100000,2.68000000,6.149
1749264905,6.23200000,2.41000000,6.149
1749264905,6.23300000,995.96000000,6.149
1749264905,6.23400000,102.21000000,6.149
1749264905,6.23500000,5.12000000,6.149
1749264905,6.23600000,3.39000000,6.149
1749264905,6.23700000,2.84000000,6.149
1749264905,6.23800000,6.03000000,6.149
1749264905,6.23900000,4.69000000,6.149
1749264905,6.24000000,1773.32000000,6.149
1749264905,6.24100000,9.44000000,6.149
1749264905,6.24200000,169.75000000,6.149
1749264905,6.24300000,1.33000000,6.149
1749264905,6.24400000,1.22000000,6.149
1749264905,6.24500000,36.78000000,6.149
1749264905,6.24600000,1516.96000000,6.149
1749264905,6.24700000,5.14000000,6.149
1749264905,6.24800000,42.99000000,6.149
1749264905,6.24900000,630.89000000,6.149
1749264905,6.25000000,422.87000000,6.149
1749265206,6.12600000,320.02000000,6.125
1749265206,6.12700000,860.53000000,6.125
1749265206,6.12800000,929.96000000,6.125
1749265206,6.12900000,1442.72000000,6.125
1749265206,6.13000000,2889.36000000,6.125
1749265206,6.13100000,2707.83000000,6.125
1749265206,6.13200000,1854.55000000,6.125
1749265206,6.13300000,2290.96000000,6.125
1749265206,6.13400000,4565.74000000,6.125
1749265206,6.13500000,2121.50000000,6.125
1749265206,6.13600000,3706.04000000,6.125
1749265206,6.13700000,1933.21000000,6.125
1749265206,6.13800000,982.39000000,6.125
1749265206,6.13900000,1727.93000000,6.125
1749265206,6.14000000,1237.72000000,6.125
1749265206,6.14100000,967.68000000,6.125
1749265206,6.14200000,773.00000000,6.125
1749265206,6.14300000,202.84000000,6.125
1749265206,6.14400000,441.59000000,6.125
1749265206,6.14500000,620.35000000,6.125
1749265206,6.14600000,552.56000000,6.125
1749265206,6.14700000,498.54000000,6.125
1749265206,6.14800000,611.88000000,6.125
1749265206,6.14900000,730.87000000,6.125
1749265206,6.15000000,710.61000000,6.125
1749265206,6.15100000,522.80000000,6.125
1749265206,6.15200000,5854.08000000,6.125
1749265206,6.15300000,484.72000000,6.125
1749265206,6.15400000,519.43000000,6.125
1749265206,6.15500000,303.59000000,6.125
1749265206,6.15600000,384.15000000,6.125
1749265206,6.15700000,606.32000000,6.125
1749265206,6.15800000,1025.20000000,6.125
1749265206,6.15900000,317.02000000,6.125
1749265206,6.16000000,457.31000000,6.125
1749265206,6.16100000,436.05000000,6.125
1749265206,6.16200000,460.88000000,6.125
1749265206,6.16300000,488.11000000,6.125
1749265206,6.16400000,318.17000000,6.125
1749265206,6.16500000,596.77000000,6.125
1749265206,6.16600000,700.31000000,6.125
1749265206,6.16700000,377.64000000,6.125
1749265206,6.16800000,364.49000000,6.125
1749265206,6.16900000,2.85000000,6.125
1749265206,6.17000000,250.18000000,6.125
1749265206,6.17100000,1.62000000,6.125
1749265206,6.17200000,123.25000000,6.125
1749265206,6.17300000,286.32000000,6.125
1749265206,6.17400000,136.38000000,6.125
1749265206,6.17500000,203.57000000,6.125
1749265206,6.17600000,32.76000000,6.125
1749265206,6.17700000,1.62000000,6.125
1749265206,6.17800000,313.50000000,6.125
1749265206,6.17900000,1.62000000,6.125
1749265206,6.18000000,62.31000000,6.125
1749265206,6.18100000,35.10000000,6.125
1749265206,6.18200000,175.32000000,6.125
1749265206,6.18300000,5.55000000,6.125
1749265206,6.18400000,206.34000000,6.125
1749265206,6.18500000,2.49000000,6.125
1749265206,6.18600000,136.38000000,6.125
1749265206,6.18700000,2.84000000,6.125
1749265206,6.18800000,1.62000000,6.125
1749265206,6.18900000,1001.41000000,6.125
1749265206,6.19000000,80.46000000,6.125
1749265206,6.19100000,47.17000000,6.125
1749265206,6.19200000,1.62000000,6.125
1749265206,6.19300000,1083.31000000,6.125
1749265206,6.19400000,304.83000000,6.125
1749265206,6.19500000,4088.37000000,6.125
1749265206,6.19600000,2488.12000000,6.125
1749265206,6.19700000,2.49000000,6.125
1749265206,6.19800000,137.57000000,6.125
1749265206,6.19900000,158.61000000,6.125
1749265206,6.20000000,468.60000000,6.125
1749265206,6.20100000,1.64000000,6.125
1749265206,6.20200000,135.98000000,6.125
1749265206,6.20300000,38.21000000,6.125
1749265206,6.20400000,1002.27000000,6.125
1749265206,6.20500000,4.13000000,6.125
1749265206,6.20600000,134.76000000,6.125
1749265206,6.20700000,0.84000000,6.125
1749265206,6.20800000,184.61000000,6.125
1749265206,6.20900000,173.09000000,6.125
1749265206,6.21000000,200.35000000,6.125
1749265206,6.21100000,25.18000000,6.125
1749265206,6.21200000,0.90000000,6.125
1749265206,6.21300000,134.76000000,6.125
1749265206,6.21400000,825.31000000,6.125
1749265206,6.21600000,4.87000000,6.125
1749265206,6.21700000,148.30000000,6.125
1749265206,6.21800000,54.80000000,6.125
1749265206,6.21900000,173.33000000,6.125
1749265206,6.22000000,128.44000000,6.125
1749265206,6.22100000,1642.20000000,6.125
1749265206,6.22300000,15.98000000,6.125
1749265206,6.22400000,210.65000000,6.125
1749265206,6.22500000,208.70000000,6.125
1749265206,6.22600000,833.22000000,6.125
1749265206,6.22700000,9.70000000,6.125
1749265508,6.13100000,309.31000000,6.131
1749265508,6.13200000,1197.36000000,6.131
1749265508,6.13300000,1191.50000000,6.131
1749265508,6.13400000,955.06000000,6.131
1749265508,6.13500000,2540.36000000,6.131
1749265508,6.13600000,4933.83000000,6.131
1749265508,6.13700000,2870.21000000,6.131
1749265508,6.13800000,2612.64000000,6.131
1749265508,6.13900000,1525.07000000,6.131
1749265508,6.14000000,2363.61000000,6.131
1749265508,6.14100000,4591.02000000,6.131
1749265508,6.14200000,3369.86000000,6.131
1749265508,6.14300000,1852.51000000,6.131
1749265508,6.14400000,2916.31000000,6.131
1749265508,6.14500000,2298.15000000,6.131
1749265508,6.14600000,1089.13000000,6.131
1749265508,6.14700000,676.85000000,6.131
1749265508,6.14800000,721.65000000,6.131
1749265508,6.14900000,6299.55000000,6.131
1749265508,6.15000000,594.30000000,6.131
1749265508,6.15100000,381.79000000,6.131
1749265508,6.15200000,381.39000000,6.131
1749265508,6.15300000,589.76000000,6.131
1749265508,6.15400000,640.99000000,6.131
1749265508,6.15500000,422.76000000,6.131
1749265508,6.15600000,406.80000000,6.131
1749265508,6.15700000,607.30000000,6.131
1749265508,6.15800000,1016.56000000,6.131
1749265508,6.15900000,402.70000000,6.131
1749265508,6.16000000,387.51000000,6.131
1749265508,6.16100000,427.00000000,6.131
1749265508,6.16200000,498.03000000,6.131
1749265508,6.16300000,547.32000000,6.131
1749265508,6.16400000,407.05000000,6.131
1749265508,6.16500000,321.46000000,6.131
1749265508,6.16600000,439.16000000,6.131
1749265508,6.16700000,324.84000000,6.131
1749265508,6.16800000,374.03000000,6.131
1749265508,6.16900000,404.39000000,6.131
1749265508,6.17000000,361.07000000,6.131
1749265508,6.17100000,405.87000000,6.131
1749265508,6.17200000,318.00000000,6.131
1749265508,6.17300000,304.77000000,6.131
1749265508,6.17400000,136.38000000,6.131
1749265508,6.17500000,402.87000000,6.131
1749265508,6.17600000,2640.95000000,6.131
1749265508,6.17700000,4127.56000000,6.131
1749265508,6.17800000,314.84000000,6.131
1749265508,6.17900000,119.68000000,6.131
1749265508,6.18000000,64.01000000,6.131
1749265508,6.18100000,154.86000000,6.131
1749265508,6.18200000,177.57000000,6.131
1749265508,6.18300000,5.57000000,6.131
1749265508,6.18400000,151.91000000,6.131
1749265508,6.18500000,2.51000000,6.131
1749265508,6.18600000,472.79000000,6.131
1749265508,6.18700000,2.86000000,6.131
1749265508,6.18800000,3.33000000,6.131
1749265508,6.18900000,1001.43000000,6.131
1749265508,6.19000000,34.33000000,6.131
1749265508,6.19100000,47.19000000,6.131
1749265508,6.19200000,1.64000000,6.131
1749265508,6.19300000,866.70000000,6.131
1749265508,6.19400000,543.14000000,6.131
1749265508,6.19500000,20.20000000,6.131
1749265508,6.19600000,2.86000000,6.131
1749265508,6.19700000,5.53000000,6.131
1749265508,6.19800000,137.59000000,6.131
1749265508,6.19900000,158.63000000,6.131
1749265508,6.20000000,296.97000000,6.131
1749265508,6.20100000,824.54000000,6.131
1749265508,6.20200000,137.62000000,6.131
1749265508,6.20300000,48.87000000,6.131
1749265508,6.20400000,1003.91000000,6.131
1749265508,6.20500000,270.69000000,6.131
1749265508,6.20600000,2.60000000,6.131
1749265508,6.20700000,0.84000000,6.131
1749265508,6.20800000,18.57000000,6.131
1749265508,6.20900000,173.09000000,6.131
1749265508,6.21000000,4.15000000,6.131
1749265508,6.21100000,0.79000000,6.131
1749265508,6.21200000,0.90000000,6.131
1749265508,6.21400000,492.64000000,6.131
1749265508,6.21500000,822.90000000,6.131
1749265508,6.21600000,4.87000000,6.131
1749265508,6.21700000,13.54000000,6.131
1749265508,6.21800000,54.80000000,6.131
1749265508,6.21900000,4.88000000,6.131
1749265508,6.22000000,128.44000000,6.131
1749265508,6.22100000,9.69000000,6.131
1749265508,6.22300000,1515.98000000,6.131
1749265508,6.22400000,42.20000000,6.131
1749265508,6.22500000,158.70000000,6.131
1749265508,6.22600000,2.39000000,6.131
1749265508,6.22700000,815.76000000,6.131
1749265508,6.22800000,1950.23000000,6.131
1749265508,6.22900000,1.22000000,6.131
1749265508,6.23000000,926.32000000,6.131
1749265508,6.23100000,2.68000000,6.131
1749265508,6.23200000,1.19000000,6.131
1749265809,6.13200000,799.63000000,6.131
1749265809,6.13300000,576.62000000,6.131
1749265809,6.13400000,1316.04000000,6.131
1749265809,6.13500000,2063.03000000,6.131
1749265809,6.13600000,4304.45000000,6.131
1749265809,6.13700000,3890.09000000,6.131
1749265809,6.13800000,5027.19000000,6.131
1749265809,6.13900000,1164.20000000,6.131
1749265809,6.14000000,1347.45000000,6.131
1749265809,6.14100000,2641.66000000,6.131
1749265809,6.14200000,4217.07000000,6.131
1749265809,6.14300000,3268.81000000,6.131
1749265809,6.14400000,1036.85000000,6.131
1749265809,6.14500000,1278.87000000,6.131
1749265809,6.14600000,503.30000000,6.131
1749265809,6.14700000,585.19000000,6.131
1749265809,6.14800000,497.15000000,6.131
1749265809,6.14900000,794.75000000,6.131
1749265809,6.15000000,813.63000000,6.131
1749265809,6.15100000,6042.29000000,6.131
1749265809,6.15200000,395.92000000,6.131
1749265809,6.15300000,886.07000000,6.131
1749265809,6.15400000,664.08000000,6.131
1749265809,6.15500000,490.56000000,6.131
1749265809,6.15600000,455.93000000,6.131
1749265809,6.15700000,506.92000000,6.131
1749265809,6.15800000,1016.56000000,6.131
1749265809,6.15900000,505.85000000,6.131
1749265809,6.16000000,366.59000000,6.131
1749265809,6.16100000,444.19000000,6.131
1749265809,6.16200000,524.78000000,6.131
1749265809,6.16300000,453.08000000,6.131
1749265809,6.16400000,408.77000000,6.131
1749265809,6.16500000,326.53000000,6.131
1749265809,6.16600000,439.16000000,6.131
1749265809,6.16700000,324.84000000,6.131
1749265809,6.16800000,1304.66000000,6.131
1749265809,6.16900000,408.55000000,6.131
1749265809,6.17000000,444.91000000,6.131
1749265809,6.17100000,435.02000000,6.131
1749265809,6.17200000,320.87000000,6.131
1749265809,6.17300000,513.32000000,6.131
1749265809,6.17400000,136.38000000,6.131
1749265809,6.17500000,483.79000000,6.131
1749265809,6.17600000,194.22000000,6.131
1749265809,6.17700000,33.57000000,6.131
1749265809,6.17800000,430.91000000,6.131
1749265809,6.17900000,1.62000000,6.131
1749265809,6.18000000,179.70000000,6.131
1749265809,6.18100000,1235.84000000,6.131
1749265809,6.18200000,177.57000000,6.131
1749265809,6.18300000,5.57000000,6.131
1749265809,6.18400000,2236.64000000,6.131
1749265809,6.18500000,2.51000000,6.131
1749265809,6.18600000,140.12000000,6.131
1749265809,6.18700000,49.01000000,6.131
1749265809,6.18800000,3.33000000,6.131
1749265809,6.18900000,2694.25000000,6.131
1749265809,6.19000000,865.55000000,6.131
1749265809,6.19100000,47.19000000,6.131
1749265809,6.19200000,1.64000000,6.131
1749265809,6.19300000,43.80000000,6.131
1749265809,6.19400000,542.70000000,6.131
1749265809,6.19500000,20.20000000,6.131
1749265809,6.19600000,2.86000000,6.131
1749265809,6.19700000,812.56000000,6.131
1749265809,6.19800000,2551.32000000,6.131
1749265809,6.19900000,158.63000000,6.131
1749265809,6.20000000,250.82000000,6.131
1749265809,6.20100000,1.64000000,6.131
1749265809,6.20200000,137.62000000,6.131
1749265809,6.20300000,48.87000000,6.131
1749265809,6.20400000,1003.91000000,6.131
1749265809,6.20500000,338.44000000,6.131
1749265809,6.20600000,2.60000000,6.131
1749265809,6.20700000,267.34000000,6.131
1749265809,6.20800000,18.57000000,6.131
1749265809,6.20900000,173.09000000,6.131
1749265809,6.21000000,4.15000000,6.131
1749265809,6.21100000,0.79000000,6.131
1749265809,6.21200000,0.90000000,6.131
1749265809,6.21300000,994.15000000,6.131
1749265809,6.21400000,492.64000000,6.131
1749265809,6.21600000,4.87000000,6.131
1749265809,6.21700000,13.54000000,6.131
1749265809,6.21800000,54.80000000,6.131
1749265809,6.21900000,4.88000000,6.131
1749265809,6.22000000,128.44000000,6.131
1749265809,6.22100000,9.69000000,6.131
1749265809,6.22300000,15.98000000,6.131
1749265809,6.22400000,42.20000000,6.131
1749265809,6.22500000,158.70000000,6.131
1749265809,6.22600000,2.39000000,6.131
1749265809,6.22700000,9.70000000,6.131
1749265809,6.22800000,1950.23000000,6.131
1749265809,6.22900000,1501.22000000,6.131
1749265809,6.23000000,926.32000000,6.131
1749265809,6.23100000,2.68000000,6.131
1749265809,6.23200000,1.19000000,6.131
1749265809,6.23300000,4.61000000,6.131
1749266111,6.15200000,2702.00000000,6.151
1749266111,6.15300000,892.99000000,6.151
1749266111,6.15400000,1265.10000000,6.151
1749266111,6.15500000,2433.50000000,6.151
1749266111,6.15600000,2279.17000000,6.151
1749266111,6.15700000,2461.86000000,6.151
1749266111,6.15800000,5192.28000000,6.151
1749266111,6.15900000,1660.55000000,6.151
1749266111,6.16000000,2989.10000000,6.151
1749266111,6.16100000,5715.64000000,6.151
1749266111,6.16200000,2857.05000000,6.151
1749266111,6.16300000,1828.88000000,6.151
1749266111,6.16400000,2174.99000000,6.151
1749266111,6.16500000,1855.62000000,6.151
1749266111,6.16600000,1973.40000000,6.151
1749266111,6.16700000,840.39000000,6.151
1749266111,6.16800000,384.15000000,6.151
1749266111,6.16900000,451.43000000,6.151
1749266111,6.17000000,5968.27000000,6.151
1749266111,6.17100000,212.72000000,6.151
1749266111,6.17200000,454.00000000,6.151
1749266111,6.17300000,551.08000000,6.151
1749266111,6.17400000,442.54000000,6.151
1749266111,6.17500000,514.00000000,6.151
1749266111,6.17600000,443.28000000,6.151
1749266111,6.17700000,803.61000000,6.151
1749266111,6.17800000,678.13000000,6.151
1749266111,6.17900000,869.64000000,6.151
1749266111,6.18000000,276.60000000,6.151
1749266111,6.18100000,329.34000000,6.151
1749266111,6.18200000,389.42000000,6.151
1749266111,6.18300000,339.92000000,6.151
1749266111,6.18400000,364.66000000,6.151
1749266111,6.18500000,295.88000000,6.151
1749266111,6.18600000,461.20000000,6.151
1749266111,6.18700000,296.49000000,6.151
1749266111,6.18800000,323.90000000,6.151
1749266111,6.18900000,344.75000000,6.151
1749266111,6.19000000,330.43000000,6.151
1749266111,6.19100000,1557.95000000,6.151
1749266111,6.19200000,182.85000000,6.151
1749266111,6.19300000,43.80000000,6.151
1749266111,6.19400000,304.85000000,6.151
1749266111,6.19500000,2104.93000000,6.151
1749266111,6.19600000,3.75000000,6.151
1749266111,6.19700000,6.50000000,6.151
1749266111,6.19800000,137.59000000,6.151
1749266111,6.19900000,158.63000000,6.151
1749266111,6.20000000,250.82000000,6.151
1749266111,6.20100000,1.64000000,6.151
1749266111,6.20200000,137.62000000,6.151
1749266111,6.20300000,49.84000000,6.151
1749266111,6.20400000,2725.37000000,6.151
1749266111,6.20500000,5.77000000,6.151
1749266111,6.20600000,48.75000000,6.151
1749266111,6.20700000,2.48000000,6.151
1749266111,6.20800000,572.66000000,6.151
1749266111,6.20900000,174.73000000,6.151
1749266111,6.21000000,140.55000000,6.151
1749266111,6.21100000,2.43000000,6.151
1749266111,6.21200000,2.54000000,6.151
1749266111,6.21300000,995.79000000,6.151
1749266111,6.21400000,172.27000000,6.151
1749266111,6.21500000,240.36000000,6.151
1749266111,6.21600000,812.56000000,6.151
1749266111,6.21700000,2428.90000000,6.151
1749266111,6.21800000,56.43000000,6.151
1749266111,6.21900000,6.51000000,6.151
1749266111,6.22000000,130.07000000,6.151
1749266111,6.22100000,11.32000000,6.151
1749266111,6.22200000,2.60000000,6.151
1749266111,6.22300000,17.61000000,6.151
1749266111,6.22400000,43.83000000,6.151
1749266111,6.22500000,493.00000000,6.151
1749266111,6.22600000,4.02000000,6.151
1749266111,6.22700000,276.18000000,6.151
1749266111,6.22800000,1950.23000000,6.151
1749266111,6.22900000,1.22000000,6.151
1749266111,6.23000000,1478.77000000,6.151
1749266111,6.23100000,2.68000000,6.151
1749266111,6.23200000,1.19000000,6.151
1749266111,6.23300000,4.61000000,6.151
1749266111,6.23400000,41.17000000,6.151
1749266111,6.23500000,23.34000000,6.151
1749266111,6.23600000,3.39000000,6.151
1749266111,6.23700000,2.84000000,6.151
1749266111,6.23800000,4.81000000,6.151
1749266111,6.23900000,4.69000000,6.151
1749266111,6.24000000,668.91000000,6.151
1749266111,6.24100000,8.22000000,6.151
1749266111,6.24200000,1.30000000,6.151
1749266111,6.24300000,1.33000000,6.151
1749266111,6.24400000,431.21000000,6.151
1749266111,6.24500000,39.03000000,6.151
1749266111,6.24600000,16.96000000,6.151
1749266111,6.24700000,3.92000000,6.151
1749266111,6.24800000,1655.37000000,6.151
1749266111,6.24900000,2180.89000000,6.151
1749266111,6.25000000,252.07000000,6.151
1749266111,6.25100000,0.95000000,6.151
1749266413,6.12600000,479.07000000,6.126
1749266413,6.12700000,1340.40000000,6.126
1749266413,6.12800000,1705.88000000,6.126
1749266413,6.12900000,1126.88000000,6.126
1749266413,6.13000000,1055.07000000,6.126
1749266413,6.13100000,2405.82000000,6.126
1749266413,6.13200000,3527.27000000,6.126
1749266413,6.13300000,3287.38000000,6.126
1749266413,6.13400000,4512.28000000,6.126
1749266413,6.13500000,10699.15000000,6.126
1749266413,6.13600000,1081.53000000,6.126
1749266413,6.13700000,1107.98000000,6.126
1749266413,6.13800000,1466.21000000,6.126
1749266413,6.13900000,2246.28000000,6.126
1749266413,6.14000000,5733.01000000,6.126
1749266413,6.14100000,1635.43000000,6.126
1749266413,6.14200000,374.82000000,6.126
1749266413,6.14300000,5913.17000000,6.126
1749266413,6.14400000,387.50000000,6.126
1749266413,6.14500000,782.25000000,6.126
1749266413,6.14600000,440.18000000,6.126
1749266413,6.14700000,244.35000000,6.126
1749266413,6.14800000,473.60000000,6.126
1749266413,6.14900000,707.60000000,6.126
1749266413,6.15000000,439.05000000,6.126
1749266413,6.15100000,227.62000000,6.126
1749266413,6.15200000,303.17000000,6.126
1749266413,6.15300000,944.10000000,6.126
1749266413,6.15400000,356.84000000,6.126
1749266413,6.15500000,325.65000000,6.126
1749266413,6.15600000,302.28000000,6.126
1749266413,6.15700000,228.02000000,6.126
1749266413,6.15800000,936.46000000,6.126
1749266413,6.15900000,323.94000000,6.126
1749266413,6.16000000,365.15000000,6.126
1749266413,6.16100000,337.89000000,6.126
1749266413,6.16200000,498.88000000,6.126
1749266413,6.16300000,301.07000000,6.126
1749266413,6.16400000,84.29000000,6.126
1749266413,6.16500000,6.49000000,6.126
1749266413,6.16600000,390.31000000,6.126
1749266413,6.16700000,434.70000000,6.126
1749266413,6.16800000,254.42000000,6.126
1749266413,6.16900000,496.20000000,6.126
1749266413,6.17000000,256.60000000,6.126
1749266413,6.17100000,145.00000000,6.126
1749266413,6.17200000,11.27000000,6.126
1749266413,6.17300000,184.37000000,6.126
1749266413,6.17400000,136.38000000,6.126
1749266413,6.17500000,238.44000000,6.126
1749266413,6.17600000,54.93000000,6.126
1749266413,6.17700000,33.57000000,6.126
1749266413,6.17800000,314.84000000,6.126
1749266413,6.17900000,47.77000000,6.126
1749266413,6.18000000,64.01000000,6.126
1749266413,6.18100000,36.80000000,6.126
1749266413,6.18200000,177.57000000,6.126
1749266413,6.18300000,5.57000000,6.126
1749266413,6.18400000,705.97000000,6.126
1749266413,6.18500000,239.87000000,6.126
1749266413,6.18600000,141.09000000,6.126
1749266413,6.18700000,2.86000000,6.126
1749266413,6.18800000,3.33000000,6.126
1749266413,6.18900000,170.09000000,6.126
1749266413,6.19000000,39.19000000,6.126
1749266413,6.19100000,1246.23000000,6.126
1749266413,6.19200000,1.64000000,6.126
1749266413,6.19300000,376.47000000,6.126
1749266413,6.19400000,1110.91000000,6.126
1749266413,6.19500000,2104.93000000,6.126
1749266413,6.19600000,555.84000000,6.126
1749266413,6.19700000,6.50000000,6.126
1749266413,6.19800000,137.59000000,6.126
1749266413,6.19900000,158.63000000,6.126
1749266413,6.20000000,515.70000000,6.126
1749266413,6.20100000,1.64000000,6.126
1749266413,6.20200000,135.98000000,6.126
1749266413,6.20300000,48.20000000,6.126
1749266413,6.20400000,2723.73000000,6.126
1749266413,6.20500000,8.99000000,6.126
1749266413,6.20600000,0.96000000,6.126
1749266413,6.20700000,0.84000000,6.126
1749266413,6.20800000,18.57000000,6.126
1749266413,6.20900000,173.09000000,6.126
1749266413,6.21000000,138.91000000,6.126
1749266413,6.21100000,0.79000000,6.126
1749266413,6.21200000,0.90000000,6.126
1749266413,6.21300000,994.15000000,6.126
1749266413,6.21400000,170.64000000,6.126
1749266413,6.21600000,1617.25000000,6.126
1749266413,6.21700000,2427.27000000,6.126
1749266413,6.21800000,54.80000000,6.126
1749266413,6.21900000,4.88000000,6.126
1749266413,6.22000000,128.44000000,6.126
1749266413,6.22100000,9.69000000,6.126
1749266413,6.22200000,0.97000000,6.126
1749266413,6.22300000,1515.98000000,6.126
1749266413,6.22400000,47.06000000,6.126
1749266413,6.22500000,158.70000000,6.126
1749266413,6.22600000,2.39000000,6.126
1749266714,6.19100000,1224.90000000,6.19
1749266714,6.19200000,197.43000000,6.19
1749266714,6.19300000,593.67000000,6.19
1749266714,6.19400000,654.33000000,6.19
1749266714,6.19500000,972.61000000,6.19
1749266714,6.19600000,1302.00000000,6.19
1749266714,6.19700000,1184.24000000,6.19
1749266714,6.19800000,367.39000000,6.19
1749266714,6.19900000,462.88000000,6.19
1749266714,6.20000000,635.56000000,6.19
1749266714,6.20100000,449.55000000,6.19
1749266714,6.20200000,141.44000000,6.19
1749266714,6.20300000,2900.69000000,6.19
1749266714,6.20400000,675.19000000,6.19
1749266714,6.20500000,505.31000000,6.19
1749266714,6.20600000,165.73000000,6.19
1749266714,6.20700000,83.91000000,6.19
1749266714,6.20800000,22.32000000,6.19
1749266714,6.20900000,770.34000000,6.19
1749266714,6.21000000,140.55000000,6.19
1749266714,6.21100000,82.90000000,6.19
1749266714,6.21200000,5478.18000000,6.19
1749266714,6.21300000,284.76000000,6.19
1749266714,6.21400000,608.65000000,6.19
1749266714,6.21500000,81.99000000,6.19
1749266714,6.21600000,7.39000000,6.19
1749266714,6.21700000,97.24000000,6.19
1749266714,6.21800000,191.19000000,6.19
1749266714,6.21900000,86.87000000,6.19
1749266714,6.22000000,305.61000000,6.19
1749266714,6.22100000,118.53000000,6.19
1749266714,6.22200000,108.94000000,6.19
1749266714,6.22300000,677.66000000,6.19
1749266714,6.22400000,129.83000000,6.19
1749266714,6.22500000,160.33000000,6.19
1749266714,6.22600000,138.78000000,6.19
1749266714,6.22700000,136.85000000,6.19
1749266714,6.22800000,1952.75000000,6.19
1749266714,6.22900000,4.45000000,6.19
1749266714,6.23000000,2126.99000000,6.19
1749266714,6.23100000,112.60000000,6.19
1749266714,6.23200000,722.09000000,6.19
1749266714,6.23300000,6.24000000,6.19
1749266714,6.23400000,177.56000000,6.19
1749266714,6.23500000,26.19000000,6.19
1749266714,6.23600000,5.02000000,6.19
1749266714,6.23700000,2089.20000000,6.19
1749266714,6.23800000,7.66000000,6.19
1749266714,6.23900000,246.64000000,6.19
1749266714,6.24000000,670.54000000,6.19
1749266714,6.24100000,220.46000000,6.19
1749266714,6.24200000,137.69000000,6.19
1749266714,6.24300000,2.96000000,6.19
1749266714,6.24400000,7.71000000,6.19
1749266714,6.24500000,2564.82000000,6.19
1749266714,6.24600000,1292.08000000,6.19
1749266714,6.24700000,2420.50000000,6.19
1749266714,6.24800000,44.62000000,6.19
1749266714,6.24900000,632.52000000,6.19
1749266714,6.25000000,558.13000000,6.19
1749266714,6.25100000,2.58000000,6.19
1749266714,6.25200000,554.52000000,6.19
1749266714,6.25300000,4.48000000,6.19
1749266714,6.25400000,21.06000000,6.19
1749266714,6.25500000,2.84000000,6.19
1749266714,6.25600000,2.84000000,6.19
1749266714,6.25700000,4.82000000,6.19
1749266714,6.25800000,137.56000000,6.19
1749266714,6.25900000,217.37000000,6.19
1749266714,6.26000000,115.09000000,6.19
1749266714,6.26100000,2.49000000,6.19
1749266714,6.26200000,6.64000000,6.19
1749266714,6.26300000,793.97000000,6.19
1749266714,6.26400000,4.31000000,6.19
1749266714,6.26500000,2.68000000,6.19
1749266714,6.26600000,218.33000000,6.19
1749266714,6.26700000,586.97000000,6.19
1749266714,6.26800000,171.45000000,6.19
1749266714,6.27000000,39.79000000,6.19
1749266714,6.27100000,2.16000000,6.19
1749266714,6.27200000,2.91000000,6.19
1749266714,6.27300000,1.67000000,6.19
1749266714,6.27400000,151.13000000,6.19
1749266714,6.27500000,157.98000000,6.19
1749266714,6.27600000,3.02000000,6.19
1749266714,6.27700000,233.69000000,6.19
1749266714,6.27800000,404.15000000,6.19
1749266714,6.28000000,72.02000000,6.19
1749266714,6.28200000,1.64000000,6.19
1749266714,6.28300000,7.65000000,6.19
1749266714,6.28400000,30.20000000,6.19
1749266714,6.28500000,3.23000000,6.19
1749266714,6.28600000,436.99000000,6.19
1749266714,6.28700000,121.24000000,6.19
1749266714,6.28800000,36.53000000,6.19
1749266714,6.28900000,8.70000000,6.19
1749266714,6.29000000,13.50000000,6.19
1749266714,6.29100000,18.53000000,6.19
1749266714,6.29200000,2.84000000,6.19
1749266714,6.29300000,1533.07000000,6.19
1749267016,6.15400000,1399.96000000,6.153
1749267016,6.15500000,540.05000000,6.153
1749267016,6.15600000,338.11000000,6.153
1749267016,6.15700000,903.04000000,6.153
1749267016,6.15800000,1367.57000000,6.153
1749267016,6.15900000,464.19000000,6.153
1749267016,6.16000000,882.24000000,6.153
1749267016,6.16100000,661.60000000,6.153
1749267016,6.16200000,465.03000000,6.153
1749267016,6.16300000,1222.52000000,6.153
1749267016,6.16400000,3224.11000000,6.153
1749267016,6.16500000,265.79000000,6.153
1749267016,6.16600000,536.22000000,6.153
1749267016,6.16700000,831.74000000,6.153
1749267016,6.16800000,677.25000000,6.153
1749267016,6.16900000,248.33000000,6.153
1749267016,6.17000000,104.70000000,6.153
1749267016,6.17100000,5807.65000000,6.153
1749267016,6.17200000,819.31000000,6.153
1749267016,6.17300000,301.43000000,6.153
1749267016,6.17400000,195.49000000,6.153
1749267016,6.17500000,281.22000000,6.153
1749267016,6.17600000,183.17000000,6.153
1749267016,6.17700000,682.15000000,6.153
1749267016,6.17800000,182.35000000,6.153
1749267016,6.17900000,236.61000000,6.153
1749267016,6.18000000,242.55000000,6.153
1749267016,6.18100000,100.62000000,6.153
1749267016,6.18200000,672.73000000,6.153
1749267016,6.18300000,324.70000000,6.153
1749267016,6.18400000,82.80000000,6.153
1749267016,6.18500000,3.71000000,6.153
1749267016,6.18600000,95.12000000,6.153
1749267016,6.18700000,492.36000000,6.153
1749267016,6.18800000,198.27000000,6.153
1749267016,6.18900000,81.97000000,6.153
1749267016,6.19000000,126.33000000,6.153
1749267016,6.19100000,159.24000000,6.153
1749267016,6.19200000,82.63000000,6.153
1749267016,6.19300000,42.97000000,6.153
1749267016,6.19400000,362.97000000,6.153
1749267016,6.19500000,28.37000000,6.153
1749267016,6.19600000,2.51000000,6.153
1749267016,6.19700000,84.35000000,6.153
1749267016,6.19800000,137.57000000,6.153
1749267016,6.19900000,170.09000000,6.153
1749267016,6.20000000,504.40000000,6.153
1749267016,6.20100000,1.64000000,6.153
1749267016,6.20200000,138.11000000,6.153
1749267016,6.20300000,51.06000000,6.153
1749267016,6.20400000,173.08000000,6.153
1749267016,6.20500000,9.42000000,6.153
1749267016,6.20600000,3.82000000,6.153
1749267016,6.20700000,2.48000000,6.153
1749267016,6.20800000,298.10000000,6.153
1749267016,6.20900000,223.81000000,6.153
1749267016,6.21000000,692.29000000,6.153
1749267016,6.21100000,1.64000000,6.153
1749267016,6.21200000,1202.80000000,6.153
1749267016,6.21300000,1.64000000,6.153
1749267016,6.21400000,171.06000000,6.153
1749267016,6.21500000,335.52000000,6.153
1749267016,6.21600000,6.50000000,6.153
1749267016,6.21700000,821.72000000,6.153
1749267016,6.21800000,2228.90000000,6.153
1749267016,6.21900000,6.51000000,6.153
1749267016,6.22000000,128.85000000,6.153
1749267016,6.22100000,12.54000000,6.153
1749267016,6.22200000,2966.26000000,6.153
1749267016,6.22300000,184.84000000,6.153
1749267016,6.22400000,2574.07000000,6.153
1749267016,6.22500000,160.33000000,6.153
1749267016,6.22600000,137.56000000,6.153
1749267016,6.22700000,14.26000000,6.153
1749267016,6.22800000,1951.86000000,6.153
1749267016,6.22900000,266.65000000,6.153
1749267016,6.23000000,927.54000000,6.153
1749267016,6.23100000,30.81000000,6.153
1749267016,6.23200000,169.64000000,6.153
1749267016,6.23300000,5.83000000,6.153
1749267016,6.23400000,175.93000000,6.153
1749267016,6.23500000,23.34000000,6.153
1749267016,6.23600000,4.61000000,6.153
1749267016,6.23700000,2.84000000,6.153
1749267016,6.23800000,4.81000000,6.153
1749267016,6.23900000,7.62000000,6.153
1749267016,6.24000000,668.91000000,6.153
1749267016,6.24100000,176.67000000,6.153
1749267016,6.24200000,136.06000000,6.153
1749267016,6.24300000,51.33000000,6.153
1749267016,6.24400000,4.86000000,6.153
1749267016,6.24500000,1539.03000000,6.153
1749267016,6.24600000,151.72000000,6.153
1749267016,6.24700000,3.92000000,6.153
1749267016,6.24800000,42.99000000,6.153
1749267016,6.24900000,630.89000000,6.153
1749267016,6.25000000,555.28000000,6.153
1749267016,6.25100000,0.95000000,6.153
1749267016,6.25200000,1.71000000,6.153
1749267016,6.25300000,1.64000000,6.153
1749267317,6.14200000,433.97000000,6.142
1749267317,6.14300000,499.42000000,6.142
1749267317,6.14400000,1385.05000000,6.142
1749267317,6.14500000,468.58000000,6.142
1749267317,6.14600000,1295.46000000,6.142
1749267317,6.14700000,989.70000000,6.142
1749267317,6.14800000,1450.75000000,6.142
1749267317,6.14900000,3175.01000000,6.142
1749267317,6.15000000,913.83000000,6.142
1749267317,6.15100000,385.12000000,6.142
1749267317,6.15200000,371.09000000,6.142
1749267317,6.15300000,293.51000000,6.142
1749267317,6.15400000,488.71000000,6.142
1749267317,6.15500000,183.77000000,6.142
1749267317,6.15600000,157.50000000,6.142
1749267317,6.15700000,182.50000000,6.142
1749267317,6.15800000,731.24000000,6.142
1749267317,6.15900000,404.66000000,6.142
1749267317,6.16000000,5728.56000000,6.142
1749267317,6.16100000,257.47000000,6.142
1749267317,6.16200000,182.13000000,6.142
1749267317,6.16300000,258.86000000,6.142
1749267317,6.16400000,3.75000000,6.142
1749267317,6.16500000,181.24000000,6.142
1749267317,6.16600000,349.24000000,6.142
1749267317,6.16700000,756.90000000,6.142
1749267317,6.16800000,655.07000000,6.142
1749267317,6.16900000,194.11000000,6.142
1749267317,6.17000000,60.85000000,6.142
1749267317,6.17100000,375.55000000,6.142
1749267317,6.17200000,263.96000000,6.142
1749267317,6.17300000,95.95000000,6.142
1749267317,6.17400000,160.59000000,6.142
1749267317,6.17500000,158.71000000,6.142
1749267317,6.17600000,85.07000000,6.142
1749267317,6.17700000,211.42000000,6.142
1749267317,6.17800000,83.35000000,6.142
1749267317,6.17900000,137.61000000,6.142
1749267317,6.18000000,143.55000000,6.142
1749267317,6.18100000,1.62000000,6.142
1749267317,6.18200000,120.80000000,6.142
1749267317,6.18300000,324.70000000,6.142
1749267317,6.18400000,2.51000000,6.142
1749267317,6.18500000,3.71000000,6.142
1749267317,6.18600000,555.53000000,6.142
1749267317,6.18700000,304.86000000,6.142
1749267317,6.18800000,171.29000000,6.142
1749267317,6.18900000,1.62000000,6.142
1749267317,6.19000000,86.75000000,6.142
1749267317,6.19100000,46.66000000,6.142
1749267317,6.19200000,1.62000000,6.142
1749267317,6.19300000,1.62000000,6.142
1749267317,6.19400000,307.01000000,6.142
1749267317,6.19500000,1219.22000000,6.142
1749267317,6.19600000,1.62000000,6.142
1749267317,6.19700000,2417.44000000,6.142
1749267317,6.19800000,922.56000000,6.142
1749267317,6.19900000,2329.10000000,6.142
1749267317,6.20000000,504.40000000,6.142
1749267317,6.20100000,1.64000000,6.142
1749267317,6.20200000,138.11000000,6.142
1749267317,6.20300000,2575.22000000,6.142
1749267317,6.20400000,173.08000000,6.142
1749267317,6.20500000,9.42000000,6.142
1749267317,6.20600000,3.82000000,6.142
1749267317,6.20700000,2.48000000,6.142
1749267317,6.20800000,59.94000000,6.142
1749267317,6.20900000,177.66000000,6.142
1749267317,6.21000000,140.55000000,6.142
1749267317,6.21100000,1.64000000,6.142
1749267317,6.21200000,3.76000000,6.142
1749267317,6.21300000,1.64000000,6.142
1749267317,6.21400000,171.05000000,6.142
1749267317,6.21500000,335.52000000,6.142
1749267317,6.21600000,271.51000000,6.142
1749267317,6.21700000,15.66000000,6.142
1749267317,6.21800000,142.54000000,6.142
1749267317,6.21900000,4.88000000,6.142
1749267317,6.22000000,127.22000000,6.142
1749267317,6.22100000,816.97000000,6.142
1749267317,6.22200000,0.97000000,6.142
1749267317,6.22300000,183.21000000,6.142
1749267317,6.22400000,48.28000000,6.142
1749267317,6.22500000,158.70000000,6.142
1749267317,6.22600000,135.93000000,6.142
1749267317,6.22700000,12.63000000,6.142
1749267317,6.22800000,1950.23000000,6.142
1749267317,6.23000000,927.54000000,6.142
1749267317,6.23100000,794.15000000,6.142
1749267317,6.23200000,169.64000000,6.142
1749267317,6.23300000,5.83000000,6.142
1749267317,6.23400000,179.18000000,6.142
1749267317,6.23500000,23.34000000,6.142
1749267317,6.23600000,4.61000000,6.142
1749267317,6.23700000,1502.84000000,6.142
1749267317,6.23800000,4.81000000,6.142
1749267317,6.23900000,7.62000000,6.142
1749267317,6.24000000,668.91000000,6.142
1749267317,6.24100000,176.67000000,6.142
1749267317,6.24200000,136.06000000,6.142
1749267619,6.14500000,1927.16000000,6.144
1749267619,6.14600000,738.67000000,6.144
1749267619,6.14700000,837.48000000,6.144
1749267619,6.14800000,1293.68000000,6.144
1749267619,6.14900000,1559.29000000,6.144
1749267619,6.15000000,1402.43000000,6.144
1749267619,6.15100000,3059.25000000,6.144
1749267619,6.15200000,2544.18000000,6.144
1749267619,6.15300000,2948.15000000,6.144
1749267619,6.15400000,2445.55000000,6.144
1749267619,6.15500000,1826.31000000,6.144
1749267619,6.15600000,5046.43000000,6.144
1749267619,6.15700000,1683.13000000,6.144
1749267619,6.15800000,1709.59000000,6.144
1749267619,6.15900000,1969.89000000,6.144
1749267619,6.16000000,1444.70000000,6.144
1749267619,6.16100000,219.81000000,6.144
1749267619,6.16200000,184.56000000,6.144
1749267619,6.16300000,237.25000000,6.144
1749267619,6.16400000,303.76000000,6.144
1749267619,6.16500000,181.24000000,6.144
1749267619,6.16600000,5816.05000000,6.144
1749267619,6.16700000,663.25000000,6.144
1749267619,6.16800000,101.53000000,6.144
1749267619,6.16900000,183.57000000,6.144
1749267619,6.17000000,26.53000000,6.144
1749267619,6.17100000,375.55000000,6.144
1749267619,6.17200000,362.96000000,6.144
1749267619,6.17300000,2.85000000,6.144
1749267619,6.17400000,259.59000000,6.144
1749267619,6.17500000,810.77000000,6.144
1749267619,6.17600000,184.07000000,6.144
1749267619,6.17700000,420.06000000,6.144
1749267619,6.17800000,83.35000000,6.144
1749267619,6.17900000,137.61000000,6.144
1749267619,6.18000000,239.09000000,6.144
1749267619,6.18100000,1.62000000,6.144
1749267619,6.18200000,120.80000000,6.144
1749267619,6.18300000,305.89000000,6.144
1749267619,6.18400000,2.51000000,6.144
1749267619,6.18500000,3.71000000,6.144
1749267619,6.18600000,1.62000000,6.144
1749267619,6.18700000,385.53000000,6.144
1749267619,6.18800000,174.61000000,6.144
1749267619,6.18900000,82.36000000,6.144
1749267619,6.19000000,86.75000000,6.144
1749267619,6.19100000,46.66000000,6.144
1749267619,6.19200000,1.62000000,6.144
1749267619,6.19300000,1.62000000,6.144
1749267619,6.19400000,307.01000000,6.144
1749267619,6.19500000,1219.22000000,6.144
1749267619,6.19600000,1.62000000,6.144
1749267619,6.19700000,2417.44000000,6.144
1749267619,6.19800000,922.60000000,6.144
1749267619,6.19900000,2329.10000000,6.144
1749267619,6.20000000,423.76000000,6.144
1749267619,6.20100000,4.07000000,6.144
1749267619,6.20200000,138.11000000,6.144
1749267619,6.20300000,2575.22000000,6.144
1749267619,6.20400000,173.08000000,6.144
1749267619,6.20500000,9.42000000,6.144
1749267619,6.20600000,3.82000000,6.144
1749267619,6.20700000,2.48000000,6.144
1749267619,6.20800000,61.56000000,6.144
1749267619,6.20900000,177.66000000,6.144
1749267619,6.21000000,140.55000000,6.144
1749267619,6.21100000,1.64000000,6.144
1749267619,6.21200000,3.76000000,6.144
1749267619,6.21300000,1.64000000,6.144
1749267619,6.21400000,171.05000000,6.144
1749267619,6.21500000,335.52000000,6.144
1749267619,6.21600000,562.26000000,6.144
1749267619,6.21700000,15.66000000,6.144
1749267619,6.21800000,144.17000000,6.144
1749267619,6.21900000,271.45000000,6.144
1749267619,6.22000000,128.85000000,6.144
1749267619,6.22100000,10.91000000,6.144
1749267619,6.22200000,0.97000000,6.144
1749267619,6.22300000,183.21000000,6.144
1749267619,6.22400000,48.28000000,6.144
1749267619,6.22500000,158.70000000,6.144
1749267619,6.22600000,135.93000000,6.144
1749267619,6.22700000,818.69000000,6.144
1749267619,6.22800000,1950.23000000,6.144
1749267619,6.23000000,927.54000000,6.144
1749267619,6.23100000,794.15000000,6.144
1749267619,6.23200000,169.64000000,6.144
1749267619,6.23300000,8.26000000,6.144
1749267619,6.23400000,179.18000000,6.144
1749267619,6.23500000,23.34000000,6.144
1749267619,6.23600000,4.61000000,6.144
1749267619,6.23700000,2.84000000,6.144
1749267619,6.23800000,4.81000000,6.144
1749267619,6.23900000,7.62000000,6.144
1749267619,6.24000000,668.91000000,6.144
1749267619,6.24100000,176.67000000,6.144
1749267619,6.24200000,136.06000000,6.144
1749267619,6.24300000,51.33000000,6.144
1749267619,6.24400000,1504.86000000,6.144
1749267619,6.24500000,39.03000000,6.144
1749267920,6.14700000,264.82000000,6.146
1749267920,6.14800000,1194.73000000,6.146
1749267920,6.14900000,1516.36000000,6.146
1749267920,6.15000000,1891.42000000,6.146
1749267920,6.15100000,816.97000000,6.146
1749267920,6.15200000,2606.46000000,6.146
1749267920,6.15300000,3696.10000000,6.146
