timestamp,price,volume,current_price
1749254475,5.99200000,274.69000000,5.991
1749254475,5.99300000,990.60000000,5.991
1749254475,5.99400000,2965.35000000,5.991
1749254475,5.99500000,1838.04000000,5.991
1749254475,5.99600000,1924.99000000,5.991
1749254475,5.99700000,3425.47000000,5.991
1749254475,5.99800000,900.78000000,5.991
1749254475,5.99900000,1000.84000000,5.991
1749254475,6.00000000,559.76000000,5.991
1749254475,6.00100000,658.27000000,5.991
1749254475,6.00200000,1215.05000000,5.991
1749254475,6.00300000,2004.54000000,5.991
1749254475,6.00400000,1425.54000000,5.991
1749254475,6.00500000,2399.79000000,5.991
1749254475,6.00600000,5918.49000000,5.991
1749254475,6.00700000,571.16000000,5.991
1749254475,6.00800000,293.21000000,5.991
1749254475,6.00900000,602.48000000,5.991
1749254475,6.01000000,2069.42000000,5.991
1749254475,6.01100000,422.88000000,5.991
1749254475,6.01200000,373.48000000,5.991
1749254475,6.01300000,371.98000000,5.991
1749254475,6.01400000,463.66000000,5.991
1749254475,6.01500000,631.46000000,5.991
1749254475,6.01600000,1315.02000000,5.991
1749254475,6.01700000,370.68000000,5.991
1749254475,6.01800000,272.70000000,5.991
1749254475,6.01900000,366.81000000,5.991
1749254475,6.02000000,465.76000000,5.991
1749254475,6.02100000,437.63000000,5.991
1749254475,6.02200000,195.27000000,5.991
1749254475,6.02300000,453.04000000,5.991
1749254475,6.02400000,381.64000000,5.991
1749254475,6.02500000,461.39000000,5.991
1749254475,6.02600000,389.83000000,5.991
1749254475,6.02700000,407.91000000,5.991
1749254475,6.02800000,196.79000000,5.991
1749254475,6.02900000,271.92000000,5.991
1749254475,6.03000000,287.36000000,5.991
1749254475,6.03100000,563.88000000,5.991
1749254475,6.03200000,277.66000000,5.991
1749254475,6.03300000,190.35000000,5.991
1749254475,6.03400000,2.91000000,5.991
1749254475,6.03500000,219.23000000,5.991
1749254475,6.03600000,291.81000000,5.991
1749254475,6.03700000,576.77000000,5.991
1749254475,6.03800000,1.66000000,5.991
1749254475,6.03900000,4.19000000,5.991
1749254475,6.04000000,204.93000000,5.991
1749254475,6.04100000,20.28000000,5.991
1749254475,6.04200000,2905.13000000,5.991
1749254475,6.04300000,235.23000000,5.991
1749254475,6.04400000,9.86000000,5.991
1749254475,6.04500000,138.74000000,5.991
1749254475,6.04600000,237.00000000,5.991
1749254475,6.04700000,3.05000000,5.991
1749254475,6.04800000,218.62000000,5.991
1749254475,6.04900000,137.69000000,5.991
1749254475,6.05000000,162.36000000,5.991
1749254475,6.05100000,17.02000000,5.991
1749254475,6.05200000,197.13000000,5.991
1749254475,6.05300000,304.89000000,5.991
1749254475,6.05400000,31.44000000,5.991
1749254475,6.05500000,2.93000000,5.991
1749254475,6.05600000,40.96000000,5.991
1749254475,6.05700000,177.51000000,5.991
1749254475,6.05800000,740.85000000,5.991
1749254475,6.05900000,4.60000000,5.991
1749254475,6.06000000,1337.35000000,5.991
1749254475,6.06100000,139.75000000,5.991
1749254475,6.06200000,1965.03000000,5.991
1749254475,6.06300000,2082.05000000,5.991
1749254475,6.06400000,2.93000000,5.991
1749254475,6.06500000,347.61000000,5.991
1749254475,6.06600000,6.93000000,5.991
1749254475,6.06700000,1635.92000000,5.991
1749254475,6.06800000,2514.77000000,5.991
1749254475,6.06900000,135.68000000,5.991
1749254475,6.07000000,358.93000000,5.991
1749254475,6.07100000,28.92000000,5.991
1749254475,6.07200000,66.07000000,5.991
1749254475,6.07300000,4.10000000,5.991
1749254475,6.07400000,148.47000000,5.991
1749254475,6.07500000,325.53000000,5.991
1749254475,6.07600000,60.45000000,5.991
1749254475,6.07700000,2531.53000000,5.991
1749254475,6.07800000,137.76000000,5.991
1749254475,6.07900000,4395.27000000,5.991
1749254475,6.08000000,228.87000000,5.991
1749254475,6.08100000,8.64000000,5.991
1749254475,6.08200000,2.80000000,5.991
1749254475,6.08300000,18.71000000,5.991
1749254475,6.08400000,1500.00000000,5.991
1749254475,6.08500000,6.49000000,5.991
1749254475,6.08600000,4.83000000,5.991
1749254475,6.08800000,1.66000000,5.991
1749254475,6.08900000,5.02000000,5.991
1749254475,6.09000000,170.36000000,5.991
1749254475,6.09100000,7.04000000,5.991
1749254475,6.09200000,14.01000000,5.991
1749254776,5.99800000,186.40000000,5.997
1749254776,5.99900000,569.31000000,5.997
1749254776,6.00000000,1157.30000000,5.997
1749254776,6.00100000,1583.64000000,5.997
1749254776,6.00200000,854.38000000,5.997
1749254776,6.00300000,1015.32000000,5.997
1749254776,6.00400000,1521.48000000,5.997
1749254776,6.00500000,3835.79000000,5.997
1749254776,6.00600000,1399.25000000,5.997
1749254776,6.00700000,767.53000000,5.997
1749254776,6.00800000,1332.84000000,5.997
1749254776,6.00900000,1282.78000000,5.997
1749254776,6.01000000,1250.77000000,5.997
1749254776,6.01100000,1411.07000000,5.997
1749254776,6.01200000,861.11000000,5.997
1749254776,6.01300000,371.98000000,5.997
1749254776,6.01400000,371.65000000,5.997
1749254776,6.01500000,3103.01000000,5.997
1749254776,6.01600000,5898.03000000,5.997
1749254776,6.01700000,370.68000000,5.997
1749254776,6.01800000,372.62000000,5.997
1749254776,6.01900000,465.81000000,5.997
1749254776,6.02000000,531.05000000,5.997
1749254776,6.02100000,459.27000000,5.997
1749254776,6.02200000,843.89000000,5.997
1749254776,6.02300000,1119.29000000,5.997
1749254776,6.02400000,400.72000000,5.997
1749254776,6.02500000,603.52000000,5.997
1749254776,6.02600000,389.83000000,5.997
1749254776,6.02700000,407.91000000,5.997
1749254776,6.02800000,196.79000000,5.997
1749254776,6.02900000,271.92000000,5.997
1749254776,6.03000000,366.03000000,5.997
1749254776,6.03100000,562.68000000,5.997
1749254776,6.03200000,276.19000000,5.997
1749254776,6.03300000,188.77000000,5.997
1749254776,6.03400000,188.24000000,5.997
1749254776,6.03500000,404.48000000,5.997
1749254776,6.03600000,482.07000000,5.997
1749254776,6.03700000,840.28000000,5.997
1749254776,6.03800000,186.71000000,5.997
1749254776,6.03900000,271.96000000,5.997
1749254776,6.04000000,205.85000000,5.997
1749254776,6.04100000,102.98000000,5.997
1749254776,6.04200000,2091.46000000,5.997
1749254776,6.04300000,235.23000000,5.997
1749254776,6.04400000,9.86000000,5.997
1749254776,6.04500000,138.74000000,5.997
1749254776,6.04600000,237.00000000,5.997
1749254776,6.04700000,3.05000000,5.997
1749254776,6.04800000,218.62000000,5.997
1749254776,6.04900000,137.69000000,5.997
1749254776,6.05000000,162.36000000,5.997
1749254776,6.05100000,17.02000000,5.997
1749254776,6.05200000,197.13000000,5.997
1749254776,6.05300000,304.89000000,5.997
1749254776,6.05400000,31.44000000,5.997
1749254776,6.05500000,2.93000000,5.997
1749254776,6.05600000,40.96000000,5.997
1749254776,6.05700000,177.51000000,5.997
1749254776,6.05800000,740.85000000,5.997
1749254776,6.05900000,4.60000000,5.997
1749254776,6.06000000,1337.35000000,5.997
1749254776,6.06100000,953.42000000,5.997
1749254776,6.06200000,1965.03000000,5.997
1749254776,6.06300000,2082.05000000,5.997
1749254776,6.06400000,2.93000000,5.997
1749254776,6.06500000,347.61000000,5.997
1749254776,6.06600000,6.93000000,5.997
1749254776,6.06700000,1635.92000000,5.997
1749254776,6.06800000,2516.44000000,5.997
1749254776,6.06900000,137.35000000,5.997
1749254776,6.07000000,360.60000000,5.997
1749254776,6.07100000,30.59000000,5.997
1749254776,6.07200000,67.74000000,5.997
1749254776,6.07300000,5.77000000,5.997
1749254776,6.07400000,148.47000000,5.997
1749254776,6.07500000,325.53000000,5.997
1749254776,6.07600000,60.45000000,5.997
1749254776,6.07700000,2531.53000000,5.997
1749254776,6.07800000,137.76000000,5.997
1749254776,6.07900000,2769.78000000,5.997
1749254776,6.08000000,228.87000000,5.997
1749254776,6.08100000,1.40000000,5.997
1749254776,6.08200000,2.80000000,5.997
1749254776,6.08300000,18.71000000,5.997
1749254776,6.08500000,6.49000000,5.997
1749254776,6.08600000,4.83000000,5.997
1749254776,6.08800000,1.66000000,5.997
1749254776,6.08900000,5.02000000,5.997
1749254776,6.09000000,1670.36000000,5.997
1749254776,6.09100000,7.04000000,5.997
1749254776,6.09200000,14.01000000,5.997
1749254776,6.09300000,2.03000000,5.997
1749254776,6.09500000,19.34000000,5.997
1749254776,6.09600000,1.26000000,5.997
1749254776,6.09700000,383.46000000,5.997
1749254776,6.09800000,562.14000000,5.997
1749254776,6.10000000,261.68000000,5.997
1749254776,6.10300000,2.94000000,5.997
