timestamp,price,volume,current_price
1749260855,6.28400000,46.40000000,6.283
1749260855,6.28500000,94.88000000,6.283
1749260855,6.28600000,192.60000000,6.283
1749260855,6.28700000,122.05000000,6.283
1749260855,6.28800000,143.91000000,6.283
1749260855,6.28900000,431.50000000,6.283
1749260855,6.29000000,288.26000000,6.283
1749260855,6.29100000,287.59000000,6.283
1749260855,6.29200000,258.52000000,6.283
1749260855,6.29300000,551.93000000,6.283
1749260855,6.29400000,475.69000000,6.283
1749260855,6.29500000,798.67000000,6.283
1749260855,6.29600000,1148.35000000,6.283
1749260855,6.29700000,515.41000000,6.283
1749260855,6.29800000,734.94000000,6.283
1749260855,6.29900000,649.86000000,6.283
1749260855,6.30000000,52.94000000,6.283
1749260855,6.30100000,55.53000000,6.283
1749260855,6.30200000,55.53000000,6.283
1749260855,6.30300000,67.41000000,6.283
1749260855,6.30400000,124.72000000,6.283
1749260855,6.30500000,55.53000000,6.283
1749260855,6.30600000,165.35000000,6.283
1749260855,6.30700000,38.49000000,6.283
1749260855,6.30800000,124.28000000,6.283
1749260855,6.30900000,257.87000000,6.283
1749260855,6.31000000,119.19000000,6.283
1749260855,6.31100000,55.53000000,6.283
1749260855,6.31200000,19824.64000000,6.283
1749260855,6.31300000,55.53000000,6.283
1749260855,6.31400000,1.59000000,6.283
1749260855,6.31500000,56.73000000,6.283
1749260855,6.31600000,119.19000000,6.283
1749260855,6.31700000,82.78000000,6.283
1749260855,6.31800000,148.30000000,6.283
1749260855,6.31900000,2.41000000,6.283
1749260855,6.32000000,1.59000000,6.283
1749260855,6.32100000,19.81000000,6.283
1749260855,6.32200000,82.29000000,6.283
1749260855,6.32300000,1.59000000,6.283
1749260855,6.32400000,181.11000000,6.283
1749260855,6.32500000,1.59000000,6.283
1749260855,6.32600000,1.59000000,6.283
1749260855,6.32700000,2.78000000,6.283
1749260855,6.32800000,82.29000000,6.283
1749260855,6.32900000,1.59000000,6.283
1749260855,6.33000000,111.39000000,6.283
1749260855,6.33100000,1.58000000,6.283
1749260855,6.33200000,1.58000000,6.283
1749260855,6.33300000,2.77000000,6.283
1749260855,6.33400000,82.28000000,6.283
1749260855,6.33500000,1.58000000,6.283
1749260855,6.33600000,2.77000000,6.283
1749260855,6.33700000,1.58000000,6.283
1749260855,6.33800000,110.20000000,6.283
1749260855,6.33900000,2.77000000,6.283
1749260855,6.34000000,82.28000000,6.283
1749260855,6.34100000,19135.46000000,6.283
1749260855,6.34200000,2.79000000,6.283
1749260855,6.34300000,1.60000000,6.283
1749260855,6.34400000,1.60000000,6.283
1749260855,6.34500000,111.41000000,6.283
1749260855,6.34600000,190.69000000,6.283
1749260855,6.34700000,1.60000000,6.283
1749260855,6.34800000,4.19000000,6.283
1749260855,6.34900000,1.60000000,6.283
1749260855,6.35000000,1.60000000,6.283
1749260855,6.35100000,3.60000000,6.283
1749260855,6.35200000,82.30000000,6.283
1749260855,6.35300000,32.93000000,6.283
1749260855,6.35400000,111.42000000,6.283
1749260855,6.35500000,2.96000000,6.283
1749260855,6.35600000,1.60000000,6.283
1749260855,6.35700000,2.80000000,6.283
1749260855,6.35800000,82.30000000,6.283
1749260855,6.35900000,1.60000000,6.283
1749260855,6.36000000,1.20000000,6.283
1749260855,6.36300000,1.20000000,6.283
1749260855,6.36400000,111.73000000,6.283
1749260855,6.36600000,78.78000000,6.283
1749260855,6.36900000,1.19000000,6.283
1749260855,6.37000000,111.73000000,6.283
1749260855,6.37200000,1.19000000,6.283
1749260855,6.37400000,77.59000000,6.283
1749260855,6.37500000,1.19000000,6.283
1749260855,6.37600000,111.73000000,6.283
1749260855,6.37800000,4.13000000,6.283
1749260855,6.38100000,1.19000000,6.283
1749260855,6.38200000,81.52000000,6.283
1749260855,6.38400000,109.81000000,6.283
1749260855,6.38700000,1.19000000,6.283
1749260855,6.38800000,23.77000000,6.283
1749260855,6.38900000,0.94000000,6.283
1749260855,6.39000000,77.59000000,6.283
1749260855,6.39100000,1541.16000000,6.283
1749260855,6.39200000,0.89000000,6.283
1749260855,6.39400000,3.11000000,6.283
1749260855,6.39600000,1430.30000000,6.283
1749260855,6.39700000,108.62000000,6.283
1749260855,6.39800000,77.59000000,6.283
1749261181,6.27900000,8.06000000,6.278
1749261181,6.28000000,22.96000000,6.278
1749261181,6.28100000,94.31000000,6.278
1749261181,6.28200000,150.49000000,6.278
1749261181,6.28300000,350.17000000,6.278
1749261181,6.28400000,39.70000000,6.278
1749261181,6.28500000,101.24000000,6.278
1749261181,6.28600000,260.58000000,6.278
1749261181,6.28700000,427.32000000,6.278
1749261181,6.28800000,336.43000000,6.278
1749261181,6.28900000,730.58000000,6.278
1749261181,6.29000000,670.61000000,6.278
1749261181,6.29100000,200.93000000,6.278
1749261181,6.29200000,424.70000000,6.278
1749261181,6.29300000,80.04000000,6.278
1749261181,6.29400000,39.69000000,6.278
1749261181,6.29500000,38.49000000,6.278
1749261181,6.29600000,449.30000000,6.278
1749261181,6.29700000,78.06000000,6.278
1749261181,6.29800000,119.19000000,6.278
1749261181,6.29900000,38.49000000,6.278
1749261181,6.30000000,161.56000000,6.278
1749261181,6.30100000,38.49000000,6.278
1749261181,6.30200000,38.49000000,6.278
1749261181,6.30300000,164.82000000,6.278
1749261181,6.30400000,119.19000000,6.278
1749261181,6.30500000,38.49000000,6.278
1749261181,6.30600000,148.31000000,6.278
1749261181,6.30700000,19612.39000000,6.278
1749261181,6.30800000,213.54000000,6.278
1749261181,6.30900000,2.78000000,6.278
1749261181,6.31000000,231.24000000,6.278
1749261181,6.31100000,38.49000000,6.278
1749261181,6.31200000,148.30000000,6.278
1749261181,6.31300000,1.59000000,6.278
1749261181,6.31400000,1.59000000,6.278
1749261181,6.31500000,2.78000000,6.278
1749261181,6.31600000,82.29000000,6.278
1749261181,6.31700000,1.59000000,6.278
1749261181,6.31800000,138.65000000,6.278
1749261181,6.31900000,2.41000000,6.278
1749261181,6.32000000,1.59000000,6.278
1749261181,6.32100000,2.78000000,6.278
1749261181,6.32200000,82.29000000,6.278
1749261181,6.32300000,1.59000000,6.278
1749261181,6.32400000,116.50000000,6.278
1749261181,6.32500000,1.59000000,6.278
1749261181,6.32600000,1.59000000,6.278
1749261181,6.32700000,2.78000000,6.278
1749261181,6.32800000,82.29000000,6.278
1749261181,6.32900000,1.59000000,6.278
1749261181,6.33000000,111.39000000,6.278
1749261181,6.33100000,1.58000000,6.278
1749261181,6.33200000,1.58000000,6.278
1749261181,6.33300000,2.77000000,6.278
1749261181,6.33400000,1514.17000000,6.278
1749261181,6.33500000,1.58000000,6.278
1749261181,6.33600000,2.77000000,6.278
1749261181,6.33700000,1.58000000,6.278
1749261181,6.33800000,19562.27000000,6.278
1749261181,6.33900000,2.77000000,6.278
1749261181,6.34000000,82.28000000,6.278
1749261181,6.34100000,1.58000000,6.278
1749261181,6.34200000,2.79000000,6.278
1749261181,6.34300000,1.60000000,6.278
1749261181,6.34400000,1.60000000,6.278
1749261181,6.34500000,218.95000000,6.278
1749261181,6.34600000,82.30000000,6.278
1749261181,6.34700000,1.60000000,6.278
1749261181,6.34800000,4.19000000,6.278
1749261181,6.34900000,1.60000000,6.278
1749261181,6.35000000,1.60000000,6.278
1749261181,6.35100000,68.21000000,6.278
1749261181,6.35200000,82.30000000,6.278
1749261181,6.35300000,32.93000000,6.278
1749261181,6.35400000,111.42000000,6.278
1749261181,6.35500000,1.36000000,6.278
1749261181,6.35700000,1.20000000,6.278
1749261181,6.35800000,80.70000000,6.278
1749261181,6.36000000,1.20000000,6.278
1749261181,6.36300000,1.20000000,6.278
1749261181,6.36400000,111.73000000,6.278
1749261181,6.36600000,78.78000000,6.278
1749261181,6.36900000,1.19000000,6.278
1749261181,6.37000000,111.73000000,6.278
1749261181,6.37200000,1.19000000,6.278
1749261181,6.37400000,77.59000000,6.278
1749261181,6.37500000,1.19000000,6.278
1749261181,6.37600000,111.73000000,6.278
1749261181,6.37800000,24.79000000,6.278
1749261181,6.38100000,1.19000000,6.278
1749261181,6.38200000,81.52000000,6.278
1749261181,6.38400000,109.81000000,6.278
1749261181,6.38700000,1.19000000,6.278
1749261181,6.38800000,3.11000000,6.278
1749261181,6.38900000,1432.83000000,6.278
1749261181,6.39000000,1509.99000000,6.278
1749261181,6.39100000,109.50000000,6.278
1749261181,6.39200000,0.89000000,6.278
1749261181,6.39400000,3.11000000,6.278
1749261495,6.29000000,66.23000000,6.29
1749261495,6.29100000,47.09000000,6.29
1749261495,6.29200000,167.27000000,6.29
1749261495,6.29300000,228.02000000,6.29
1749261495,6.29400000,190.07000000,6.29
1749261495,6.29500000,211.83000000,6.29
1749261495,6.29600000,593.56000000,6.29
1749261495,6.29700000,402.30000000,6.29
1749261495,6.29800000,144.61000000,6.29
1749261495,6.29900000,56.69000000,6.29
1749261495,6.30000000,78.35000000,6.29
1749261495,6.30100000,98.26000000,6.29
1749261495,6.30200000,160.82000000,6.29
1749261495,6.30300000,540.24000000,6.29
1749261495,6.30400000,545.66000000,6.29
1749261495,6.30500000,79.73000000,6.29
1749261495,6.30600000,39.69000000,6.29
1749261495,6.30700000,66.51000000,6.29
1749261495,6.30800000,68.77000000,6.29
1749261495,6.30900000,67.49000000,6.29
1749261495,6.31000000,136.20000000,6.29
1749261495,6.31100000,163.62000000,6.29
1749261495,6.31200000,165.32000000,6.29
1749261495,6.31300000,38.49000000,6.29
1749261495,6.31400000,38.49000000,6.29
1749261495,6.31500000,56.70000000,6.29
1749261495,6.31600000,119.19000000,6.29
1749261495,6.31700000,230.32000000,6.29
1749261495,6.31800000,19390.42000000,6.29
1749261495,6.31900000,39.31000000,6.29
1749261495,6.32000000,55.52000000,6.29
1749261495,6.32100000,182.64000000,6.29
1749261495,6.32200000,162.85000000,6.29
1749261495,6.32300000,55.50000000,6.29
1749261495,6.32400000,153.40000000,6.29
1749261495,6.32500000,18.60000000,6.29
1749261495,6.32600000,70.34000000,6.29
1749261495,6.32700000,19.80000000,6.29
1749261495,6.32800000,82.29000000,6.29
1749261495,6.32900000,18.62000000,6.29
1749261495,6.33000000,111.39000000,6.29
1749261495,6.33100000,1.58000000,6.29
1749261495,6.33200000,1.58000000,6.29
1749261495,6.33300000,2.77000000,6.29
1749261495,6.33400000,82.28000000,6.29
1749261495,6.33500000,1.58000000,6.29
1749261495,6.33600000,2.77000000,6.29
1749261495,6.33700000,1.58000000,6.29
1749261495,6.33800000,110.20000000,6.29
1749261495,6.33900000,2.77000000,6.29
1749261495,6.34000000,82.28000000,6.29
1749261495,6.34100000,1.58000000,6.29
1749261495,6.34200000,2.79000000,6.29
1749261495,6.34300000,1431.44000000,6.29
1749261495,6.34400000,1.60000000,6.29
1749261495,6.34500000,19319.30000000,6.29
1749261495,6.34600000,82.30000000,6.29
1749261495,6.34700000,1.60000000,6.29
1749261495,6.34800000,4.19000000,6.29
1749261495,6.34900000,1.60000000,6.29
1749261495,6.35000000,1.60000000,6.29
1749261495,6.35100000,68.21000000,6.29
1749261495,6.35200000,82.30000000,6.29
1749261495,6.35300000,32.93000000,6.29
1749261495,6.35400000,111.42000000,6.29
1749261495,6.35500000,2.96000000,6.29
1749261495,6.35600000,1.60000000,6.29
1749261495,6.35700000,2.80000000,6.29
1749261495,6.35800000,82.30000000,6.29
1749261495,6.35900000,110.14000000,6.29
1749261495,6.36000000,2.80000000,6.29
1749261495,6.36100000,1.60000000,6.29
1749261495,6.36200000,1.60000000,6.29
1749261495,6.36300000,2.80000000,6.29
1749261495,6.36400000,113.33000000,6.29
1749261495,6.36500000,1.60000000,6.29
1749261495,6.36600000,78.78000000,6.29
1749261495,6.36900000,1.19000000,6.29
1749261495,6.37000000,111.73000000,6.29
1749261495,6.37200000,1.19000000,6.29
1749261495,6.37400000,77.59000000,6.29
1749261495,6.37500000,1.19000000,6.29
1749261495,6.37600000,111.73000000,6.29
1749261495,6.37800000,24.79000000,6.29
1749261495,6.38100000,1.19000000,6.29
1749261495,6.38200000,81.52000000,6.29
1749261495,6.38400000,109.81000000,6.29
1749261495,6.38700000,1.19000000,6.29
1749261495,6.38800000,3.11000000,6.29
1749261495,6.38900000,0.94000000,6.29
1749261495,6.39000000,77.59000000,6.29
1749261495,6.39100000,109.50000000,6.29
1749261495,6.39200000,0.89000000,6.29
1749261495,6.39400000,3.11000000,6.29
1749261495,6.39700000,108.62000000,6.29
1749261495,6.39800000,77.59000000,6.29
1749261495,6.40000000,3.11000000,6.29
1749261495,6.40300000,1538.01000000,6.29
1749261495,6.40600000,3.11000000,6.29
1749261495,6.40700000,1429.62000000,6.29
1749261806,6.27600000,22.78000000,6.275
1749261806,6.27700000,37.43000000,6.275
1749261806,6.27800000,158.12000000,6.275
1749261806,6.27900000,188.07000000,6.275
1749261806,6.28000000,288.20000000,6.275
1749261806,6.28100000,334.04000000,6.275
1749261806,6.28200000,338.01000000,6.275
1749261806,6.28300000,473.74000000,6.275
1749261806,6.28400000,590.76000000,6.275
1749261806,6.28500000,199.08000000,6.275
1749261806,6.28600000,237.19000000,6.275
1749261806,6.28700000,700.64000000,6.275
1749261806,6.28800000,630.09000000,6.275
1749261806,6.28900000,57.03000000,6.275
1749261806,6.29000000,63.92000000,6.275
1749261806,6.29100000,74.33000000,6.275
1749261806,6.29200000,125.93000000,6.275
1749261806,6.29300000,339.69000000,6.275
1749261806,6.29400000,67.20000000,6.275
1749261806,6.29500000,49.42000000,6.275
1749261806,6.29600000,38.49000000,6.275
1749261806,6.29700000,39.69000000,6.275
1749261806,6.29800000,119.19000000,6.275
1749261806,6.29900000,38.49000000,6.275
1749261806,6.30000000,148.31000000,6.275
1749261806,6.30100000,38.49000000,6.275
1749261806,6.30200000,213.72000000,6.275
1749261806,6.30300000,39.69000000,6.275
1749261806,6.30400000,19689.65000000,6.275
1749261806,6.30500000,38.49000000,6.275
1749261806,6.30600000,148.31000000,6.275
1749261806,6.30700000,1.59000000,6.275
1749261806,6.30800000,181.77000000,6.275
1749261806,6.30900000,71.53000000,6.275
1749261806,6.31000000,82.29000000,6.275
1749261806,6.31100000,1.59000000,6.275
1749261806,6.31200000,111.40000000,6.275
1749261806,6.31300000,1.59000000,6.275
1749261806,6.31400000,1.59000000,6.275
1749261806,6.31500000,2.78000000,6.275
1749261806,6.31600000,82.29000000,6.275
1749261806,6.31700000,1.59000000,6.275
1749261806,6.31800000,138.65000000,6.275
1749261806,6.31900000,2.41000000,6.275
1749261806,6.32000000,1.59000000,6.275
1749261806,6.32100000,2.78000000,6.275
1749261806,6.32200000,82.29000000,6.275
1749261806,6.32300000,1.59000000,6.275
1749261806,6.32400000,111.40000000,6.275
1749261806,6.32500000,1.59000000,6.275
1749261806,6.32600000,1.59000000,6.275
1749261806,6.32700000,2.78000000,6.275
1749261806,6.32800000,1515.61000000,6.275
1749261806,6.32900000,1.59000000,6.275
1749261806,6.33000000,19090.18000000,6.275
1749261806,6.33100000,1.58000000,6.275
1749261806,6.33200000,1.58000000,6.275
1749261806,6.33300000,2.77000000,6.275
1749261806,6.33400000,82.28000000,6.275
1749261806,6.33500000,1.58000000,6.275
1749261806,6.33600000,2.77000000,6.275
1749261806,6.33700000,6.68000000,6.275
1749261806,6.33800000,110.20000000,6.275
1749261806,6.33900000,2.77000000,6.275
1749261806,6.34000000,82.28000000,6.275
1749261806,6.34100000,1.58000000,6.275
1749261806,6.34200000,2.79000000,6.275
1749261806,6.34300000,1.60000000,6.275
1749261806,6.34400000,1.60000000,6.275
1749261806,6.34500000,111.41000000,6.275
1749261806,6.34600000,189.43000000,6.275
1749261806,6.34700000,1.60000000,6.275
1749261806,6.34800000,4.19000000,6.275
1749261806,6.34900000,1.60000000,6.275
1749261806,6.35000000,1.60000000,6.275
1749261806,6.35100000,68.21000000,6.275
1749261806,6.35200000,140.22000000,6.275
1749261806,6.35300000,31.33000000,6.275
1749261806,6.35400000,109.82000000,6.275
1749261806,6.35500000,1.36000000,6.275
1749261806,6.35700000,1.20000000,6.275
1749261806,6.35800000,80.70000000,6.275
1749261806,6.36000000,1.20000000,6.275
1749261806,6.36300000,1.20000000,6.275
1749261806,6.36400000,111.73000000,6.275
1749261806,6.36600000,78.78000000,6.275
1749261806,6.36900000,1.19000000,6.275
1749261806,6.37000000,111.73000000,6.275
1749261806,6.37200000,1.19000000,6.275
1749261806,6.37400000,77.59000000,6.275
1749261806,6.37500000,1.19000000,6.275
1749261806,6.37600000,111.73000000,6.275
1749261806,6.37800000,24.79000000,6.275
1749261806,6.38100000,1.19000000,6.275
1749261806,6.38200000,81.52000000,6.275
1749261806,6.38400000,109.81000000,6.275
1749261806,6.38700000,1433.37000000,6.275
1749261806,6.38800000,3.11000000,6.275
1749261806,6.38900000,0.94000000,6.275
1749261806,6.39000000,77.59000000,6.275
1749262108,6.27900000,11.40000000,6.278
1749262108,6.28000000,73.11000000,6.278
1749262108,6.28100000,135.19000000,6.278
1749262108,6.28200000,132.28000000,6.278
1749262108,6.28300000,335.98000000,6.278
1749262108,6.28400000,102.87000000,6.278
1749262108,6.28500000,150.25000000,6.278
1749262108,6.28600000,587.66000000,6.278
1749262108,6.28700000,938.23000000,6.278
1749262108,6.28800000,485.04000000,6.278
1749262108,6.28900000,240.89000000,6.278
1749262108,6.29000000,195.77000000,6.278
1749262108,6.29100000,618.10000000,6.278
1749262108,6.29200000,264.43000000,6.278
1749262108,6.29300000,380.93000000,6.278
1749262108,6.29400000,165.33000000,6.278
1749262108,6.29500000,38.49000000,6.278
1749262108,6.29600000,62.54000000,6.278
1749262108,6.29700000,84.30000000,6.278
1749262108,6.29800000,119.19000000,6.278
1749262108,6.29900000,55.52000000,6.278
1749262108,6.30000000,161.56000000,6.278
1749262108,6.30100000,55.52000000,6.278
1749262108,6.30200000,55.52000000,6.278
1749262108,6.30300000,2.79000000,6.278
1749262108,6.30400000,119.19000000,6.278
1749262108,6.30500000,230.65000000,6.278
1749262108,6.30600000,148.31000000,6.278
1749262108,6.30700000,19390.51000000,6.278
1749262108,6.30800000,55.51000000,6.278
1749262108,6.30900000,108.43000000,6.278
1749262108,6.31000000,162.69000000,6.278
1749262108,6.31100000,1.59000000,6.278
1749262108,6.31200000,165.33000000,6.278
1749262108,6.31300000,1.59000000,6.278
1749262108,6.31400000,1.59000000,6.278
1749262108,6.31500000,19.83000000,6.278
1749262108,6.31600000,82.29000000,6.278
1749262108,6.31700000,18.64000000,6.278
1749262108,6.31800000,138.65000000,6.278
1749262108,6.31900000,2.41000000,6.278
1749262108,6.32000000,1.59000000,6.278
1749262108,6.32100000,2.78000000,6.278
1749262108,6.32200000,82.29000000,6.278
1749262108,6.32300000,1.59000000,6.278
1749262108,6.32400000,111.40000000,6.278
1749262108,6.32500000,1.59000000,6.278
1749262108,6.32600000,1.59000000,6.278
1749262108,6.32700000,2.78000000,6.278
1749262108,6.32800000,82.29000000,6.278
1749262108,6.32900000,1.59000000,6.278
1749262108,6.33000000,111.39000000,6.278
1749262108,6.33100000,1.58000000,6.278
1749262108,6.33200000,1.58000000,6.278
1749262108,6.33300000,2.77000000,6.278
1749262108,6.33400000,1514.57000000,6.278
1749262108,6.33500000,19197.29000000,6.278
1749262108,6.33600000,2.77000000,6.278
1749262108,6.33700000,6.68000000,6.278
1749262108,6.33800000,110.20000000,6.278
1749262108,6.33900000,2.77000000,6.278
1749262108,6.34000000,82.28000000,6.278
1749262108,6.34100000,1.58000000,6.278
1749262108,6.34200000,2.79000000,6.278
1749262108,6.34300000,1.60000000,6.278
1749262108,6.34400000,1.60000000,6.278
1749262108,6.34500000,111.41000000,6.278
1749262108,6.34600000,189.43000000,6.278
1749262108,6.34700000,1.60000000,6.278
1749262108,6.34800000,4.19000000,6.278
1749262108,6.34900000,1.60000000,6.278
1749262108,6.35000000,1.60000000,6.278
1749262108,6.35100000,68.21000000,6.278
1749262108,6.35200000,82.30000000,6.278
1749262108,6.35300000,32.93000000,6.278
1749262108,6.35400000,111.42000000,6.278
1749262108,6.35500000,1.36000000,6.278
1749262108,6.35700000,1.20000000,6.278
1749262108,6.35800000,80.70000000,6.278
1749262108,6.36000000,1.20000000,6.278
1749262108,6.36300000,1.20000000,6.278
1749262108,6.36400000,111.73000000,6.278
1749262108,6.36600000,78.78000000,6.278
1749262108,6.36900000,1.19000000,6.278
1749262108,6.37000000,111.73000000,6.278
1749262108,6.37200000,1.19000000,6.278
1749262108,6.37400000,77.59000000,6.278
1749262108,6.37500000,1.19000000,6.278
1749262108,6.37600000,111.73000000,6.278
1749262108,6.37800000,24.79000000,6.278
1749262108,6.38100000,1.19000000,6.278
1749262108,6.38200000,81.52000000,6.278
1749262108,6.38400000,109.81000000,6.278
1749262108,6.38700000,1433.37000000,6.278
1749262108,6.38800000,1435.29000000,6.278
1749262108,6.38900000,0.94000000,6.278
1749262108,6.39000000,77.59000000,6.278
1749262108,6.39100000,109.50000000,6.278
1749262108,6.39200000,0.89000000,6.278
1749262108,6.39400000,3.11000000,6.278
1749262410,6.28900000,8.06000000,6.288
1749262410,6.29000000,45.73000000,6.288
1749262410,6.29100000,132.89000000,6.288
1749262410,6.29200000,369.68000000,6.288
1749262410,6.29300000,230.76000000,6.288
1749262410,6.29400000,234.25000000,6.288
1749262410,6.29500000,177.15000000,6.288
1749262410,6.29600000,63.91000000,6.288
1749262410,6.29700000,222.91000000,6.288
1749262410,6.29800000,340.65000000,6.288
1749262410,6.29900000,180.99000000,6.288
1749262410,6.30000000,54.13000000,6.288
1749262410,6.30100000,86.23000000,6.288
1749262410,6.30200000,63.91000000,6.288
1749262410,6.30300000,175.93000000,6.288
1749262410,6.30400000,450.14000000,6.288
1749262410,6.30500000,209.40000000,6.288
1749262410,6.30600000,545.48000000,6.288
1749262410,6.30700000,38.49000000,6.288
1749262410,6.30800000,79.56000000,6.288
1749262410,6.30900000,39.68000000,6.288
1749262410,6.31000000,119.19000000,6.288
1749262410,6.31100000,49.40000000,6.288
1749262410,6.31200000,148.30000000,6.288
1749262410,6.31300000,1.59000000,6.288
1749262410,6.31400000,38.49000000,6.288
1749262410,6.31500000,39.68000000,6.288
1749262410,6.31600000,293.99000000,6.288
1749262410,6.31700000,19046.35000000,6.288
1749262410,6.31800000,318.54000000,6.288
1749262410,6.31900000,2.41000000,6.288
1749262410,6.32000000,1.59000000,6.288
1749262410,6.32100000,39.68000000,6.288
1749262410,6.32200000,163.13000000,6.288
1749262410,6.32300000,38.49000000,6.288
1749262410,6.32400000,148.30000000,6.288
1749262410,6.32500000,1.59000000,6.288
1749262410,6.32600000,1.59000000,6.288
1749262410,6.32700000,39.68000000,6.288
1749262410,6.32800000,151.04000000,6.288
1749262410,6.32900000,1.59000000,6.288
1749262410,6.33000000,111.39000000,6.288
1749262410,6.33100000,1.58000000,6.288
1749262410,6.33200000,1.58000000,6.288
1749262410,6.33300000,2.77000000,6.288
1749262410,6.33400000,82.28000000,6.288
1749262410,6.33500000,1.58000000,6.288
1749262410,6.33600000,2.77000000,6.288
1749262410,6.33700000,6.68000000,6.288
1749262410,6.33800000,110.20000000,6.288
1749262410,6.33900000,2.77000000,6.288
1749262410,6.34000000,82.28000000,6.288
1749262410,6.34100000,1.58000000,6.288
1749262410,6.34200000,2.79000000,6.288
1749262410,6.34300000,1.60000000,6.288
1749262410,6.34400000,1.60000000,6.288
1749262410,6.34500000,111.41000000,6.288
1749262410,6.34600000,1511.92000000,6.288
1749262410,6.34700000,1.60000000,6.288
1749262410,6.34800000,19443.03000000,6.288
1749262410,6.34900000,1.60000000,6.288
1749262410,6.35000000,1.60000000,6.288
1749262410,6.35100000,68.21000000,6.288
1749262410,6.35200000,82.30000000,6.288
1749262410,6.35300000,32.93000000,6.288
1749262410,6.35400000,111.42000000,6.288
1749262410,6.35500000,2.96000000,6.288
1749262410,6.35600000,1.60000000,6.288
1749262410,6.35700000,2.80000000,6.288
1749262410,6.35800000,82.30000000,6.288
1749262410,6.35900000,1.60000000,6.288
1749262410,6.36000000,110.68000000,6.288
1749262410,6.36100000,1.60000000,6.288
1749262410,6.36200000,1.60000000,6.288
1749262410,6.36300000,2.80000000,6.288
1749262410,6.36400000,113.33000000,6.288
1749262410,6.36600000,78.78000000,6.288
1749262410,6.36900000,1.19000000,6.288
1749262410,6.37000000,111.73000000,6.288
1749262410,6.37200000,1.19000000,6.288
1749262410,6.37400000,77.59000000,6.288
1749262410,6.37500000,1.19000000,6.288
1749262410,6.37600000,111.73000000,6.288
1749262410,6.37800000,24.79000000,6.288
1749262410,6.38100000,1.19000000,6.288
1749262410,6.38200000,81.52000000,6.288
1749262410,6.38400000,109.81000000,6.288
1749262410,6.38700000,1.19000000,6.288
1749262410,6.38800000,3.11000000,6.288
1749262410,6.38900000,0.94000000,6.288
1749262410,6.39000000,77.59000000,6.288
1749262410,6.39100000,109.50000000,6.288
1749262410,6.39200000,0.89000000,6.288
1749262410,6.39400000,3.11000000,6.288
1749262410,6.39700000,108.62000000,6.288
1749262410,6.39800000,2936.37000000,6.288
1749262410,6.40000000,62.63000000,6.288
1749262410,6.40300000,108.62000000,6.288
1749262410,6.40600000,3.11000000,6.288
1749262410,6.40900000,108.62000000,6.288
1749262715,6.30100000,89.00000000,6.301
1749262715,6.30200000,40.50000000,6.301
1749262715,6.30300000,88.49000000,6.301
1749262715,6.30400000,74.87000000,6.301
1749262715,6.30500000,143.37000000,6.301
1749262715,6.30600000,411.16000000,6.301
1749262715,6.30700000,485.29000000,6.301
1749262715,6.30800000,367.93000000,6.301
1749262715,6.30900000,237.61000000,6.301
1749262715,6.31000000,927.50000000,6.301
1749262715,6.31100000,320.12000000,6.301
1749262715,6.31200000,474.94000000,6.301
1749262715,6.31300000,367.39000000,6.301
1749262715,6.31400000,525.38000000,6.301
1749262715,6.31500000,355.95000000,6.301
1749262715,6.31600000,610.55000000,6.301
1749262715,6.31700000,55.49000000,6.301
1749262715,6.31800000,39.68000000,6.301
1749262715,6.31900000,55.47000000,6.301
1749262715,6.32000000,79.56000000,6.301
1749262715,6.32100000,67.73000000,6.301
1749262715,6.32200000,119.19000000,6.301
1749262715,6.32300000,55.48000000,6.301
1749262715,6.32400000,165.30000000,6.301
1749262715,6.32500000,38.49000000,6.301
1749262715,6.32600000,38.49000000,6.301
1749262715,6.32700000,56.65000000,6.301
1749262715,6.32800000,231.60000000,6.301
1749262715,6.32900000,19186.32000000,6.301
1749262715,6.33000000,175.54000000,6.301
1749262715,6.33100000,229.94000000,6.301
1749262715,6.33200000,18.57000000,6.301
1749262715,6.33300000,145.43000000,6.301
1749262715,6.33400000,99.25000000,6.301
1749262715,6.33500000,1.58000000,6.301
1749262715,6.33600000,19.74000000,6.301
1749262715,6.33700000,6.68000000,6.301
1749262715,6.33800000,110.20000000,6.301
1749262715,6.33900000,19.75000000,6.301
1749262715,6.34000000,82.28000000,6.301
1749262715,6.34100000,1.58000000,6.301
1749262715,6.34200000,2.79000000,6.301
1749262715,6.34300000,1.60000000,6.301
1749262715,6.34400000,1.60000000,6.301
1749262715,6.34500000,111.41000000,6.301
1749262715,6.34600000,82.30000000,6.301
1749262715,6.34700000,1.60000000,6.301
1749262715,6.34800000,4.19000000,6.301
1749262715,6.34900000,1.60000000,6.301
1749262715,6.35000000,1.60000000,6.301
1749262715,6.35100000,68.22000000,6.301
1749262715,6.35200000,82.30000000,6.301
1749262715,6.35300000,32.93000000,6.301
1749262715,6.35400000,111.42000000,6.301
1749262715,6.35500000,1430.31000000,6.301
1749262715,6.35600000,1.60000000,6.301
1749262715,6.35700000,2.80000000,6.301
1749262715,6.35800000,82.30000000,6.301
1749262715,6.35900000,1.60000000,6.301
1749262715,6.36000000,2.80000000,6.301
1749262715,6.36100000,19475.52000000,6.301
1749262715,6.36200000,1.60000000,6.301
1749262715,6.36300000,2.80000000,6.301
1749262715,6.36400000,113.33000000,6.301
1749262715,6.36500000,1.60000000,6.301
1749262715,6.36600000,80.38000000,6.301
1749262715,6.36700000,1.60000000,6.301
1749262715,6.36800000,1.59000000,6.301
1749262715,6.36900000,2.78000000,6.301
1749262715,6.37000000,113.32000000,6.301
1749262715,6.37100000,1.59000000,6.301
1749262715,6.37200000,2.78000000,6.301
1749262715,6.37300000,109.20000000,6.301
1749262715,6.37400000,79.18000000,6.301
1749262715,6.37500000,2.78000000,6.301
1749262715,6.37600000,113.32000000,6.301
1749262715,6.37800000,24.79000000,6.301
1749262715,6.38100000,1.19000000,6.301
1749262715,6.38200000,81.52000000,6.301
1749262715,6.38400000,109.81000000,6.301
1749262715,6.38700000,1.19000000,6.301
1749262715,6.38800000,3.11000000,6.301
1749262715,6.38900000,0.94000000,6.301
1749262715,6.39000000,77.59000000,6.301
1749262715,6.39100000,109.50000000,6.301
1749262715,6.39200000,0.89000000,6.301
1749262715,6.39400000,3.11000000,6.301
1749262715,6.39700000,108.62000000,6.301
1749262715,6.39800000,77.59000000,6.301
1749262715,6.40000000,62.63000000,6.301
1749262715,6.40300000,108.62000000,6.301
1749262715,6.40600000,3.11000000,6.301
1749262715,6.40900000,1536.14000000,6.301
1749262715,6.41200000,3.11000000,6.301
1749262715,6.41300000,1426.67000000,6.301
1749262715,6.41800000,3.11000000,6.301
1749262715,6.42000000,306.64000000,6.301
1749262715,6.42300000,2.70000000,6.301
1749262715,6.42400000,4.51000000,6.301
1749262715,6.42500000,43457.16000000,6.301
1749263024,6.30700000,19.92000000,6.307
1749263024,6.30800000,49.64000000,6.307
1749263024,6.30900000,51.44000000,6.307
1749263024,6.31000000,126.98000000,6.307
1749263024,6.31100000,207.11000000,6.307
1749263024,6.31200000,212.94000000,6.307
1749263024,6.31300000,359.49000000,6.307
1749263024,6.31400000,599.28000000,6.307
1749263024,6.31500000,329.91000000,6.307
1749263024,6.31600000,619.09000000,6.307
1749263024,6.31700000,59.87000000,6.307
1749263024,6.31800000,132.31000000,6.307
1749263024,6.31900000,274.02000000,6.307
1749263024,6.32000000,233.76000000,6.307
1749263024,6.32100000,266.99000000,6.307
1749263024,6.32200000,144.60000000,6.307
1749263024,6.32300000,182.06000000,6.307
1749263024,6.32400000,450.56000000,6.307
1749263024,6.32500000,49.44000000,6.307
1749263024,6.32600000,38.49000000,6.307
1749263024,6.32700000,367.85000000,6.307
1749263024,6.32800000,119.19000000,6.307
1749263024,6.32900000,38.49000000,6.307
1749263024,6.33000000,148.29000000,6.307
1749263024,6.33100000,38.48000000,6.307
1749263024,6.33200000,1.58000000,6.307
1749263024,6.33300000,145.36000000,6.307
1749263024,6.33400000,256.61000000,6.307
1749263024,6.33500000,19579.28000000,6.307
1749263024,6.33600000,2.77000000,6.307
1749263024,6.33700000,1.58000000,6.307
1749263024,6.33800000,110.20000000,6.307
1749263024,6.33900000,2.77000000,6.307
1749263024,6.34000000,126.20000000,6.307
1749263024,6.34100000,1.58000000,6.307
1749263024,6.34200000,2.79000000,6.307
1749263024,6.34300000,1.60000000,6.307
1749263024,6.34400000,1.60000000,6.307
1749263024,6.34500000,180.16000000,6.307
1749263024,6.34600000,82.30000000,6.307
1749263024,6.34700000,1.60000000,6.307
1749263024,6.34800000,31.44000000,6.307
1749263024,6.34900000,1.60000000,6.307
1749263024,6.35000000,1.60000000,6.307
1749263024,6.35100000,68.22000000,6.307
1749263024,6.35200000,82.30000000,6.307
1749263024,6.35300000,32.93000000,6.307
1749263024,6.35400000,116.51000000,6.307
1749263024,6.35500000,2.96000000,6.307
1749263024,6.35600000,1.60000000,6.307
1749263024,6.35700000,1428.79000000,6.307
1749263024,6.35800000,82.30000000,6.307
1749263024,6.35900000,1.60000000,6.307
1749263024,6.36000000,2.80000000,6.307
1749263024,6.36100000,1.60000000,6.307
1749263024,6.36200000,1.60000000,6.307
1749263024,6.36300000,2.80000000,6.307
1749263024,6.36400000,113.33000000,6.307
1749263024,6.36500000,18774.70000000,6.307
1749263024,6.36600000,80.38000000,6.307
1749263024,6.36700000,1.60000000,6.307
1749263024,6.36800000,1.59000000,6.307
1749263024,6.36900000,2.78000000,6.307
1749263024,6.37000000,113.32000000,6.307
1749263024,6.37100000,1.59000000,6.307
1749263024,6.37200000,2.78000000,6.307
1749263024,6.37300000,109.20000000,6.307
1749263024,6.37400000,79.18000000,6.307
1749263024,6.37500000,2.78000000,6.307
1749263024,6.37600000,113.32000000,6.307
1749263024,6.37700000,1.59000000,6.307
1749263024,6.37800000,26.38000000,6.307
1749263024,6.37900000,1.59000000,6.307
1749263024,6.38000000,1.59000000,6.307
1749263024,6.38100000,2.78000000,6.307
1749263024,6.38200000,83.11000000,6.307
1749263024,6.38400000,109.81000000,6.307
1749263024,6.38700000,1.19000000,6.307
1749263024,6.38800000,3.11000000,6.307
1749263024,6.38900000,0.94000000,6.307
1749263024,6.39000000,77.59000000,6.307
1749263024,6.39100000,109.50000000,6.307
1749263024,6.39200000,0.89000000,6.307
1749263024,6.39400000,3.11000000,6.307
1749263024,6.39700000,108.62000000,6.307
1749263024,6.39800000,77.59000000,6.307
1749263024,6.40000000,62.63000000,6.307
1749263024,6.40300000,108.62000000,6.307
1749263024,6.40600000,3.11000000,6.307
1749263024,6.40900000,108.62000000,6.307
1749263024,6.41200000,3.11000000,6.307
1749263024,6.41300000,1426.67000000,6.307
1749263024,6.41800000,3.11000000,6.307
1749263024,6.42000000,108.62000000,6.307
1749263024,6.42300000,2.70000000,6.307
1749263024,6.42400000,1429.37000000,6.307
1749263024,6.42900000,43307.73000000,6.307
1749263024,6.43000000,3.11000000,6.307
1749263024,6.43100000,108.62000000,6.307
1749263024,6.43600000,3.11000000,6.307
1749263332,6.32400000,12.48000000,6.323
1749263332,6.32500000,74.12000000,6.323
1749263332,6.32600000,320.14000000,6.323
1749263332,6.32700000,541.05000000,6.323
1749263332,6.32800000,261.37000000,6.323
1749263332,6.32900000,59.87000000,6.323
1749263332,6.33000000,133.45000000,6.323
1749263332,6.33100000,422.49000000,6.323
1749263332,6.33200000,314.60000000,6.323
1749263332,6.33300000,431.48000000,6.323
1749263332,6.33400000,468.68000000,6.323
1749263332,6.33500000,521.55000000,6.323
1749263332,6.33600000,81.98000000,6.323
1749263332,6.33700000,39.67000000,6.323
1749263332,6.33800000,121.07000000,6.323
1749263332,6.33900000,638.54000000,6.323
1749263332,6.34000000,530.88000000,6.323
1749263332,6.34100000,39.67000000,6.323
1749263332,6.34200000,57.80000000,6.323
1749263332,6.34300000,67.02000000,6.323
1749263332,6.34400000,55.47000000,6.323
1749263332,6.34500000,39.69000000,6.323
1749263332,6.34600000,136.13000000,6.323
1749263332,6.34700000,147.12000000,6.323
1749263332,6.34800000,41.09000000,6.323
1749263332,6.34900000,55.45000000,6.323
1749263332,6.35000000,235.03000000,6.323
1749263332,6.35100000,20.53000000,6.323
1749263332,6.35200000,19670.89000000,6.323
1749263332,6.35300000,1.60000000,6.323
1749263332,6.35400000,128.34000000,6.323
1749263332,6.35500000,145.13000000,6.323
1749263332,6.35600000,1.60000000,6.323
1749263332,6.35700000,19.72000000,6.323
1749263332,6.35800000,99.20000000,6.323
1749263332,6.35900000,1.60000000,6.323
1749263332,6.36000000,2.80000000,6.323
1749263332,6.36100000,18.52000000,6.323
1749263332,6.36200000,70.35000000,6.323
1749263332,6.36300000,19.73000000,6.323
1749263332,6.36400000,140.58000000,6.323
1749263332,6.36500000,1.60000000,6.323
1749263332,6.36600000,80.38000000,6.323
1749263332,6.36700000,1.60000000,6.323
1749263332,6.36800000,1.59000000,6.323
1749263332,6.36900000,2.78000000,6.323
1749263332,6.37000000,113.32000000,6.323
1749263332,6.37100000,1.59000000,6.323
1749263332,6.37200000,7.86000000,6.323
1749263332,6.37300000,1.59000000,6.323
1749263332,6.37400000,79.18000000,6.323
1749263332,6.37500000,2.78000000,6.323
1749263332,6.37600000,113.32000000,6.323
1749263332,6.37700000,32.92000000,6.323
1749263332,6.37800000,90.99000000,6.323
1749263332,6.37900000,1423.52000000,6.323
1749263332,6.38000000,1.59000000,6.323
1749263332,6.38100000,2.78000000,6.323
1749263332,6.38200000,83.11000000,6.323
1749263332,6.38300000,18799.08000000,6.323
1749263332,6.38400000,111.40000000,6.323
1749263332,6.38500000,1.59000000,6.323
1749263332,6.38600000,1.59000000,6.323
1749263332,6.38700000,2.78000000,6.323
1749263332,6.38800000,4.70000000,6.323
1749263332,6.38900000,2.53000000,6.323
1749263332,6.39000000,80.37000000,6.323
1749263332,6.39100000,111.09000000,6.323
1749263332,6.39200000,2.48000000,6.323
1749263332,6.39300000,1.59000000,6.323
1749263332,6.39400000,4.70000000,6.323
1749263332,6.39500000,1.59000000,6.323
1749263332,6.39600000,1.59000000,6.323
1749263332,6.39700000,110.21000000,6.323
1749263332,6.39800000,79.18000000,6.323
1749263332,6.39900000,1.59000000,6.323
1749263332,6.40000000,112.67000000,6.323
1749263332,6.40300000,108.62000000,6.323
1749263332,6.40600000,80.70000000,6.323
1749263332,6.40900000,108.62000000,6.323
1749263332,6.41200000,3.11000000,6.323
1749263332,6.41800000,3.11000000,6.323
1749263332,6.42000000,108.62000000,6.323
1749263332,6.42300000,2.70000000,6.323
1749263332,6.42400000,4.51000000,6.323
1749263332,6.43000000,3.11000000,6.323
1749263332,6.43100000,108.62000000,6.323
1749263332,6.43600000,3.11000000,6.323
1749263332,6.44200000,2952.90000000,6.323
1749263332,6.44700000,42042.42000000,6.323
1749263332,6.45000000,183.66000000,6.323
1749263332,6.45500000,0.87000000,6.323
1749263332,6.47400000,70.71000000,6.323
1749263332,6.48000000,1.63000000,6.323
1749263332,6.50000000,121.81000000,6.323
1749263332,6.50200000,1.40000000,6.323
1749263332,6.50300000,27.10000000,6.323
1749263332,6.50500000,90.32000000,6.323
1749263332,6.51100000,65.84000000,6.323
1749263332,6.51200000,15.48000000,6.323
1749263634,6.32800000,48.90000000,6.327
1749263634,6.32900000,166.18000000,6.327
1749263634,6.33000000,225.27000000,6.327
1749263634,6.33100000,404.50000000,6.327
1749263634,6.33200000,116.43000000,6.327
1749263634,6.33300000,104.90000000,6.327
1749263634,6.33400000,361.18000000,6.327
1749263634,6.33500000,310.29000000,6.327
1749263634,6.33600000,676.85000000,6.327
1749263634,6.33700000,533.64000000,6.327
1749263634,6.33800000,649.18000000,6.327
1749263634,6.33900000,1058.28000000,6.327
1749263634,6.34000000,323.15000000,6.327
1749263634,6.34100000,44.66000000,6.327
1749263634,6.34200000,77.07000000,6.327
1749263634,6.34300000,432.40000000,6.327
1749263634,6.34400000,139.99000000,6.327
1749263634,6.34500000,339.69000000,6.327
1749263634,6.34600000,119.20000000,6.327
1749263634,6.34700000,186.46000000,6.327
1749263634,6.34800000,41.09000000,6.327
1749263634,6.34900000,44.19000000,6.327
1749263634,6.35000000,61.12000000,6.327
1749263634,6.35100000,2.79000000,6.327
1749263634,6.35200000,82.30000000,6.327
1749263634,6.35300000,143.73000000,6.327
1749263634,6.35400000,111.42000000,6.327
1749263634,6.35500000,2.96000000,6.327
1749263634,6.35600000,19.85000000,6.327
1749263634,6.35700000,2.80000000,6.327
1749263634,6.35800000,82.30000000,6.327
1749263634,6.35900000,1.60000000,6.327
1749263634,6.36000000,46.43000000,6.327
1749263634,6.36100000,1.60000000,6.327
1749263634,6.36200000,70.35000000,6.327
1749263634,6.36300000,30.05000000,6.327
1749263634,6.36400000,113.33000000,6.327
1749263634,6.36500000,1.60000000,6.327
1749263634,6.36600000,80.38000000,6.327
1749263634,6.36700000,1.60000000,6.327
1749263634,6.36800000,1.59000000,6.327
1749263634,6.36900000,2.78000000,6.327
1749263634,6.37000000,113.32000000,6.327
1749263634,6.37100000,1.59000000,6.327
1749263634,6.37200000,2.78000000,6.327
1749263634,6.37300000,1.59000000,6.327
1749263634,6.37400000,79.18000000,6.327
1749263634,6.37500000,2.78000000,6.327
1749263634,6.37600000,113.32000000,6.327
1749263634,6.37700000,32.92000000,6.327
1749263634,6.37800000,90.99000000,6.327
1749263634,6.37900000,1.59000000,6.327
1749263634,6.38000000,1.59000000,6.327
1749263634,6.38100000,2.78000000,6.327
1749263634,6.38200000,83.11000000,6.327
1749263634,6.38300000,175.37000000,6.327
1749263634,6.38400000,1531.98000000,6.327
1749263634,6.38500000,1.59000000,6.327
1749263634,6.38600000,1.59000000,6.327
1749263634,6.38700000,2.78000000,6.327
1749263634,6.38800000,19494.82000000,6.327
1749263634,6.38900000,2.53000000,6.327
1749263634,6.39000000,80.37000000,6.327
1749263634,6.39100000,111.09000000,6.327
1749263634,6.39200000,2.48000000,6.327
1749263634,6.39300000,1.59000000,6.327
1749263634,6.39400000,4.70000000,6.327
1749263634,6.39500000,1.59000000,6.327
1749263634,6.39600000,1.59000000,6.327
1749263634,6.39700000,110.21000000,6.327
1749263634,6.39800000,79.18000000,6.327
1749263634,6.39900000,1.59000000,6.327
1749263634,6.40000000,4.70000000,6.327
1749263634,6.40100000,1.59000000,6.327
1749263634,6.40200000,1.59000000,6.327
1749263634,6.40300000,110.21000000,6.327
1749263634,6.40600000,80.70000000,6.327
1749263634,6.40900000,108.62000000,6.327
1749263634,6.41200000,3.11000000,6.327
1749263634,6.41400000,0.81000000,6.327
1749263634,6.41800000,3.11000000,6.327
1749263634,6.42000000,108.62000000,6.327
1749263634,6.42300000,2.70000000,6.327
1749263634,6.42400000,4.51000000,6.327
1749263634,6.43000000,3.11000000,6.327
1749263634,6.43100000,108.62000000,6.327
1749263634,6.43600000,1425.04000000,6.327
1749263634,6.43700000,1421.93000000,6.327
1749263634,6.44200000,111.73000000,6.327
1749263634,6.44700000,196.89000000,6.327
1749263634,6.45000000,183.66000000,6.327
1749263634,6.45200000,43650.36000000,6.327
1749263634,6.45500000,0.87000000,6.327
1749263634,6.47300000,70.71000000,6.327
1749263634,6.48000000,1.63000000,6.327
1749263634,6.49400000,65.84000000,6.327
1749263634,6.50000000,121.81000000,6.327
1749263634,6.50200000,1.40000000,6.327
1749263634,6.50300000,27.10000000,6.327
1749263634,6.50500000,90.32000000,6.327
1749263941,6.33000000,96.76000000,6.327
1749263941,6.33100000,46.41000000,6.327
1749263941,6.33200000,66.78000000,6.327
1749263941,6.33300000,54.14000000,6.327
1749263941,6.33400000,338.65000000,6.327
1749263941,6.33500000,355.35000000,6.327
1749263941,6.33600000,65.08000000,6.327
1749263941,6.33700000,59.86000000,6.327
1749263941,6.33800000,230.53000000,6.327
1749263941,6.33900000,719.44000000,6.327
1749263941,6.34000000,729.33000000,6.327
1749263941,6.34100000,798.27000000,6.327
1749263941,6.34200000,232.12000000,6.327
1749263941,6.34300000,456.63000000,6.327
1749263941,6.34400000,157.03000000,6.327
1749263941,6.34500000,428.44000000,6.327
1749263941,6.34600000,514.55000000,6.327
1749263941,6.34700000,67.52000000,6.327
1749263941,6.34800000,150.90000000,6.327
1749263941,6.34900000,62.31000000,6.327
1749263941,6.35000000,126.64000000,6.327
1749263941,6.35100000,56.60000000,6.327
1749263941,6.35200000,119.20000000,6.327
1749263941,6.35300000,55.44000000,6.327
1749263941,6.35400000,148.32000000,6.327
1749263941,6.35500000,56.78000000,6.327
1749263941,6.35600000,176.72000000,6.327
1749263941,6.35700000,56.64000000,6.327
1749263941,6.35800000,19086.94000000,6.327
1749263941,6.35900000,218.61000000,6.327
1749263941,6.36000000,2.80000000,6.327
1749263941,6.36100000,18.52000000,6.327
1749263941,6.36200000,229.28000000,6.327
1749263941,6.36300000,43.21000000,6.327
1749263941,6.36400000,130.22000000,6.327
1749263941,6.36500000,1.60000000,6.327
1749263941,6.36600000,80.38000000,6.327
1749263941,6.36700000,1.60000000,6.327
1749263941,6.36800000,1.59000000,6.327
1749263941,6.36900000,19.70000000,6.327
1749263941,6.37000000,113.32000000,6.327
1749263941,6.37100000,1.59000000,6.327
1749263941,6.37200000,7.86000000,6.327
1749263941,6.37300000,18.50000000,6.327
1749263941,6.37400000,79.18000000,6.327
1749263941,6.37500000,19.67000000,6.327
1749263941,6.37600000,113.32000000,6.327
1749263941,6.37700000,32.92000000,6.327
1749263941,6.37800000,90.99000000,6.327
1749263941,6.37900000,1.59000000,6.327
1749263941,6.38000000,1.59000000,6.327
1749263941,6.38100000,2.78000000,6.327
1749263941,6.38200000,83.11000000,6.327
1749263941,6.38300000,1.59000000,6.327
1749263941,6.38400000,111.40000000,6.327
1749263941,6.38500000,1.59000000,6.327
1749263941,6.38600000,1.59000000,6.327
1749263941,6.38700000,1422.97000000,6.327
1749263941,6.38800000,4.70000000,6.327
1749263941,6.38900000,18733.66000000,6.327
1749263941,6.39000000,80.37000000,6.327
1749263941,6.39100000,111.09000000,6.327
1749263941,6.39200000,2.48000000,6.327
1749263941,6.39300000,2.78000000,6.327
1749263941,6.39400000,4.70000000,6.327
1749263941,6.39500000,1.59000000,6.327
1749263941,6.39600000,2.78000000,6.327
1749263941,6.39700000,110.21000000,6.327
1749263941,6.39800000,79.18000000,6.327
1749263941,6.39900000,2.78000000,6.327
1749263941,6.40000000,104.70000000,6.327
1749263941,6.40100000,1.59000000,6.327
1749263941,6.40200000,109.60000000,6.327
1749263941,6.40300000,110.21000000,6.327
1749263941,6.40400000,1.59000000,6.327
1749263941,6.40500000,1.59000000,6.327
1749263941,6.40600000,80.70000000,6.327
1749263941,6.40900000,108.62000000,6.327
1749263941,6.41200000,3.11000000,6.327
1749263941,6.41400000,78.40000000,6.327
1749263941,6.41800000,3.11000000,6.327
1749263941,6.42000000,108.62000000,6.327
1749263941,6.42300000,2.70000000,6.327
1749263941,6.42400000,4.51000000,6.327
1749263941,6.43000000,3.11000000,6.327
1749263941,6.43100000,108.62000000,6.327
1749263941,6.43600000,3.11000000,6.327
1749263941,6.43900000,1421.31000000,6.327
1749263941,6.44000000,1421.31000000,6.327
1749263941,6.44200000,111.73000000,6.327
1749263941,6.45000000,283.66000000,6.327
1749263941,6.45300000,43016.02000000,6.327
1749263941,6.45500000,0.87000000,6.327
1749263941,6.47300000,70.71000000,6.327
1749263941,6.47400000,199.91000000,6.327
1749263941,6.48000000,1.63000000,6.327
1749263941,6.50000000,221.81000000,6.327
1749263941,6.50200000,1.40000000,6.327
1749263941,6.50300000,27.10000000,6.327
1749263941,6.50500000,90.32000000,6.327
1749264243,6.30800000,18.22000000,6.307
1749264243,6.30900000,117.11000000,6.307
1749264243,6.31000000,148.58000000,6.307
1749264243,6.31100000,134.72000000,6.307
1749264243,6.31200000,298.84000000,6.307
1749264243,6.31300000,102.85000000,6.307
1749264243,6.31400000,318.39000000,6.307
1749264243,6.31500000,356.28000000,6.307
1749264243,6.31600000,651.94000000,6.307
1749264243,6.31700000,685.25000000,6.307
1749264243,6.31800000,593.15000000,6.307
1749264243,6.31900000,294.71000000,6.307
1749264243,6.32000000,369.61000000,6.307
1749264243,6.32100000,752.65000000,6.307
1749264243,6.32200000,673.30000000,6.307
1749264243,6.32300000,434.40000000,6.307
1749264243,6.32400000,214.18000000,6.307
1749264243,6.32500000,38.49000000,6.307
1749264243,6.32600000,349.26000000,6.307
1749264243,6.32700000,176.41000000,6.307
1749264243,6.32800000,119.19000000,6.307
1749264243,6.32900000,38.49000000,6.307
1749264243,6.33000000,39.68000000,6.307
1749264243,6.33100000,38.49000000,6.307
1749264243,6.33200000,38.48000000,6.307
1749264243,6.33300000,273.36000000,6.307
1749264243,6.33400000,119.18000000,6.307
1749264243,6.33500000,212.79000000,6.307
1749264243,6.33600000,19689.89000000,6.307
1749264243,6.33700000,1.58000000,6.307
1749264243,6.33800000,1.58000000,6.307
1749264243,6.33900000,154.42000000,6.307
1749264243,6.34000000,82.28000000,6.307
1749264243,6.34100000,1.58000000,6.307
1749264243,6.34200000,2.79000000,6.307
1749264243,6.34300000,1.60000000,6.307
1749264243,6.34400000,1.60000000,6.307
1749264243,6.34500000,98.79000000,6.307
1749264243,6.34600000,82.30000000,6.307
1749264243,6.34700000,1.60000000,6.307
1749264243,6.34800000,112.81000000,6.307
1749264243,6.34900000,1.60000000,6.307
1749264243,6.35000000,61.12000000,6.307
1749264243,6.35100000,3.60000000,6.307
1749264243,6.35200000,87.39000000,6.307
1749264243,6.35300000,1.60000000,6.307
1749264243,6.35400000,111.42000000,6.307
1749264243,6.35500000,2.96000000,6.307
1749264243,6.35600000,1.60000000,6.307
1749264243,6.35700000,2.80000000,6.307
1749264243,6.35800000,82.30000000,6.307
1749264243,6.35900000,1.60000000,6.307
1749264243,6.36000000,2.80000000,6.307
1749264243,6.36100000,1427.19000000,6.307
1749264243,6.36200000,1.60000000,6.307
1749264243,6.36300000,2.80000000,6.307
1749264243,6.36400000,113.33000000,6.307
1749264243,6.36500000,19202.91000000,6.307
1749264243,6.36600000,80.38000000,6.307
1749264243,6.36700000,1.60000000,6.307
1749264243,6.36800000,1.59000000,6.307
1749264243,6.36900000,2.78000000,6.307
1749264243,6.37000000,113.32000000,6.307
1749264243,6.37100000,1.59000000,6.307
1749264243,6.37200000,2.78000000,6.307
1749264243,6.37300000,109.92000000,6.307
1749264243,6.37400000,79.18000000,6.307
1749264243,6.37500000,2.78000000,6.307
1749264243,6.37600000,113.32000000,6.307
1749264243,6.37700000,32.92000000,6.307
1749264243,6.37800000,90.99000000,6.307
1749264243,6.37900000,1.59000000,6.307
1749264243,6.38000000,1.59000000,6.307
1749264243,6.38100000,2.78000000,6.307
1749264243,6.38200000,83.10000000,6.307
1749264243,6.38300000,1.59000000,6.307
1749264243,6.38400000,109.81000000,6.307
1749264243,6.38700000,1.19000000,6.307
1749264243,6.38800000,3.11000000,6.307
1749264243,6.38900000,0.94000000,6.307
1749264243,6.39000000,78.78000000,6.307
1749264243,6.39100000,109.50000000,6.307
1749264243,6.39200000,0.89000000,6.307
1749264243,6.39300000,1.19000000,6.307
1749264243,6.39400000,3.11000000,6.307
1749264243,6.39600000,1.19000000,6.307
1749264243,6.39700000,108.62000000,6.307
1749264243,6.39800000,77.59000000,6.307
1749264243,6.39900000,1.19000000,6.307
1749264243,6.40000000,103.11000000,6.307
1749264243,6.40300000,108.62000000,6.307
1749264243,6.40600000,80.70000000,6.307
1749264243,6.40900000,108.62000000,6.307
1749264243,6.41200000,3.11000000,6.307
1749264243,6.41400000,78.40000000,6.307
1749264243,6.41500000,1425.99000000,6.307
1749264243,6.41800000,3.11000000,6.307
1749264243,6.42000000,108.62000000,6.307
1749264243,6.42300000,2.70000000,6.307
1749264243,6.42400000,4.51000000,6.307
1749264549,6.30500000,34.07000000,6.304
1749264549,6.30600000,38.06000000,6.304
1749264549,6.30700000,95.53000000,6.304
1749264549,6.30800000,232.03000000,6.304
1749264549,6.30900000,202.17000000,6.304
1749264549,6.31000000,294.10000000,6.304
1749264549,6.31100000,180.32000000,6.304
1749264549,6.31200000,760.66000000,6.304
1749264549,6.31300000,297.55000000,6.304
1749264549,6.31400000,482.14000000,6.304
1749264549,6.31500000,881.45000000,6.304
1749264549,6.31600000,1022.28000000,6.304
1749264549,6.31700000,214.26000000,6.304
1749264549,6.31800000,65.09000000,6.304
1749264549,6.31900000,90.40000000,6.304
1749264549,6.32000000,451.70000000,6.304
1749264549,6.32100000,161.50000000,6.304
1749264549,6.32200000,136.15000000,6.304
1749264549,6.32300000,38.49000000,6.304
1749264549,6.32400000,84.72000000,6.304
1749264549,6.32500000,38.49000000,6.304
1749264549,6.32600000,38.49000000,6.304
1749264549,6.32700000,165.26000000,6.304
1749264549,6.32800000,132.40000000,6.304
1749264549,6.32900000,55.45000000,6.304
1749264549,6.33000000,39.68000000,6.304
1749264549,6.33100000,229.84000000,6.304
1749264549,6.33200000,55.44000000,6.304
1749264549,6.33300000,19916.10000000,6.304
1749264549,6.33400000,241.91000000,6.304
1749264549,6.33500000,44.10000000,6.304
1749264549,6.33600000,19.73000000,6.304
1749264549,6.33700000,1.58000000,6.304
1749264549,6.33800000,18.54000000,6.304
1749264549,6.33900000,111.39000000,6.304
1749264549,6.34000000,82.28000000,6.304
1749264549,6.34100000,1.58000000,6.304
1749264549,6.34200000,2.79000000,6.304
1749264549,6.34300000,1.60000000,6.304
1749264549,6.34400000,1.60000000,6.304
1749264549,6.34500000,98.79000000,6.304
1749264549,6.34600000,82.30000000,6.304
1749264549,6.34700000,1.60000000,6.304
1749264549,6.34800000,112.81000000,6.304
1749264549,6.34900000,1.60000000,6.304
1749264549,6.35000000,61.12000000,6.304
1749264549,6.35100000,3.60000000,6.304
1749264549,6.35200000,87.39000000,6.304
1749264549,6.35300000,1.60000000,6.304
1749264549,6.35400000,111.42000000,6.304
1749264549,6.35500000,2.96000000,6.304
1749264549,6.35600000,1.60000000,6.304
1749264549,6.35700000,1429.30000000,6.304
1749264549,6.35800000,82.30000000,6.304
1749264549,6.35900000,1.60000000,6.304
1749264549,6.36000000,2.80000000,6.304
1749264549,6.36100000,1.60000000,6.304
1749264549,6.36200000,19611.87000000,6.304
1749264549,6.36300000,2.80000000,6.304
1749264549,6.36400000,113.33000000,6.304
1749264549,6.36500000,1.60000000,6.304
1749264549,6.36600000,80.38000000,6.304
1749264549,6.36700000,1.60000000,6.304
1749264549,6.36800000,1.59000000,6.304
1749264549,6.36900000,2.78000000,6.304
1749264549,6.37000000,113.32000000,6.304
1749264549,6.37100000,1.59000000,6.304
1749264549,6.37200000,2.78000000,6.304
1749264549,6.37300000,109.92000000,6.304
1749264549,6.37400000,79.18000000,6.304
1749264549,6.37500000,2.78000000,6.304
1749264549,6.37600000,113.32000000,6.304
1749264549,6.37700000,32.92000000,6.304
1749264549,6.37800000,90.99000000,6.304
1749264549,6.37900000,1.59000000,6.304
1749264549,6.38000000,1.59000000,6.304
1749264549,6.38100000,1.19000000,6.304
1749264549,6.38200000,81.51000000,6.304
1749264549,6.38400000,109.81000000,6.304
1749264549,6.38700000,1.19000000,6.304
1749264549,6.38800000,3.11000000,6.304
1749264549,6.38900000,0.94000000,6.304
1749264549,6.39000000,78.78000000,6.304
1749264549,6.39100000,109.50000000,6.304
1749264549,6.39200000,0.89000000,6.304
1749264549,6.39300000,1.19000000,6.304
1749264549,6.39400000,3.11000000,6.304
1749264549,6.39600000,1.19000000,6.304
1749264549,6.39700000,108.62000000,6.304
1749264549,6.39800000,77.59000000,6.304
1749264549,6.39900000,1.19000000,6.304
1749264549,6.40000000,103.11000000,6.304
1749264549,6.40300000,108.62000000,6.304
1749264549,6.40600000,80.70000000,6.304
1749264549,6.40900000,108.62000000,6.304
1749264549,6.41000000,1427.40000000,6.304
1749264549,6.41200000,3.11000000,6.304
1749264549,6.41400000,78.40000000,6.304
1749264549,6.41500000,1425.99000000,6.304
1749264549,6.41800000,3.11000000,6.304
1749264851,6.30300000,4.70000000,6.301
1749264851,6.30400000,83.61000000,6.301
1749264851,6.30500000,91.59000000,6.301
1749264851,6.30600000,113.40000000,6.301
1749264851,6.30700000,264.18000000,6.301
1749264851,6.30800000,173.15000000,6.301
1749264851,6.30900000,447.78000000,6.301
1749264851,6.31000000,441.05000000,6.301
1749264851,6.31100000,711.09000000,6.301
1749264851,6.31200000,672.01000000,6.301
1749264851,6.31300000,63.91000000,6.301
1749264851,6.31400000,63.91000000,6.301
1749264851,6.31500000,101.87000000,6.301
1749264851,6.31600000,288.57000000,6.301
1749264851,6.31700000,477.59000000,6.301
1749264851,6.31800000,39.68000000,6.301
1749264851,6.31900000,55.48000000,6.301
1749264851,6.32000000,66.23000000,6.301
1749264851,6.32100000,189.51000000,6.301
1749264851,6.32200000,119.19000000,6.301
1749264851,6.32300000,55.48000000,6.301
1749264851,6.32400000,39.68000000,6.301
1749264851,6.32500000,55.48000000,6.301
1749264851,6.32600000,38.49000000,6.301
1749264851,6.32700000,148.30000000,6.301
1749264851,6.32800000,218.15000000,6.301
1749264851,6.32900000,38.49000000,6.301
1749264851,6.33000000,177.18000000,6.301
1749264851,6.33100000,18842.22000000,6.301
1749264851,6.33200000,198.15000000,6.301
1749264851,6.33300000,192.24000000,6.301
1749264851,6.33400000,119.18000000,6.301
1749264851,6.33500000,7.19000000,6.301
1749264851,6.33600000,39.67000000,6.301
1749264851,6.33700000,6.69000000,6.301
1749264851,6.33800000,18.57000000,6.301
1749264851,6.33900000,111.39000000,6.301
1749264851,6.34000000,82.28000000,6.301
1749264851,6.34100000,1.58000000,6.301
1749264851,6.34200000,2.79000000,6.301
1749264851,6.34300000,1.60000000,6.301
1749264851,6.34400000,1.60000000,6.301
1749264851,6.34500000,2.79000000,6.301
1749264851,6.34600000,82.30000000,6.301
1749264851,6.34700000,66.21000000,6.301
1749264851,6.34800000,112.81000000,6.301
1749264851,6.34900000,1.60000000,6.301
1749264851,6.35000000,61.12000000,6.301
1749264851,6.35100000,3.60000000,6.301
1749264851,6.35200000,109.55000000,6.301
1749264851,6.35300000,1.60000000,6.301
1749264851,6.35400000,111.42000000,6.301
1749264851,6.35500000,2.96000000,6.301
1749264851,6.35600000,1.60000000,6.301
1749264851,6.35700000,2.80000000,6.301
1749264851,6.35800000,19633.35000000,6.301
1749264851,6.35900000,111.38000000,6.301
1749264851,6.36000000,2.80000000,6.301
1749264851,6.36100000,1.60000000,6.301
1749264851,6.36200000,1.60000000,6.301
1749264851,6.36300000,2.80000000,6.301
1749264851,6.36400000,113.33000000,6.301
1749264851,6.36500000,1.60000000,6.301
1749264851,6.36600000,80.37000000,6.301
1749264851,6.36700000,1.60000000,6.301
1749264851,6.36800000,1.59000000,6.301
1749264851,6.36900000,2.78000000,6.301
1749264851,6.37000000,113.32000000,6.301
1749264851,6.37100000,32.92000000,6.301
1749264851,6.37200000,2.78000000,6.301
1749264851,6.37300000,1.59000000,6.301
1749264851,6.37400000,79.18000000,6.301
1749264851,6.37500000,2.78000000,6.301
1749264851,6.37600000,113.32000000,6.301
1749264851,6.37700000,1.59000000,6.301
1749264851,6.37800000,26.38000000,6.301
1749264851,6.38100000,1.19000000,6.301
1749264851,6.38200000,81.51000000,6.301
1749264851,6.38400000,109.81000000,6.301
1749264851,6.38700000,1.19000000,6.301
1749264851,6.38800000,3.11000000,6.301
1749264851,6.39000000,78.78000000,6.301
1749264851,6.39100000,109.50000000,6.301
1749264851,6.39200000,0.89000000,6.301
1749264851,6.39300000,1.19000000,6.301
1749264851,6.39400000,3.11000000,6.301
1749264851,6.39600000,1.19000000,6.301
1749264851,6.39700000,108.62000000,6.301
1749264851,6.39800000,77.59000000,6.301
1749264851,6.39900000,1.19000000,6.301
1749264851,6.40000000,103.11000000,6.301
1749264851,6.40300000,108.62000000,6.301
1749264851,6.40600000,80.70000000,6.301
1749264851,6.40800000,1427.63000000,6.301
1749264851,6.40900000,108.62000000,6.301
1749264851,6.41000000,1427.40000000,6.301
1749264851,6.41200000,3.11000000,6.301
1749264851,6.41400000,78.40000000,6.301
1749264851,6.41800000,3.11000000,6.301
1749264851,6.42000000,108.62000000,6.301
1749265154,6.30700000,26.92000000,6.307
1749265154,6.30800000,72.95000000,6.307
1749265154,6.30900000,39.68000000,6.307
1749265154,6.31000000,134.55000000,6.307
1749265154,6.31100000,224.78000000,6.307
1749265154,6.31200000,98.82000000,6.307
1749265154,6.31300000,130.90000000,6.307
1749265154,6.31400000,95.74000000,6.307
1749265154,6.31500000,336.29000000,6.307
1749265154,6.31600000,696.01000000,6.307
1749265154,6.31700000,84.09000000,6.307
1749265154,6.31800000,40.87000000,6.307
1749265154,6.31900000,80.85000000,6.307
1749265154,6.32000000,134.46000000,6.307
1749265154,6.32100000,317.92000000,6.307
1749265154,6.32200000,437.31000000,6.307
1749265154,6.32300000,39.68000000,6.307
1749265154,6.32400000,436.93000000,6.307
1749265154,6.32500000,55.48000000,6.307
1749265154,6.32600000,66.16000000,6.307
1749265154,6.32700000,176.45000000,6.307
1749265154,6.32800000,149.37000000,6.307
1749265154,6.32900000,38.49000000,6.307
1749265154,6.33000000,39.68000000,6.307
1749265154,6.33100000,55.48000000,6.307
1749265154,6.33200000,55.47000000,6.307
1749265154,6.33300000,148.29000000,6.307
1749265154,6.33400000,119.18000000,6.307
1749265154,6.33500000,19591.70000000,6.307
1749265154,6.33600000,230.88000000,6.307
1749265154,6.33700000,43.59000000,6.307
1749265154,6.33800000,240.99000000,6.307
1749265154,6.33900000,148.29000000,6.307
1749265154,6.34000000,82.28000000,6.307
1749265154,6.34100000,18.54000000,6.307
1749265154,6.34200000,19.75000000,6.307
1749265154,6.34300000,1.60000000,6.307
1749265154,6.34400000,1.60000000,6.307
1749265154,6.34500000,19.77000000,6.307
1749265154,6.34600000,151.05000000,6.307
1749265154,6.34700000,1.60000000,6.307
1749265154,6.34800000,112.81000000,6.307
1749265154,6.34900000,18.56000000,6.307
1749265154,6.35000000,61.12000000,6.307
1749265154,6.35100000,3.60000000,6.307
1749265154,6.35200000,109.55000000,6.307
1749265154,6.35300000,1.60000000,6.307
1749265154,6.35400000,111.42000000,6.307
1749265154,6.35500000,2.96000000,6.307
1749265154,6.35600000,1.60000000,6.307
1749265154,6.35700000,2.80000000,6.307
1749265154,6.35800000,82.30000000,6.307
1749265154,6.35900000,1.60000000,6.307
1749265154,6.36000000,1429.07000000,6.307
1749265154,6.36100000,1.60000000,6.307
1749265154,6.36200000,1.60000000,6.307
1749265154,6.36300000,19203.03000000,6.307
1749265154,6.36400000,113.33000000,6.307
1749265154,6.36500000,1.60000000,6.307
1749265154,6.36600000,80.37000000,6.307
1749265154,6.36700000,1.60000000,6.307
1749265154,6.36800000,1.59000000,6.307
1749265154,6.36900000,2.78000000,6.307
1749265154,6.37000000,113.32000000,6.307
1749265154,6.37100000,32.92000000,6.307
1749265154,6.37200000,2.78000000,6.307
1749265154,6.37300000,66.20000000,6.307
1749265154,6.37400000,79.18000000,6.307
1749265154,6.37500000,2.78000000,6.307
1749265154,6.37600000,113.32000000,6.307
1749265154,6.37700000,1.59000000,6.307
1749265154,6.37800000,26.38000000,6.307
1749265154,6.37900000,1.59000000,6.307
1749265154,6.38000000,1.59000000,6.307
1749265154,6.38100000,2.78000000,6.307
1749265154,6.38200000,83.10000000,6.307
1749265154,6.38400000,109.81000000,6.307
1749265154,6.38500000,110.16000000,6.307
1749265154,6.38700000,1.19000000,6.307
1749265154,6.38800000,3.11000000,6.307
1749265154,6.39000000,78.78000000,6.307
1749265154,6.39100000,109.50000000,6.307
1749265154,6.39200000,0.89000000,6.307
1749265154,6.39300000,1.19000000,6.307
1749265154,6.39400000,3.11000000,6.307
1749265154,6.39600000,1.19000000,6.307
1749265154,6.39700000,108.62000000,6.307
1749265154,6.39800000,77.59000000,6.307
1749265154,6.39900000,1.19000000,6.307
1749265154,6.40000000,103.11000000,6.307
1749265154,6.40300000,108.62000000,6.307
1749265154,6.40600000,80.70000000,6.307
1749265154,6.40900000,108.62000000,6.307
1749265154,6.41200000,1428.93000000,6.307
1749265154,6.41400000,78.40000000,6.307
1749265154,6.41800000,3.11000000,6.307
1749265154,6.42000000,108.62000000,6.307
1749265154,6.42300000,2.70000000,6.307
1749265154,6.42400000,1428.97000000,6.307
1749265154,6.42700000,43189.85000000,6.307
1749265455,6.31300000,37.15000000,6.312
1749265455,6.31400000,84.20000000,6.312
1749265455,6.31500000,260.38000000,6.312
1749265455,6.31600000,389.84000000,6.312
1749265455,6.31700000,182.54000000,6.312
1749265455,6.31800000,198.84000000,6.312
1749265455,6.31900000,39.68000000,6.312
1749265455,6.32000000,160.09000000,6.312
1749265455,6.32100000,490.87000000,6.312
1749265455,6.32200000,239.71000000,6.312
1749265455,6.32300000,363.90000000,6.312
1749265455,6.32400000,65.09000000,6.312
1749265455,6.32500000,61.64000000,6.312
1749265455,6.32600000,80.87000000,6.312
1749265455,6.32700000,65.09000000,6.312
1749265455,6.32800000,132.38000000,6.312
1749265455,6.32900000,55.46000000,6.312
1749265455,6.33000000,50.53000000,6.312
1749265455,6.33100000,450.78000000,6.312
1749265455,6.33200000,83.74000000,6.312
1749265455,6.33300000,148.29000000,6.312
1749265455,6.33400000,119.18000000,6.312
1749265455,6.33500000,61.02000000,6.312
1749265455,6.33600000,56.64000000,6.312
1749265455,6.33700000,38.48000000,6.312
1749265455,6.33800000,55.45000000,6.312
1749265455,6.33900000,322.48000000,6.312
1749265455,6.34000000,19344.61000000,6.312
1749265455,6.34100000,55.44000000,6.312
1749265455,6.34200000,52.89000000,6.312
1749265455,6.34300000,55.47000000,6.312
1749265455,6.34400000,124.20000000,6.312
1749265455,6.34500000,83.45000000,6.312
1749265455,6.34600000,82.30000000,6.312
1749265455,6.34700000,18.57000000,6.312
1749265455,6.34800000,140.06000000,6.312
1749265455,6.34900000,23.67000000,6.312
1749265455,6.35000000,61.12000000,6.312
1749265455,6.35100000,20.56000000,6.312
1749265455,6.35200000,82.30000000,6.312
1749265455,6.35300000,1.60000000,6.312
1749265455,6.35400000,111.42000000,6.312
1749265455,6.35500000,2.96000000,6.312
1749265455,6.35600000,1.60000000,6.312
1749265455,6.35700000,2.80000000,6.312
1749265455,6.35800000,82.30000000,6.312
1749265455,6.35900000,1.60000000,6.312
1749265455,6.36000000,2.80000000,6.312
1749265455,6.36100000,1.60000000,6.312
1749265455,6.36200000,1.60000000,6.312
1749265455,6.36300000,2.80000000,6.312
1749265455,6.36400000,113.33000000,6.312
1749265455,6.36500000,1.60000000,6.312
1749265455,6.36600000,80.37000000,6.312
1749265455,6.36700000,1.60000000,6.312
1749265455,6.36800000,1.59000000,6.312
1749265455,6.36900000,19663.23000000,6.312
1749265455,6.37000000,113.32000000,6.312
1749265455,6.37100000,32.92000000,6.312
1749265455,6.37200000,2.78000000,6.312
1749265455,6.37300000,66.20000000,6.312
1749265455,6.37400000,79.18000000,6.312
1749265455,6.37500000,2.78000000,6.312
1749265455,6.37600000,113.32000000,6.312
1749265455,6.37700000,1.59000000,6.312
1749265455,6.37800000,26.38000000,6.312
1749265455,6.37900000,1.59000000,6.312
1749265455,6.38000000,1.59000000,6.312
1749265455,6.38100000,2.78000000,6.312
1749265455,6.38200000,83.10000000,6.312
1749265455,6.38300000,1.59000000,6.312
1749265455,6.38400000,111.40000000,6.312
1749265455,6.38500000,108.66000000,6.312
1749265455,6.38600000,1.59000000,6.312
1749265455,6.38700000,2.78000000,6.312
1749265455,6.38800000,4.70000000,6.312
1749265455,6.39000000,78.78000000,6.312
1749265455,6.39100000,109.50000000,6.312
1749265455,6.39200000,0.89000000,6.312
1749265455,6.39300000,1.19000000,6.312
1749265455,6.39400000,3.11000000,6.312
1749265455,6.39600000,1.19000000,6.312
1749265455,6.39700000,108.62000000,6.312
1749265455,6.39800000,77.59000000,6.312
1749265455,6.39900000,1.19000000,6.312
1749265455,6.40000000,103.11000000,6.312
1749265455,6.40300000,108.62000000,6.312
1749265455,6.40600000,80.70000000,6.312
1749265455,6.40900000,108.62000000,6.312
1749265455,6.41200000,3.11000000,6.312
1749265455,6.41400000,78.40000000,6.312
1749265455,6.41800000,3.11000000,6.312
1749265455,6.42000000,108.62000000,6.312
1749265455,6.42100000,1425.03000000,6.312
1749265455,6.42300000,2.70000000,6.312
1749265455,6.42400000,4.51000000,6.312
1749265455,6.43000000,3.11000000,6.312
1749265455,6.43100000,108.62000000,6.312
1749265455,6.43300000,41959.66000000,6.312
1749265455,6.43600000,3.11000000,6.312
1749265757,6.32000000,23.92000000,6.319
1749265757,6.32100000,119.68000000,6.319
1749265757,6.32200000,147.40000000,6.319
1749265757,6.32300000,333.80000000,6.319
1749265757,6.32400000,107.96000000,6.319
1749265757,6.32500000,154.72000000,6.319
1749265757,6.32600000,135.80000000,6.319
1749265757,6.32700000,515.60000000,6.319
1749265757,6.32800000,954.64000000,6.319
1749265757,6.32900000,101.06000000,6.319
1749265757,6.33000000,65.09000000,6.319
1749265757,6.33100000,55.46000000,6.319
1749265757,6.33200000,79.67000000,6.319
1749265757,6.33300000,111.90000000,6.319
1749265757,6.33400000,143.40000000,6.319
1749265757,6.33500000,368.65000000,6.319
1749265757,6.33600000,451.84000000,6.319
1749265757,6.33700000,49.33000000,6.319
1749265757,6.33800000,55.45000000,6.319
1749265757,6.33900000,176.73000000,6.319
1749265757,6.34000000,119.18000000,6.319
1749265757,6.34100000,55.45000000,6.319
1749265757,6.34200000,52.89000000,6.319
1749265757,6.34300000,55.47000000,6.319
1749265757,6.34400000,107.25000000,6.319
1749265757,6.34500000,56.66000000,6.319
1749265757,6.34600000,119.20000000,6.319
1749265757,6.34700000,229.41000000,6.319
1749265757,6.34800000,19286.56000000,6.319
1749265757,6.34900000,29.26000000,6.319
1749265757,6.35000000,104.39000000,6.319
1749265757,6.35100000,3.60000000,6.319
1749265757,6.35200000,82.30000000,6.319
1749265757,6.35300000,18.56000000,6.319
1749265757,6.35400000,111.42000000,6.319
1749265757,6.35500000,2.96000000,6.319
1749265757,6.35600000,1.60000000,6.319
1749265757,6.35700000,2.80000000,6.319
1749265757,6.35800000,82.30000000,6.319
1749265757,6.35900000,1.60000000,6.319
1749265757,6.36000000,2.80000000,6.319
1749265757,6.36100000,1.60000000,6.319
1749265757,6.36200000,1.60000000,6.319
1749265757,6.36300000,2.80000000,6.319
1749265757,6.36400000,113.33000000,6.319
1749265757,6.36500000,1.60000000,6.319
1749265757,6.36600000,80.37000000,6.319
1749265757,6.36700000,1.60000000,6.319
1749265757,6.36800000,1.59000000,6.319
1749265757,6.36900000,2.78000000,6.319
1749265757,6.37000000,113.32000000,6.319
1749265757,6.37100000,1455.98000000,6.319
1749265757,6.37200000,2.78000000,6.319
1749265757,6.37300000,66.20000000,6.319
1749265757,6.37400000,79.18000000,6.319
1749265757,6.37500000,2.78000000,6.319
1749265757,6.37600000,113.32000000,6.319
1749265757,6.37700000,18822.97000000,6.319
1749265757,6.37800000,26.38000000,6.319
1749265757,6.37900000,1.59000000,6.319
1749265757,6.38000000,1.59000000,6.319
1749265757,6.38100000,2.78000000,6.319
1749265757,6.38200000,83.10000000,6.319
1749265757,6.38300000,1.59000000,6.319
1749265757,6.38400000,219.71000000,6.319
1749265757,6.38500000,1.59000000,6.319
1749265757,6.38600000,1.59000000,6.319
1749265757,6.38700000,2.78000000,6.319
1749265757,6.38800000,4.70000000,6.319
1749265757,6.38900000,1.59000000,6.319
1749265757,6.39000000,80.37000000,6.319
1749265757,6.39100000,111.09000000,6.319
1749265757,6.39200000,2.48000000,6.319
1749265757,6.39300000,2.78000000,6.319
1749265757,6.39400000,4.70000000,6.319
1749265757,6.39500000,1.59000000,6.319
1749265757,6.39600000,1.19000000,6.319
1749265757,6.39700000,108.62000000,6.319
1749265757,6.39800000,77.59000000,6.319
1749265757,6.39900000,1.19000000,6.319
1749265757,6.40000000,103.11000000,6.319
1749265757,6.40300000,108.62000000,6.319
1749265757,6.40600000,80.70000000,6.319
1749265757,6.40900000,108.62000000,6.319
1749265757,6.41200000,3.11000000,6.319
1749265757,6.41400000,78.40000000,6.319
1749265757,6.41800000,3.11000000,6.319
1749265757,6.42000000,108.62000000,6.319
1749265757,6.42100000,1425.03000000,6.319
1749265757,6.42300000,2.70000000,6.319
1749265757,6.42400000,4.51000000,6.319
1749265757,6.42500000,1424.01000000,6.319
1749265757,6.43000000,3.11000000,6.319
1749265757,6.43100000,108.62000000,6.319
1749265757,6.43600000,3.11000000,6.319
1749265757,6.44100000,41943.90000000,6.319
1749265757,6.44200000,111.73000000,6.319
1749265757,6.44600000,198.31000000,6.319
1749265757,6.44800000,1.55000000,6.319
1749265757,6.45000000,283.66000000,6.319
1749266058,6.32400000,20.29000000,6.324
1749266058,6.32500000,104.44000000,6.324
1749266058,6.32600000,89.82000000,6.324
1749266058,6.32700000,301.46000000,6.324
1749266058,6.32800000,180.67000000,6.324
1749266058,6.32900000,329.86000000,6.324
1749266058,6.33000000,415.33000000,6.324
1749266058,6.33100000,514.18000000,6.324
1749266058,6.33200000,685.65000000,6.324
1749266058,6.33300000,579.29000000,6.324
1749266058,6.33400000,261.11000000,6.324
1749266058,6.33500000,581.67000000,6.324
1749266058,6.33600000,251.02000000,6.324
1749266058,6.33700000,206.21000000,6.324
1749266058,6.33800000,131.38000000,6.324
1749266058,6.33900000,172.51000000,6.324
1749266058,6.34000000,563.99000000,6.324
1749266058,6.34100000,55.41000000,6.324
1749266058,6.34200000,63.58000000,6.324
1749266058,6.34300000,55.43000000,6.324
1749266058,6.34400000,83.98000000,6.324
1749266058,6.34500000,89.69000000,6.324
1749266058,6.34600000,119.20000000,6.324
1749266058,6.34700000,55.43000000,6.324
1749266058,6.34800000,166.64000000,6.324
1749266058,6.34900000,49.28000000,6.324
1749266058,6.35000000,191.90000000,6.324
1749266058,6.35100000,181.88000000,6.324
1749266058,6.35200000,19261.32000000,6.324
1749266058,6.35300000,55.43000000,6.324
1749266058,6.35400000,165.25000000,6.324
1749266058,6.35500000,89.86000000,6.324
1749266058,6.35600000,51.68000000,6.324
1749266058,6.35700000,56.63000000,6.324
1749266058,6.35800000,119.20000000,6.324
1749266058,6.35900000,55.43000000,6.324
1749266058,6.36000000,69.73000000,6.324
1749266058,6.36100000,70.35000000,6.324
1749266058,6.36200000,1.60000000,6.324
1749266058,6.36300000,19.73000000,6.324
1749266058,6.36400000,113.33000000,6.324
1749266058,6.36500000,51.60000000,6.324
1749266058,6.36600000,80.37000000,6.324
1749266058,6.36700000,1.60000000,6.324
1749266058,6.36800000,1.59000000,6.324
1749266058,6.36900000,2.78000000,6.324
1749266058,6.37000000,163.32000000,6.324
1749266058,6.37100000,32.92000000,6.324
1749266058,6.37200000,30.03000000,6.324
1749266058,6.37300000,66.20000000,6.324
1749266058,6.37400000,79.18000000,6.324
1749266058,6.37500000,1474.71000000,6.324
1749266058,6.37600000,113.32000000,6.324
1749266058,6.37700000,1.59000000,6.324
1749266058,6.37800000,26.38000000,6.324
1749266058,6.37900000,19221.60000000,6.324
1749266058,6.38000000,51.59000000,6.324
1749266058,6.38100000,2.78000000,6.324
1749266058,6.38200000,83.10000000,6.324
1749266058,6.38300000,1.59000000,6.324
1749266058,6.38400000,219.91000000,6.324
1749266058,6.38500000,59.78000000,6.324
1749266058,6.38600000,1.59000000,6.324
1749266058,6.38700000,2.78000000,6.324
1749266058,6.38800000,4.70000000,6.324
1749266058,6.38900000,1.59000000,6.324
1749266058,6.39000000,80.37000000,6.324
1749266058,6.39100000,111.09000000,6.324
1749266058,6.39200000,2.48000000,6.324
1749266058,6.39300000,2.78000000,6.324
1749266058,6.39400000,4.70000000,6.324
1749266058,6.39500000,1.59000000,6.324
1749266058,6.39600000,2.78000000,6.324
1749266058,6.39700000,110.21000000,6.324
1749266058,6.39800000,79.18000000,6.324
1749266058,6.39900000,2.78000000,6.324
1749266058,6.40000000,103.11000000,6.324
1749266058,6.40300000,108.62000000,6.324
1749266058,6.40600000,80.70000000,6.324
1749266058,6.40900000,108.62000000,6.324
1749266058,6.41200000,3.11000000,6.324
1749266058,6.41400000,78.40000000,6.324
1749266058,6.41800000,3.11000000,6.324
1749266058,6.42000000,108.62000000,6.324
1749266058,6.42300000,2.70000000,6.324
1749266058,6.42400000,4.51000000,6.324
1749266058,6.42700000,1423.96000000,6.324
1749266058,6.43000000,3.11000000,6.324
1749266058,6.43100000,108.62000000,6.324
1749266058,6.43600000,3.11000000,6.324
1749266058,6.43800000,1422.21000000,6.324
1749266058,6.44200000,111.73000000,6.324
1749266058,6.44300000,43330.62000000,6.324
1749266058,6.44600000,198.31000000,6.324
1749266058,6.44800000,1.55000000,6.324
1749266058,6.45000000,283.66000000,6.324
1749266058,6.45500000,0.87000000,6.324
1749266058,6.47600000,70.71000000,6.324
1749266058,6.48000000,1.63000000,6.324
1749266058,6.50000000,221.81000000,6.324
1749266360,6.31200000,29.80000000,6.312
1749266360,6.31300000,36.90000000,6.312
1749266360,6.31400000,122.51000000,6.312
1749266360,6.31500000,300.65000000,6.312
1749266360,6.31600000,157.77000000,6.312
1749266360,6.31700000,99.57000000,6.312
1749266360,6.31800000,269.16000000,6.312
1749266360,6.31900000,691.82000000,6.312
1749266360,6.32000000,281.25000000,6.312
1749266360,6.32100000,1099.57000000,6.312
1749266360,6.32200000,659.62000000,6.312
1749266360,6.32300000,434.62000000,6.312
1749266360,6.32400000,335.83000000,6.312
1749266360,6.32500000,302.18000000,6.312
1749266360,6.32600000,790.92000000,6.312
1749266360,6.32700000,1694.86000000,6.312
1749266360,6.32800000,406.40000000,6.312
1749266360,6.32900000,50.57000000,6.312
1749266360,6.33000000,40.87000000,6.312
1749266360,6.33100000,56.58000000,6.312
1749266360,6.33200000,155.33000000,6.312
1749266360,6.33300000,39.67000000,6.312
1749266360,6.33400000,119.18000000,6.312
1749266360,6.33500000,68.55000000,6.312
1749266360,6.33600000,39.67000000,6.312
1749266360,6.33700000,55.37000000,6.312
1749266360,6.33800000,163.99000000,6.312
1749266360,6.33900000,213.83000000,6.312
1749266360,6.34000000,19309.03000000,6.312
1749266360,6.34100000,98.22000000,6.312
1749266360,6.34200000,52.85000000,6.312
1749266360,6.34300000,55.38000000,6.312
1749266360,6.34400000,164.00000000,6.312
1749266360,6.34500000,89.69000000,6.312
1749266360,6.34600000,136.08000000,6.312
1749266360,6.34700000,38.50000000,6.312
1749266360,6.34800000,58.02000000,6.312
1749266360,6.34900000,38.50000000,6.312
1749266360,6.35000000,148.02000000,6.312
1749266360,6.35100000,3.60000000,6.312
1749266360,6.35200000,119.20000000,6.312
1749266360,6.35300000,1.60000000,6.312
1749266360,6.35400000,138.67000000,6.312
1749266360,6.35500000,52.96000000,6.312
1749266360,6.35600000,1.60000000,6.312
1749266360,6.35700000,2.80000000,6.312
1749266360,6.35800000,82.30000000,6.312
1749266360,6.35900000,1.60000000,6.312
1749266360,6.36000000,52.80000000,6.312
1749266360,6.36100000,70.35000000,6.312
1749266360,6.36200000,1.60000000,6.312
1749266360,6.36300000,2.80000000,6.312
1749266360,6.36400000,113.33000000,6.312
1749266360,6.36500000,51.60000000,6.312
1749266360,6.36600000,1509.43000000,6.312
1749266360,6.36700000,1.60000000,6.312
1749266360,6.36800000,19648.74000000,6.312
1749266360,6.36900000,2.78000000,6.312
1749266360,6.37000000,163.32000000,6.312
1749266360,6.37100000,1.59000000,6.312
1749266360,6.37200000,2.78000000,6.312
1749266360,6.37300000,66.20000000,6.312
1749266360,6.37400000,79.18000000,6.312
1749266360,6.37500000,52.78000000,6.312
1749266360,6.37600000,113.32000000,6.312
1749266360,6.37700000,1.59000000,6.312
1749266360,6.37800000,26.38000000,6.312
1749266360,6.37900000,1.59000000,6.312
1749266360,6.38000000,51.59000000,6.312
1749266360,6.38100000,2.78000000,6.312
1749266360,6.38200000,83.10000000,6.312
1749266360,6.38300000,2.53000000,6.312
1749266360,6.38400000,111.40000000,6.312
1749266360,6.38500000,167.18000000,6.312
1749266360,6.38600000,1.59000000,6.312
1749266360,6.38700000,2.78000000,6.312
1749266360,6.38800000,3.11000000,6.312
1749266360,6.39000000,78.78000000,6.312
1749266360,6.39100000,109.50000000,6.312
1749266360,6.39200000,0.89000000,6.312
1749266360,6.39300000,1.19000000,6.312
1749266360,6.39400000,3.11000000,6.312
1749266360,6.39600000,1.19000000,6.312
1749266360,6.39700000,108.62000000,6.312
1749266360,6.39800000,77.59000000,6.312
1749266360,6.39900000,1.19000000,6.312
1749266360,6.40000000,103.11000000,6.312
1749266360,6.40300000,108.62000000,6.312
1749266360,6.40600000,80.70000000,6.312
1749266360,6.40900000,108.62000000,6.312
1749266360,6.41200000,3.11000000,6.312
1749266360,6.41400000,78.40000000,6.312
1749266360,6.41800000,3.11000000,6.312
1749266360,6.42000000,108.62000000,6.312
1749266360,6.42300000,1427.45000000,6.312
1749266360,6.42400000,4.51000000,6.312
1749266360,6.42900000,1422.38000000,6.312
1749266360,6.43000000,3.11000000,6.312
1749266360,6.43100000,108.62000000,6.312
1749266360,6.43200000,42499.86000000,6.312
1749266663,6.31500000,159.62000000,6.314
1749266663,6.31600000,49.82000000,6.314
1749266663,6.31700000,66.48000000,6.314
1749266663,6.31800000,118.34000000,6.314
1749266663,6.31900000,237.79000000,6.314
1749266663,6.32000000,400.07000000,6.314
1749266663,6.32100000,388.50000000,6.314
1749266663,6.32200000,719.15000000,6.314
1749266663,6.32300000,39.68000000,6.314
1749266663,6.32400000,228.56000000,6.314
1749266663,6.32500000,656.94000000,6.314
1749266663,6.32600000,581.01000000,6.314
1749266663,6.32700000,898.81000000,6.314
1749266663,6.32800000,394.45000000,6.314
1749266663,6.32900000,218.52000000,6.314
1749266663,6.33000000,56.67000000,6.314
1749266663,6.33100000,38.49000000,6.314
1749266663,6.33200000,157.81000000,6.314
1749266663,6.33300000,56.66000000,6.314
1749266663,6.33400000,447.41000000,6.314
1749266663,6.33500000,68.60000000,6.314
1749266663,6.33600000,56.66000000,6.314
1749266663,6.33700000,38.48000000,6.314
1749266663,6.33800000,147.10000000,6.314
1749266663,6.33900000,61.78000000,6.314
1749266663,6.34000000,343.26000000,6.314
1749266663,6.34100000,55.46000000,6.314
1749266663,6.34200000,69.83000000,6.314
1749266663,6.34300000,19547.75000000,6.314
1749266663,6.34400000,164.08000000,6.314
1749266663,6.34500000,89.69000000,6.314
1749266663,6.34600000,119.20000000,6.314
1749266663,6.34700000,81.79000000,6.314
1749266663,6.34800000,21.14000000,6.314
1749266663,6.34900000,44.19000000,6.314
1749266663,6.35000000,148.02000000,6.314
1749266663,6.35100000,57.47000000,6.314
1749266663,6.35200000,119.20000000,6.314
1749266663,6.35300000,55.45000000,6.314
1749266663,6.35400000,111.42000000,6.314
1749266663,6.35500000,52.96000000,6.314
1749266663,6.35600000,1.60000000,6.314
1749266663,6.35700000,19.75000000,6.314
1749266663,6.35800000,82.30000000,6.314
1749266663,6.35900000,1.60000000,6.314
1749266663,6.36000000,52.80000000,6.314
1749266663,6.36100000,28.85000000,6.314
1749266663,6.36200000,1.60000000,6.314
1749266663,6.36300000,1427.94000000,6.314
1749266663,6.36400000,113.33000000,6.314
1749266663,6.36500000,51.60000000,6.314
1749266663,6.36600000,80.37000000,6.314
1749266663,6.36700000,1.60000000,6.314
1749266663,6.36800000,32.92000000,6.314
1749266663,6.36900000,19540.26000000,6.314
1749266663,6.37000000,163.32000000,6.314
1749266663,6.37100000,1.59000000,6.314
1749266663,6.37200000,2.78000000,6.314
1749266663,6.37300000,174.52000000,6.314
1749266663,6.37400000,79.18000000,6.314
1749266663,6.37500000,52.78000000,6.314
1749266663,6.37600000,113.32000000,6.314
1749266663,6.37700000,1.59000000,6.314
1749266663,6.37800000,26.38000000,6.314
1749266663,6.37900000,1.59000000,6.314
1749266663,6.38000000,51.59000000,6.314
1749266663,6.38100000,2.78000000,6.314
1749266663,6.38200000,83.10000000,6.314
1749266663,6.38300000,2.53000000,6.314
1749266663,6.38400000,111.40000000,6.314
1749266663,6.38500000,59.78000000,6.314
1749266663,6.38600000,1.59000000,6.314
1749266663,6.38700000,2.78000000,6.314
1749266663,6.38800000,4.70000000,6.314
1749266663,6.38900000,1.59000000,6.314
1749266663,6.39000000,80.37000000,6.314
1749266663,6.39100000,109.50000000,6.314
1749266663,6.39200000,0.89000000,6.314
1749266663,6.39300000,1.19000000,6.314
1749266663,6.39400000,3.11000000,6.314
1749266663,6.39600000,1.19000000,6.314
1749266663,6.39700000,108.62000000,6.314
1749266663,6.39800000,77.59000000,6.314
1749266663,6.39900000,1.19000000,6.314
1749266663,6.40000000,103.11000000,6.314
1749266663,6.40300000,108.62000000,6.314
1749266663,6.40600000,80.70000000,6.314
1749266663,6.40900000,108.62000000,6.314
1749266663,6.41200000,1429.55000000,6.314
1749266663,6.41400000,78.40000000,6.314
1749266663,6.41800000,3.11000000,6.314
1749266663,6.42000000,108.62000000,6.314
1749266663,6.42100000,1425.14000000,6.314
1749266663,6.42300000,2.70000000,6.314
1749266663,6.42400000,4.51000000,6.314
1749266663,6.43000000,3.11000000,6.314
1749266663,6.43100000,108.62000000,6.314
1749266663,6.43300000,41769.48000000,6.314
1749266663,6.43600000,3.11000000,6.314
1749266663,6.44200000,111.73000000,6.314
1749266964,6.30200000,76.26000000,6.302
1749266964,6.30300000,88.31000000,6.302
1749266964,6.30400000,149.12000000,6.302
1749266964,6.30500000,206.40000000,6.302
1749266964,6.30600000,246.41000000,6.302
1749266964,6.30700000,811.78000000,6.302
1749266964,6.30800000,531.63000000,6.302
1749266964,6.30900000,37.20000000,6.302
1749266964,6.31000000,47.08000000,6.302
1749266964,6.31100000,110.05000000,6.302
1749266964,6.31200000,332.97000000,6.302
1749266964,6.31300000,301.73000000,6.302
1749266964,6.31400000,31.99000000,6.302
1749266964,6.31500000,62.55000000,6.302
1749266964,6.31600000,271.43000000,6.302
1749266964,6.31700000,417.27000000,6.302
1749266964,6.31800000,40.87000000,6.302
1749266964,6.31900000,193.32000000,6.302
1749266964,6.32000000,619.23000000,6.302
1749266964,6.32100000,81.67000000,6.302
1749266964,6.32200000,739.84000000,6.302
1749266964,6.32300000,147.11000000,6.302
1749266964,6.32400000,56.62000000,6.302
1749266964,6.32500000,38.49000000,6.302
1749266964,6.32600000,55.42000000,6.302
1749266964,6.32700000,117.27000000,6.302
1749266964,6.32800000,64.27000000,6.302
1749266964,6.32900000,147.11000000,6.302
1749266964,6.33000000,19510.87000000,6.302
1749266964,6.33100000,38.49000000,6.302
1749266964,6.33200000,38.49000000,6.302
1749266964,6.33300000,56.66000000,6.302
1749266964,6.33400000,119.18000000,6.302
1749266964,6.33500000,68.60000000,6.302
1749266964,6.33600000,99.67000000,6.302
1749266964,6.33700000,38.48000000,6.302
1749266964,6.33800000,147.10000000,6.302
1749266964,6.33900000,56.66000000,6.302
1749266964,6.34000000,169.18000000,6.302
1749266964,6.34100000,55.47000000,6.302
1749266964,6.34200000,39.69000000,6.302
1749266964,6.34300000,107.25000000,6.302
1749266964,6.34400000,174.37000000,6.302
1749266964,6.34500000,89.69000000,6.302
1749266964,6.34600000,119.20000000,6.302
1749266964,6.34700000,38.50000000,6.302
1749266964,6.34800000,4.19000000,6.302
1749266964,6.34900000,38.50000000,6.302
1749266964,6.35000000,148.02000000,6.302
1749266964,6.35100000,45.61000000,6.302
1749266964,6.35200000,82.30000000,6.302
1749266964,6.35300000,1.60000000,6.302
1749266964,6.35400000,111.42000000,6.302
1749266964,6.35500000,52.96000000,6.302
1749266964,6.35600000,1.60000000,6.302
1749266964,6.35700000,2.80000000,6.302
1749266964,6.35800000,82.30000000,6.302
1749266964,6.35900000,1.60000000,6.302
1749266964,6.36000000,52.80000000,6.302
1749266964,6.36100000,1.60000000,6.302
1749266964,6.36200000,19174.26000000,6.302
1749266964,6.36300000,2.80000000,6.302
1749266964,6.36400000,113.33000000,6.302
1749266964,6.36500000,51.60000000,6.302
1749266964,6.36600000,80.37000000,6.302
1749266964,6.36700000,1.60000000,6.302
1749266964,6.36800000,32.92000000,6.302
1749266964,6.36900000,2.78000000,6.302
1749266964,6.37000000,163.32000000,6.302
1749266964,6.37100000,1.59000000,6.302
1749266964,6.37200000,111.66000000,6.302
1749266964,6.37300000,66.20000000,6.302
1749266964,6.37400000,79.18000000,6.302
1749266964,6.37500000,52.78000000,6.302
1749266964,6.37600000,113.32000000,6.302
1749266964,6.37700000,1.59000000,6.302
1749266964,6.37800000,24.79000000,6.302
1749266964,6.38000000,50.00000000,6.302
1749266964,6.38100000,1.19000000,6.302
1749266964,6.38200000,81.51000000,6.302
1749266964,6.38300000,0.94000000,6.302
1749266964,6.38400000,109.81000000,6.302
1749266964,6.38500000,58.19000000,6.302
1749266964,6.38700000,1.19000000,6.302
1749266964,6.38800000,3.11000000,6.302
1749266964,6.39000000,78.78000000,6.302
1749266964,6.39100000,109.50000000,6.302
1749266964,6.39200000,0.89000000,6.302
1749266964,6.39300000,1.19000000,6.302
1749266964,6.39400000,3.11000000,6.302
1749266964,6.39600000,1.19000000,6.302
1749266964,6.39700000,108.62000000,6.302
1749266964,6.39800000,77.59000000,6.302
1749266964,6.39900000,1.19000000,6.302
1749266964,6.40000000,103.11000000,6.302
1749266964,6.40300000,108.62000000,6.302
1749266964,6.40600000,80.70000000,6.302
1749266964,6.40900000,108.62000000,6.302
1749266964,6.41200000,3.11000000,6.302
1749266964,6.41400000,78.40000000,6.302
1749267266,6.30800000,45.44000000,6.308
1749267266,6.30900000,84.15000000,6.308
1749267266,6.31000000,37.57000000,6.308
1749267266,6.31100000,68.36000000,6.308
1749267266,6.31200000,108.19000000,6.308
1749267266,6.31300000,322.66000000,6.308
1749267266,6.31400000,507.92000000,6.308
1749267266,6.31500000,570.65000000,6.308
1749267266,6.31600000,339.44000000,6.308
1749267266,6.31700000,393.46000000,6.308
1749267266,6.31800000,300.87000000,6.308
1749267266,6.31900000,763.93000000,6.308
1749267266,6.32000000,477.35000000,6.308
1749267266,6.32100000,138.19000000,6.308
1749267266,6.32200000,174.44000000,6.308
1749267266,6.32300000,79.68000000,6.308
1749267266,6.32400000,436.37000000,6.308
1749267266,6.32500000,355.46000000,6.308
1749267266,6.32600000,55.46000000,6.308
1749267266,6.32700000,156.30000000,6.308
1749267266,6.32800000,64.26000000,6.308
1749267266,6.32900000,147.11000000,6.308
1749267266,6.33000000,39.68000000,6.308
1749267266,6.33100000,55.46000000,6.308
1749267266,6.33200000,38.49000000,6.308
1749267266,6.33300000,56.64000000,6.308
1749267266,6.33400000,119.18000000,6.308
1749267266,6.33500000,225.95000000,6.308
1749267266,6.33600000,18961.40000000,6.308
1749267266,6.33700000,198.00000000,6.308
1749267266,6.33800000,147.10000000,6.308
1749267266,6.33900000,56.64000000,6.308
1749267266,6.34000000,169.18000000,6.308
1749267266,6.34100000,55.45000000,6.308
1749267266,6.34200000,52.85000000,6.308
1749267266,6.34300000,107.25000000,6.308
1749267266,6.34400000,174.37000000,6.308
1749267266,6.34500000,69.76000000,6.308
1749267266,6.34600000,82.30000000,6.308
1749267266,6.34700000,1.60000000,6.308
1749267266,6.34800000,4.19000000,6.308
1749267266,6.34900000,1.60000000,6.308
1749267266,6.35000000,111.12000000,6.308
1749267266,6.35100000,8.71000000,6.308
1749267266,6.35200000,82.30000000,6.308
1749267266,6.35300000,1.60000000,6.308
1749267266,6.35400000,111.42000000,6.308
1749267266,6.35500000,52.96000000,6.308
1749267266,6.35600000,1.60000000,6.308
1749267266,6.35700000,2.80000000,6.308
1749267266,6.35800000,82.30000000,6.308
1749267266,6.35900000,1428.04000000,6.308
1749267266,6.36000000,52.80000000,6.308
1749267266,6.36100000,1.60000000,6.308
1749267266,6.36200000,1.60000000,6.308
1749267266,6.36300000,2.80000000,6.308
1749267266,6.36400000,113.33000000,6.308
1749267266,6.36500000,51.60000000,6.308
1749267266,6.36600000,19230.97000000,6.308
1749267266,6.36700000,1.60000000,6.308
1749267266,6.36800000,32.92000000,6.308
1749267266,6.36900000,2.78000000,6.308
1749267266,6.37000000,163.32000000,6.308
1749267266,6.37100000,1.59000000,6.308
1749267266,6.37200000,111.66000000,6.308
1749267266,6.37300000,66.20000000,6.308
1749267266,6.37400000,79.18000000,6.308
1749267266,6.37500000,52.78000000,6.308
1749267266,6.37600000,113.32000000,6.308
1749267266,6.37700000,1.59000000,6.308
1749267266,6.37800000,26.38000000,6.308
1749267266,6.37900000,1.59000000,6.308
1749267266,6.38000000,51.59000000,6.308
1749267266,6.38100000,2.78000000,6.308
1749267266,6.38200000,83.10000000,6.308
1749267266,6.38300000,2.53000000,6.308
1749267266,6.38400000,109.81000000,6.308
1749267266,6.38500000,58.19000000,6.308
1749267266,6.38700000,1.19000000,6.308
1749267266,6.38800000,3.11000000,6.308
1749267266,6.39000000,78.78000000,6.308
1749267266,6.39100000,109.50000000,6.308
1749267266,6.39200000,0.89000000,6.308
1749267266,6.39300000,1.19000000,6.308
1749267266,6.39400000,3.11000000,6.308
1749267266,6.39600000,1.19000000,6.308
1749267266,6.39700000,108.62000000,6.308
1749267266,6.39800000,77.59000000,6.308
1749267266,6.39900000,1.19000000,6.308
1749267266,6.40000000,103.11000000,6.308
1749267266,6.40300000,108.62000000,6.308
1749267266,6.40600000,80.70000000,6.308
1749267266,6.40900000,108.62000000,6.308
1749267266,6.41200000,3.11000000,6.308
1749267266,6.41400000,77.59000000,6.308
1749267266,6.41800000,1428.65000000,6.308
1749267266,6.42000000,108.62000000,6.308
1749267266,6.42100000,1425.14000000,6.308
1749267266,6.42300000,2.70000000,6.308
1749267266,6.42400000,4.51000000,6.308
1749267567,6.31800000,17.56000000,6.317
1749267567,6.31900000,71.63000000,6.317
1749267567,6.32000000,153.68000000,6.317
1749267567,6.32100000,220.72000000,6.317
1749267567,6.32200000,114.79000000,6.317
1749267567,6.32300000,130.72000000,6.317
1749267567,6.32400000,420.66000000,6.317
1749267567,6.32500000,565.98000000,6.317
1749267567,6.32600000,669.71000000,6.317
1749267567,6.32700000,468.79000000,6.317
1749267567,6.32800000,103.84000000,6.317
1749267567,6.32900000,493.80000000,6.317
1749267567,6.33000000,217.00000000,6.317
1749267567,6.33100000,473.88000000,6.317
1749267567,6.33200000,188.31000000,6.317
1749267567,6.33300000,39.67000000,6.317
1749267567,6.33400000,119.18000000,6.317
1749267567,6.33500000,68.64000000,6.317
1749267567,6.33600000,39.67000000,6.317
1749267567,6.33700000,1044.15000000,6.317
1749267567,6.33800000,147.10000000,6.317
1749267567,6.33900000,56.65000000,6.317
1749267567,6.34000000,169.18000000,6.317
1749267567,6.34100000,55.46000000,6.317
1749267567,6.34200000,52.89000000,6.317
1749267567,6.34300000,107.25000000,6.317
1749267567,6.34400000,174.37000000,6.317
1749267567,6.34500000,280.66000000,6.317
1749267567,6.34600000,19693.28000000,6.317
1749267567,6.34700000,55.44000000,6.317
1749267567,6.34800000,58.05000000,6.317
1749267567,6.34900000,51.69000000,6.317
1749267567,6.35000000,148.02000000,6.317
1749267567,6.35100000,62.57000000,6.317
1749267567,6.35200000,119.20000000,6.317
1749267567,6.35300000,55.45000000,6.317
1749267567,6.35400000,165.26000000,6.317
1749267567,6.35500000,89.86000000,6.317
1749267567,6.35600000,1.60000000,6.317
1749267567,6.35700000,19.74000000,6.317
1749267567,6.35800000,119.20000000,6.317
1749267567,6.35900000,1.60000000,6.317
1749267567,6.36000000,52.80000000,6.317
1749267567,6.36100000,1.60000000,6.317
1749267567,6.36200000,1.60000000,6.317
1749267567,6.36300000,2.80000000,6.317
1749267567,6.36400000,113.33000000,6.317
1749267567,6.36500000,51.60000000,6.317
1749267567,6.36600000,80.37000000,6.317
1749267567,6.36700000,1.60000000,6.317
1749267567,6.36800000,32.92000000,6.317
1749267567,6.36900000,1426.96000000,6.317
1749267567,6.37000000,163.32000000,6.317
1749267567,6.37100000,1.59000000,6.317
1749267567,6.37200000,2.78000000,6.317
1749267567,6.37300000,19220.25000000,6.317
1749267567,6.37400000,79.18000000,6.317
1749267567,6.37500000,52.78000000,6.317
1749267567,6.37600000,113.32000000,6.317
1749267567,6.37700000,1.59000000,6.317
1749267567,6.37800000,26.38000000,6.317
1749267567,6.37900000,1.59000000,6.317
1749267567,6.38000000,51.59000000,6.317
1749267567,6.38100000,2.78000000,6.317
1749267567,6.38200000,83.10000000,6.317
1749267567,6.38300000,2.53000000,6.317
1749267567,6.38400000,111.40000000,6.317
1749267567,6.38500000,59.78000000,6.317
1749267567,6.38600000,111.66000000,6.317
1749267567,6.38700000,2.78000000,6.317
1749267567,6.38800000,4.70000000,6.317
1749267567,6.38900000,1.59000000,6.317
1749267567,6.39000000,80.37000000,6.317
1749267567,6.39100000,111.09000000,6.317
1749267567,6.39200000,2.48000000,6.317
1749267567,6.39300000,2.78000000,6.317
1749267567,6.39400000,3.11000000,6.317
1749267567,6.39600000,1.19000000,6.317
1749267567,6.39700000,108.62000000,6.317
1749267567,6.39800000,77.59000000,6.317
1749267567,6.39900000,1.19000000,6.317
1749267567,6.40000000,103.11000000,6.317
1749267567,6.40300000,108.62000000,6.317
1749267567,6.40600000,80.70000000,6.317
1749267567,6.40900000,108.62000000,6.317
1749267567,6.41200000,3.11000000,6.317
1749267567,6.41400000,78.40000000,6.317
1749267567,6.41800000,1428.65000000,6.317
1749267567,6.42000000,108.62000000,6.317
1749267567,6.42100000,1425.14000000,6.317
1749267567,6.42300000,2.70000000,6.317
1749267567,6.42400000,4.51000000,6.317
1749267567,6.43000000,3.11000000,6.317
1749267567,6.43100000,108.62000000,6.317
1749267567,6.43600000,3.11000000,6.317
1749267567,6.43700000,43449.97000000,6.317
1749267567,6.43800000,1.40000000,6.317
1749267567,6.44200000,111.73000000,6.317
1749267567,6.44500000,1.59000000,6.317
1749267567,6.44600000,196.60000000,6.317
1749267869,6.32200000,20.76000000,6.322
1749267869,6.32300000,83.37000000,6.322
1749267869,6.32400000,141.24000000,6.322
1749267869,6.32500000,378.64000000,6.322
1749267869,6.32600000,378.41000000,6.322
1749267869,6.32700000,1103.53000000,6.322
1749267869,6.32800000,351.96000000,6.322
1749267869,6.32900000,453.80000000,6.322
1749267869,6.33000000,611.27000000,6.322
1749267869,6.33100000,330.48000000,6.322
1749267869,6.33200000,356.07000000,6.322
1749267869,6.33300000,533.52000000,6.322
1749267869,6.33400000,779.41000000,6.322
1749267869,6.33500000,69.76000000,6.322
1749267869,6.33600000,82.00000000,6.322
1749267869,6.33700000,336.95000000,6.322
1749267869,6.33800000,433.84000000,6.322
1749267869,6.33900000,56.59000000,6.322
1749267869,6.34000000,180.06000000,6.322
1749267869,6.34100000,55.40000000,6.322
1749267869,6.34200000,81.36000000,6.322
1749267869,6.34300000,55.42000000,6.322
1749267869,6.34400000,147.12000000,6.322
1749267869,6.34500000,106.61000000,6.322
1749267869,6.34600000,119.20000000,6.322
1749267869,6.34700000,55.42000000,6.322
1749267869,6.34800000,41.09000000,6.322
1749267869,6.34900000,68.59000000,6.322
1749267869,6.35000000,19552.45000000,6.322
1749267869,6.35100000,213.51000000,6.322
1749267869,6.35200000,119.20000000,6.322
1749267869,6.35300000,98.88000000,6.322
1749267869,6.35400000,165.24000000,6.322
1749267869,6.35500000,89.86000000,6.322
1749267869,6.35600000,18.52000000,6.322
1749267869,6.35700000,39.70000000,6.322
1749267869,6.35800000,119.20000000,6.322
1749267869,6.35900000,55.42000000,6.322
1749267869,6.36000000,185.70000000,6.322
1749267869,6.36100000,1.60000000,6.322
1749267869,6.36200000,18.52000000,6.322
1749267869,6.36300000,39.70000000,6.322
1749267869,6.36400000,155.33000000,6.322
1749267869,6.36500000,105.42000000,6.322
1749267869,6.36600000,117.27000000,6.322
1749267869,6.36700000,1.60000000,6.322
1749267869,6.36800000,1.59000000,6.322
1749267869,6.36900000,2.78000000,6.322
1749267869,6.37000000,163.32000000,6.322
1749267869,6.37100000,1.59000000,6.322
1749267869,6.37200000,2.78000000,6.322
1749267869,6.37300000,66.20000000,6.322
1749267869,6.37400000,79.18000000,6.322
1749267869,6.37500000,52.78000000,6.322
1749267869,6.37600000,113.32000000,6.322
1749267869,6.37700000,1423.75000000,6.322
1749267869,6.37800000,26.38000000,6.322
1749267869,6.37900000,1.59000000,6.322
1749267869,6.38000000,19333.03000000,6.322
1749267869,6.38100000,2.78000000,6.322
1749267869,6.38200000,83.10000000,6.322
1749267869,6.38300000,2.53000000,6.322
1749267869,6.38400000,111.40000000,6.322
1749267869,6.38500000,59.78000000,6.322
1749267869,6.38600000,111.66000000,6.322
1749267869,6.38700000,2.78000000,6.322
1749267869,6.38800000,4.70000000,6.322
1749267869,6.38900000,1.59000000,6.322
1749267869,6.39000000,80.37000000,6.322
1749267869,6.39100000,111.09000000,6.322
1749267869,6.39200000,2.48000000,6.322
1749267869,6.39300000,2.78000000,6.322
1749267869,6.39400000,36.03000000,6.322
1749267869,6.39500000,1.59000000,6.322
1749267869,6.39600000,2.78000000,6.322
1749267869,6.39700000,110.21000000,6.322
1749267869,6.39800000,77.59000000,6.322
1749267869,6.39900000,1.19000000,6.322
1749267869,6.40000000,103.11000000,6.322
1749267869,6.40300000,108.62000000,6.322
1749267869,6.40600000,80.70000000,6.322
1749267869,6.40900000,108.62000000,6.322
1749267869,6.41200000,3.11000000,6.322
1749267869,6.41400000,78.40000000,6.322
1749267869,6.41800000,3.11000000,6.322
1749267869,6.42000000,108.62000000,6.322
1749267869,6.42300000,2.70000000,6.322
1749267869,6.42400000,4.51000000,6.322
1749267869,6.43000000,3.11000000,6.322
1749267869,6.43100000,108.62000000,6.322
1749267869,6.43500000,2844.99000000,6.322
1749267869,6.43600000,3.11000000,6.322
1749267869,6.43800000,1.40000000,6.322
1749267869,6.44200000,111.73000000,6.322
1749267869,6.44400000,43271.39000000,6.322
1749267869,6.44500000,1.59000000,6.322
1749267869,6.44600000,196.60000000,6.322
1749267869,6.44800000,1.55000000,6.322
1749267869,6.45000000,283.66000000,6.322
1749267869,6.45500000,0.87000000,6.322
1749268171,6.34500000,27.98000000,6.345
1749268171,6.34600000,43.59000000,6.345
1749268171,6.34700000,113.48000000,6.345
1749268171,6.34800000,507.90000000,6.345
1749268171,6.34900000,1278.68000000,6.345
1749268171,6.35000000,534.00000000,6.345
1749268171,6.35100000,401.06000000,6.345
1749268171,6.35200000,751.46000000,6.345
1749268171,6.35300000,637.69000000,6.345
1749268171,6.35400000,620.71000000,6.345
1749268171,6.35500000,565.62000000,6.345
1749268171,6.35600000,370.41000000,6.345
1749268171,6.35700000,65.11000000,6.345
1749268171,6.35800000,143.42000000,6.345
1749268171,6.35900000,90.64000000,6.345
1749268171,6.36000000,119.76000000,6.345
1749268171,6.36100000,1.60000000,6.345
1749268171,6.36200000,55.42000000,6.345
1749268171,6.36300000,39.70000000,6.345
1749268171,6.36400000,192.17000000,6.345
1749268171,6.36500000,105.42000000,6.345
1749268171,6.36600000,117.27000000,6.345
1749268171,6.36700000,1.60000000,6.345
1749268171,6.36800000,55.40000000,6.345
1749268171,6.36900000,39.68000000,6.345
1749268171,6.37000000,200.22000000,6.345
1749268171,6.37100000,413.85000000,6.345
1749268171,6.37200000,56.58000000,6.345
1749268171,6.37300000,19288.57000000,6.345
1749268171,6.37400000,116.08000000,6.345
1749268171,6.37500000,106.58000000,6.345
1749268171,6.37600000,177.47000000,6.345
