timestamp,price,volume,current_price
1749254732,6.18700000,11.30000000,6.187
1749254732,6.18800000,85.29000000,6.187
1749254732,6.18900000,28.16000000,6.187
1749254732,6.19000000,87.17000000,6.187
1749254732,6.19100000,95.59000000,6.187
1749254732,6.19200000,359.20000000,6.187
1749254732,6.19300000,480.57000000,6.187
1749254732,6.19400000,575.52000000,6.187
1749254732,6.19500000,836.19000000,6.187
1749254732,6.19600000,39.74000000,6.187
1749254732,6.19700000,143.19000000,6.187
1749254732,6.19800000,418.46000000,6.187
1749254732,6.19900000,879.11000000,6.187
1749254732,6.20000000,1175.66000000,6.187
1749254732,6.20100000,864.36000000,6.187
1749254732,6.20200000,39.73000000,6.187
1749254732,6.20300000,57.00000000,6.187
1749254732,6.20400000,61.01000000,6.187
1749254732,6.20500000,78.38000000,6.187
1749254732,6.20600000,447.14000000,6.187
1749254732,6.20700000,56.98000000,6.187
1749254732,6.20800000,137.40000000,6.187
1749254732,6.20900000,38.52000000,6.187
1749254732,6.21000000,109.60000000,6.187
1749254732,6.21100000,41.63000000,6.187
1749254732,6.21200000,168.43000000,6.187
1749254732,6.21300000,39.72000000,6.187
1749254732,6.21400000,970.71000000,6.187
1749254732,6.21500000,20031.81000000,6.187
1749254732,6.21600000,316.25000000,6.187
1749254732,6.21700000,41.62000000,6.187
1749254732,6.21800000,207.76000000,6.187
1749254732,6.21900000,39.72000000,6.187
1749254732,6.22000000,372.67000000,6.187
1749254732,6.22100000,38.51000000,6.187
1749254732,6.22200000,117.31000000,6.187
1749254732,6.22300000,58.92000000,6.187
1749254732,6.22400000,59.85000000,6.187
1749254732,6.22500000,148.34000000,6.187
1749254732,6.22600000,38.51000000,6.187
1749254732,6.22700000,55.80000000,6.187
1749254732,6.22800000,43.44000000,6.187
1749254732,6.22900000,41.62000000,6.187
1749254732,6.23000000,79.20000000,6.187
1749254732,6.23100000,180.19000000,6.187
1749254732,6.23200000,5.65000000,6.187
1749254732,6.23300000,1.61000000,6.187
1749254732,6.23400000,2.82000000,6.187
1749254732,6.23500000,4.72000000,6.187
1749254732,6.23600000,28.86000000,6.187
1749254732,6.23700000,111.44000000,6.187
1749254732,6.23800000,79.20000000,6.187
1749254732,6.23900000,1.61000000,6.187
1749254732,6.24000000,2.84000000,6.187
1749254732,6.24100000,1458.04000000,6.187
1749254732,6.24200000,19366.12000000,6.187
1749254732,6.24300000,2.84000000,6.187
1749254732,6.24400000,110.25000000,6.187
1749254732,6.24500000,1.63000000,6.187
1749254732,6.24600000,80.43000000,6.187
1749254732,6.24700000,4.74000000,6.187
1749254732,6.24800000,2.46000000,6.187
1749254732,6.24900000,2.84000000,6.187
1749254732,6.25000000,1.63000000,6.187
1749254732,6.25100000,1.63000000,6.187
1749254732,6.25200000,111.45000000,6.187
1749254732,6.25300000,4.73000000,6.187
1749254732,6.25400000,189.40000000,6.187
1749254732,6.25500000,2.82000000,6.187
1749254732,6.25600000,1.62000000,6.187
1749254732,6.25700000,1.62000000,6.187
1749254732,6.25800000,142.77000000,6.187
1749254732,6.25900000,4.73000000,6.187
1749254732,6.26000000,1.62000000,6.187
1749254732,6.26100000,2.82000000,6.187
1749254732,6.26200000,79.21000000,6.187
1749254732,6.26300000,5.33000000,6.187
1749254732,6.26400000,109.82000000,6.187
1749254732,6.26600000,3.11000000,6.187
1749254732,6.26700000,1.21000000,6.187
1749254732,6.27000000,187.42000000,6.187
1749254732,6.27200000,3.11000000,6.187
1749254732,6.27300000,2.61000000,6.187
1749254732,6.27600000,109.83000000,6.187
1749254732,6.27800000,3.11000000,6.187
1749254732,6.27900000,2.03000000,6.187
1749254732,6.28200000,1.21000000,6.187
1749254732,6.28400000,143.73000000,6.187
1749254732,6.28500000,1.21000000,6.187
1749254732,6.28800000,1.21000000,6.187
1749254732,6.29000000,141.19000000,6.187
1749254732,6.29100000,4.32000000,6.187
1749254732,6.29400000,1.21000000,6.187
1749254732,6.29600000,2906.12000000,6.187
1749254732,6.29700000,112.94000000,6.187
1749254732,6.30000000,1.21000000,6.187
1749254732,6.30300000,3.11000000,6.187
1749254732,6.30500000,43976.46000000,6.187
1749254732,6.30600000,108.62000000,6.187
1749254732,6.30700000,20.66000000,6.187
1749255067,6.21200000,19.42000000,6.211
1749255067,6.21300000,50.24000000,6.211
1749255067,6.21400000,161.58000000,6.211
1749255067,6.21500000,449.93000000,6.211
1749255067,6.21600000,256.43000000,6.211
1749255067,6.21700000,42.83000000,6.211
1749255067,6.21800000,63.94000000,6.211
1749255067,6.21900000,127.09000000,6.211
1749255067,6.22000000,380.02000000,6.211
1749255067,6.22100000,705.34000000,6.211
1749255067,6.22200000,906.01000000,6.211
1749255067,6.22300000,851.20000000,6.211
1749255067,6.22400000,502.66000000,6.211
1749255067,6.22500000,289.77000000,6.211
1749255067,6.22600000,55.80000000,6.211
1749255067,6.22700000,73.46000000,6.211
1749255067,6.22800000,463.01000000,6.211
1749255067,6.22900000,41.62000000,6.211
1749255067,6.23000000,459.86000000,6.211
1749255067,6.23100000,148.34000000,6.211
1749255067,6.23200000,59.56000000,6.211
1749255067,6.23300000,313.85000000,6.211
1749255067,6.23400000,39.72000000,6.211
1749255067,6.23500000,991.09000000,6.211
1749255067,6.23600000,87.05000000,6.211
1749255067,6.23700000,148.34000000,6.211
1749255067,6.23800000,116.10000000,6.211
1749255067,6.23900000,195.89000000,6.211
1749255067,6.24000000,19754.55000000,6.211
1749255067,6.24100000,58.91000000,6.211
1749255067,6.24200000,82.55000000,6.211
1749255067,6.24300000,56.99000000,6.211
1749255067,6.24400000,151.18000000,6.211
1749255067,6.24500000,55.77000000,6.211
1749255067,6.24600000,117.33000000,6.211
1749255067,6.24700000,58.87000000,6.211
1749255067,6.24800000,60.62000000,6.211
1749255067,6.24900000,71.59000000,6.211
1749255067,6.25000000,18.86000000,6.211
1749255067,6.25100000,38.53000000,6.211
1749255067,6.25200000,152.37000000,6.211
1749255067,6.25300000,4.73000000,6.211
1749255067,6.25400000,116.11000000,6.211
1749255067,6.25500000,2.82000000,6.211
1749255067,6.25600000,5.64000000,6.211
1749255067,6.25700000,1.62000000,6.211
1749255067,6.25800000,142.77000000,6.211
1749255067,6.25900000,4.73000000,6.211
1749255067,6.26000000,1.62000000,6.211
1749255067,6.26100000,2.82000000,6.211
1749255067,6.26200000,79.21000000,6.211
1749255067,6.26300000,6.95000000,6.211
1749255067,6.26400000,1559.35000000,6.211
1749255067,6.26500000,1.62000000,6.211
1749255067,6.26600000,4.73000000,6.211
1749255067,6.26700000,111.49000000,6.211
1749255067,6.26800000,19737.58000000,6.211
1749255067,6.26900000,1.62000000,6.211
1749255067,6.27000000,189.04000000,6.211
1749255067,6.27100000,1.62000000,6.211
1749255067,6.27200000,4.73000000,6.211
1749255067,6.27300000,4.23000000,6.211
1749255067,6.27400000,1.62000000,6.211
1749255067,6.27500000,1.62000000,6.211
1749255067,6.27600000,111.45000000,6.211
1749255067,6.27700000,1.62000000,6.211
1749255067,6.27800000,82.32000000,6.211
1749255067,6.27900000,3.65000000,6.211
1749255067,6.28000000,1.62000000,6.211
1749255067,6.28100000,1.62000000,6.211
1749255067,6.28200000,2.83000000,6.211
1749255067,6.28300000,1.62000000,6.211
1749255067,6.28400000,145.35000000,6.211
1749255067,6.28500000,2.83000000,6.211
1749255067,6.28600000,79.21000000,6.211
1749255067,6.28700000,1.62000000,6.211
1749255067,6.28800000,1.21000000,6.211
1749255067,6.29000000,108.62000000,6.211
1749255067,6.29100000,4.32000000,6.211
1749255067,6.29400000,78.80000000,6.211
1749255067,6.29500000,17.93000000,6.211
1749255067,6.29700000,112.94000000,6.211
1749255067,6.30000000,1.21000000,6.211
1749255067,6.30300000,3.11000000,6.211
1749255067,6.30600000,108.62000000,6.211
1749255067,6.30700000,20.66000000,6.211
1749255067,6.30800000,35.68000000,6.211
1749255067,6.30900000,1450.72000000,6.211
1749255067,6.31200000,108.62000000,6.211
1749255067,6.31300000,1453.59000000,6.211
1749255067,6.31400000,0.89000000,6.211
1749255067,6.31800000,111.73000000,6.211
1749255067,6.31900000,0.89000000,6.211
1749255067,6.32200000,202.02000000,6.211
1749255067,6.32300000,3.11000000,6.211
1749255067,6.32700000,108.62000000,6.211
1749255067,6.32800000,51.04000000,6.211
1749255067,6.33100000,44012.07000000,6.211
1749255067,6.33300000,108.62000000,6.211
1749255067,6.33400000,3.11000000,6.211
