timestamp,price,volume,current_price
1749260744,0.02366000,291276.40000000,0.02365
1749260744,0.02367000,573242.70000000,0.02365
1749260744,0.02368000,337001.50000000,0.02365
1749260744,0.02369000,621319.90000000,0.02365
1749260744,0.02370000,329466.80000000,0.02365
1749260744,0.02371000,349940.90000000,0.02365
1749260744,0.02372000,605802.90000000,0.02365
1749260744,0.02373000,443377.60000000,0.02365
1749260744,0.02374000,412729.30000000,0.02365
1749260744,0.02375000,88230.40000000,0.02365
1749260744,0.02376000,411490.40000000,0.02365
1749260744,0.02377000,560022.40000000,0.02365
1749260744,0.02378000,59159.00000000,0.02365
1749260744,0.02379000,68088.70000000,0.02365
1749260744,0.02380000,572871.70000000,0.02365
1749260744,0.02381000,52666.40000000,0.02365
1749260744,0.02382000,24584.60000000,0.02365
1749260744,0.02383000,24585.30000000,0.02365
1749260744,0.02384000,24584.30000000,0.02365
1749260744,0.02385000,25710.70000000,0.02365
1749260744,0.02386000,445764.90000000,0.02365
1749260744,0.02387000,733.20000000,0.02365
1749260744,0.02388000,1245.90000000,0.02365
1749260744,0.02389000,56792.00000000,0.02365
1749260744,0.02390000,267951.20000000,0.02365
1749260744,0.02391000,1118.60000000,0.02365
1749260744,0.02392000,243235.60000000,0.02365
1749260744,0.02393000,737.90000000,0.02365
1749260744,0.02394000,72897.80000000,0.02365
1749260744,0.02395000,41892.80000000,0.02365
1749260744,0.02396000,1432.70000000,0.02365
1749260744,0.02397000,61621.10000000,0.02365
1749260744,0.02398000,737.20000000,0.02365
1749260744,0.02399000,553087.50000000,0.02365
1749260744,0.02400000,295626.90000000,0.02365
1749260744,0.02401000,3690.30000000,0.02365
1749260744,0.02402000,7440.90000000,0.02365
1749260744,0.02403000,1613.10000000,0.02365
1749260744,0.02404000,421.70000000,0.02365
1749260744,0.02405000,70421.70000000,0.02365
1749260744,0.02406000,83770.10000000,0.02365
1749260744,0.02407000,421.70000000,0.02365
1749260744,0.02408000,599815.30000000,0.02365
1749260744,0.02409000,421.70000000,0.02365
1749260744,0.02410000,165331.90000000,0.02365
1749260744,0.02411000,934.60000000,0.02365
1749260744,0.02412000,24216.60000000,0.02365
1749260744,0.02413000,7534.50000000,0.02365
1749260744,0.02414000,421.70000000,0.02365
1749260744,0.02415000,62000.90000000,0.02365
1749260744,0.02416000,3171.60000000,0.02365
1749260744,0.02417000,2517.60000000,0.02365
1749260744,0.02418000,421.70000000,0.02365
1749260744,0.02419000,659.70000000,0.02365
1749260744,0.02420000,124468.30000000,0.02365
1749260744,0.02421000,2319.70000000,0.02365
1749260744,0.02422000,2829.90000000,0.02365
1749260744,0.02423000,37910.00000000,0.02365
1749260744,0.02424000,3497.80000000,0.02365
1749260744,0.02425000,140766.70000000,0.02365
1749260744,0.02426000,866.30000000,0.02365
1749260744,0.02427000,43077.80000000,0.02365
1749260744,0.02428000,7004.10000000,0.02365
1749260744,0.02429000,27827.50000000,0.02365
1749260744,0.02430000,73180.20000000,0.02365
1749260744,0.02431000,1092.50000000,0.02365
1749260744,0.02432000,77813.50000000,0.02365
1749260744,0.02433000,23532.90000000,0.02365
1749260744,0.02434000,36528.60000000,0.02365
1749260744,0.02435000,70936.70000000,0.02365
1749260744,0.02436000,1820.00000000,0.02365
1749260744,0.02437000,3636.90000000,0.02365
1749260744,0.02438000,85908.30000000,0.02365
1749260744,0.02439000,656.10000000,0.02365
1749260744,0.02440000,91257.80000000,0.02365
1749260744,0.02441000,7001.90000000,0.02365
1749260744,0.02443000,3132.20000000,0.02365
1749260744,0.02444000,511.30000000,0.02365
1749260744,0.02445000,1005.20000000,0.02365
1749260744,0.02446000,42870.10000000,0.02365
1749260744,0.02447000,1029.70000000,0.02365
1749260744,0.02450000,3124.10000000,0.02365
1749260744,0.02451000,1710.00000000,0.02365
1749260744,0.02453000,864.30000000,0.02365
1749260744,0.02454000,37633.50000000,0.02365
1749260744,0.02456000,1667.70000000,0.02365
1749260744,0.02457000,4183.80000000,0.02365
1749260744,0.02458000,25861.60000000,0.02365
1749260744,0.02459000,406.60000000,0.02365
1749260744,0.02460000,2962.40000000,0.02365
1749260744,0.02463000,621.30000000,0.02365
1749260744,0.02464000,41778.10000000,0.02365
1749260744,0.02465000,84780.70000000,0.02365
1749260744,0.02466000,126858.30000000,0.02365
1749260744,0.02467000,6579.20000000,0.02365
1749260744,0.02468000,340.00000000,0.02365
1749260744,0.02469000,3779.00000000,0.02365
1749260744,0.02470000,101515.30000000,0.02365
1749260744,0.02472000,930.50000000,0.02365
1749260744,0.02474000,2028.70000000,0.02365
1749261064,0.02367000,52961.40000000,0.02367
1749261064,0.02368000,629920.00000000,0.02367
1749261064,0.02369000,436777.90000000,0.02367
1749261064,0.02370000,424863.30000000,0.02367
1749261064,0.02371000,448149.00000000,0.02367
1749261064,0.02372000,315226.50000000,0.02367
1749261064,0.02373000,381152.70000000,0.02367
1749261064,0.02374000,372857.10000000,0.02367
1749261064,0.02375000,96692.40000000,0.02367
1749261064,0.02376000,774427.20000000,0.02367
1749261064,0.02377000,87209.30000000,0.02367
1749261064,0.02378000,403612.30000000,0.02367
1749261064,0.02379000,33465.30000000,0.02367
1749261064,0.02380000,681301.10000000,0.02367
1749261064,0.02381000,72691.70000000,0.02367
1749261064,0.02382000,68522.00000000,0.02367
1749261064,0.02383000,30036.70000000,0.02367
1749261064,0.02384000,39262.70000000,0.02367
1749261064,0.02385000,25710.70000000,0.02367
1749261064,0.02386000,93180.50000000,0.02367
1749261064,0.02387000,733.20000000,0.02367
1749261064,0.02388000,52700.90000000,0.02367
1749261064,0.02389000,422798.20000000,0.02367
1749261064,0.02390000,267951.20000000,0.02367
1749261064,0.02391000,24968.60000000,0.02367
1749261064,0.02392000,376576.80000000,0.02367
1749261064,0.02393000,737.90000000,0.02367
1749261064,0.02394000,72897.80000000,0.02367
1749261064,0.02395000,253850.60000000,0.02367
1749261064,0.02396000,1432.70000000,0.02367
1749261064,0.02397000,37771.10000000,0.02367
1749261064,0.02398000,737.20000000,0.02367
1749261064,0.02399000,553087.50000000,0.02367
1749261064,0.02400000,295626.90000000,0.02367
1749261064,0.02401000,21087.20000000,0.02367
1749261064,0.02402000,7440.90000000,0.02367
1749261064,0.02403000,1613.10000000,0.02367
1749261064,0.02404000,421.70000000,0.02367
1749261064,0.02405000,70421.70000000,0.02367
1749261064,0.02406000,2341.70000000,0.02367
1749261064,0.02407000,421.70000000,0.02367
1749261064,0.02408000,421.70000000,0.02367
1749261064,0.02409000,421.70000000,0.02367
1749261064,0.02410000,77152.70000000,0.02367
1749261064,0.02411000,934.60000000,0.02367
1749261064,0.02412000,24216.60000000,0.02367
1749261064,0.02413000,180680.50000000,0.02367
1749261064,0.02414000,598802.60000000,0.02367
1749261064,0.02415000,62000.90000000,0.02367
1749261064,0.02416000,3171.60000000,0.02367
1749261064,0.02417000,2517.60000000,0.02367
1749261064,0.02418000,421.70000000,0.02367
1749261064,0.02419000,659.70000000,0.02367
1749261064,0.02420000,124468.30000000,0.02367
1749261064,0.02421000,2319.70000000,0.02367
1749261064,0.02422000,2829.90000000,0.02367
1749261064,0.02423000,37910.00000000,0.02367
1749261064,0.02424000,3497.80000000,0.02367
1749261064,0.02425000,90925.60000000,0.02367
1749261064,0.02426000,866.30000000,0.02367
1749261064,0.02427000,672.10000000,0.02367
1749261064,0.02428000,7004.10000000,0.02367
1749261064,0.02429000,27827.50000000,0.02367
1749261064,0.02430000,73180.20000000,0.02367
1749261064,0.02431000,2829.80000000,0.02367
1749261064,0.02432000,127654.60000000,0.02367
1749261064,0.02433000,23532.90000000,0.02367
1749261064,0.02434000,36528.60000000,0.02367
1749261064,0.02435000,70936.70000000,0.02367
1749261064,0.02436000,1820.00000000,0.02367
1749261064,0.02437000,3636.90000000,0.02367
1749261064,0.02438000,85908.30000000,0.02367
1749261064,0.02439000,656.10000000,0.02367
1749261064,0.02440000,91257.80000000,0.02367
1749261064,0.02441000,7001.90000000,0.02367
1749261064,0.02442000,422.60000000,0.02367
1749261064,0.02443000,3132.20000000,0.02367
1749261064,0.02444000,511.30000000,0.02367
1749261064,0.02445000,1005.20000000,0.02367
1749261064,0.02446000,939.10000000,0.02367
1749261064,0.02447000,1029.70000000,0.02367
1749261064,0.02450000,3124.10000000,0.02367
1749261064,0.02451000,1710.00000000,0.02367
1749261064,0.02453000,42795.30000000,0.02367
1749261064,0.02454000,37633.50000000,0.02367
1749261064,0.02456000,1667.70000000,0.02367
1749261064,0.02457000,4183.80000000,0.02367
1749261064,0.02458000,25861.60000000,0.02367
1749261064,0.02459000,406.60000000,0.02367
1749261064,0.02460000,2962.40000000,0.02367
1749261064,0.02463000,621.30000000,0.02367
1749261064,0.02465000,84780.70000000,0.02367
1749261064,0.02466000,126858.30000000,0.02367
1749261064,0.02467000,6579.20000000,0.02367
1749261064,0.02468000,340.00000000,0.02367
1749261064,0.02469000,3779.00000000,0.02367
1749261064,0.02470000,101515.30000000,0.02367
1749261064,0.02471000,41778.10000000,0.02367
1749261064,0.02472000,930.50000000,0.02367
1749261064,0.02474000,2028.70000000,0.02367
1749261373,0.02368000,422.20000000,0.02367
1749261373,0.02369000,503935.50000000,0.02367
1749261373,0.02370000,599410.80000000,0.02367
1749261373,0.02371000,367116.10000000,0.02367
1749261373,0.02372000,418574.20000000,0.02367
1749261373,0.02373000,323319.00000000,0.02367
1749261373,0.02374000,392552.60000000,0.02367
1749261373,0.02375000,262766.50000000,0.02367
1749261373,0.02376000,455411.20000000,0.02367
1749261373,0.02377000,376471.20000000,0.02367
1749261373,0.02378000,87823.30000000,0.02367
1749261373,0.02379000,403613.10000000,0.02367
1749261373,0.02380000,666646.10000000,0.02367
1749261373,0.02381000,44745.70000000,0.02367
1749261373,0.02382000,97437.70000000,0.02367
1749261373,0.02383000,58577.00000000,0.02367
1749261373,0.02384000,39262.70000000,0.02367
1749261373,0.02385000,25710.70000000,0.02367
1749261373,0.02386000,93180.50000000,0.02367
1749261373,0.02387000,376869.50000000,0.02367
1749261373,0.02388000,52700.90000000,0.02367
1749261373,0.02389000,422798.20000000,0.02367
1749261373,0.02390000,267951.20000000,0.02367
1749261373,0.02391000,1118.60000000,0.02367
1749261373,0.02392000,738.10000000,0.02367
1749261373,0.02393000,737.90000000,0.02367
1749261373,0.02394000,72897.80000000,0.02367
1749261373,0.02395000,253850.60000000,0.02367
1749261373,0.02396000,1432.70000000,0.02367
1749261373,0.02397000,61621.10000000,0.02367
1749261373,0.02398000,737.20000000,0.02367
1749261373,0.02399000,553087.50000000,0.02367
1749261373,0.02400000,295626.90000000,0.02367
1749261373,0.02401000,21087.20000000,0.02367
1749261373,0.02402000,7440.90000000,0.02367
1749261373,0.02403000,1613.10000000,0.02367
1749261373,0.02404000,421.70000000,0.02367
1749261373,0.02405000,70421.70000000,0.02367
1749261373,0.02406000,2341.70000000,0.02367
1749261373,0.02407000,421.70000000,0.02367
1749261373,0.02408000,421.70000000,0.02367
1749261373,0.02409000,599308.50000000,0.02367
1749261373,0.02410000,77152.70000000,0.02367
1749261373,0.02411000,934.60000000,0.02367
1749261373,0.02412000,24216.60000000,0.02367
1749261373,0.02413000,180680.50000000,0.02367
1749261373,0.02414000,421.70000000,0.02367
1749261373,0.02415000,62000.90000000,0.02367
1749261373,0.02416000,3171.60000000,0.02367
1749261373,0.02417000,2517.60000000,0.02367
1749261373,0.02418000,421.70000000,0.02367
1749261373,0.02419000,659.70000000,0.02367
1749261373,0.02420000,124468.30000000,0.02367
1749261373,0.02421000,2319.70000000,0.02367
1749261373,0.02422000,2829.90000000,0.02367
1749261373,0.02423000,37910.00000000,0.02367
1749261373,0.02424000,3497.80000000,0.02367
1749261373,0.02425000,90925.60000000,0.02367
1749261373,0.02426000,866.30000000,0.02367
1749261373,0.02427000,672.10000000,0.02367
1749261373,0.02428000,7004.10000000,0.02367
1749261373,0.02429000,27827.50000000,0.02367
1749261373,0.02430000,73180.20000000,0.02367
1749261373,0.02431000,2829.80000000,0.02367
1749261373,0.02432000,127654.60000000,0.02367
1749261373,0.02433000,23532.90000000,0.02367
1749261373,0.02434000,36528.60000000,0.02367
1749261373,0.02435000,70936.70000000,0.02367
1749261373,0.02436000,1820.00000000,0.02367
1749261373,0.02437000,3636.90000000,0.02367
1749261373,0.02438000,85908.30000000,0.02367
1749261373,0.02439000,656.10000000,0.02367
1749261373,0.02440000,91257.80000000,0.02367
1749261373,0.02441000,7001.90000000,0.02367
1749261373,0.02442000,422.60000000,0.02367
1749261373,0.02443000,3554.60000000,0.02367
1749261373,0.02444000,511.30000000,0.02367
1749261373,0.02445000,1005.20000000,0.02367
1749261373,0.02446000,939.10000000,0.02367
1749261373,0.02447000,1029.70000000,0.02367
1749261373,0.02450000,3124.10000000,0.02367
1749261373,0.02451000,1710.00000000,0.02367
1749261373,0.02453000,42795.30000000,0.02367
1749261373,0.02454000,37633.50000000,0.02367
1749261373,0.02456000,1667.70000000,0.02367
1749261373,0.02457000,4183.80000000,0.02367
1749261373,0.02458000,25861.60000000,0.02367
1749261373,0.02459000,406.60000000,0.02367
1749261373,0.02460000,2962.40000000,0.02367
1749261373,0.02463000,621.30000000,0.02367
1749261373,0.02465000,84780.70000000,0.02367
1749261373,0.02466000,126858.30000000,0.02367
1749261373,0.02467000,6579.20000000,0.02367
1749261373,0.02468000,340.00000000,0.02367
1749261373,0.02469000,3779.00000000,0.02367
1749261373,0.02470000,101515.30000000,0.02367
1749261373,0.02471000,41778.10000000,0.02367
1749261373,0.02472000,930.50000000,0.02367
1749261373,0.02474000,2028.70000000,0.02367
1749261373,0.02475000,2881.30000000,0.02367
1749261675,0.02365000,104533.20000000,0.02365
1749261675,0.02366000,579100.90000000,0.02365
1749261675,0.02367000,311125.10000000,0.02365
1749261675,0.02368000,367588.70000000,0.02365
1749261675,0.02369000,533398.10000000,0.02365
1749261675,0.02370000,470897.40000000,0.02365
1749261675,0.02371000,792894.00000000,0.02365
1749261675,0.02372000,233940.30000000,0.02365
1749261675,0.02373000,96287.60000000,0.02365
1749261675,0.02374000,412307.70000000,0.02365
1749261675,0.02375000,403886.30000000,0.02365
1749261675,0.02376000,449959.80000000,0.02365
1749261675,0.02377000,115052.90000000,0.02365
1749261675,0.02378000,87823.30000000,0.02365
1749261675,0.02379000,24902.40000000,0.02365
1749261675,0.02380000,681301.10000000,0.02365
1749261675,0.02381000,44745.70000000,0.02365
1749261675,0.02382000,73786.60000000,0.02365
1749261675,0.02383000,24585.30000000,0.02365
1749261675,0.02384000,39262.70000000,0.02365
1749261675,0.02385000,25710.70000000,0.02365
1749261675,0.02386000,93180.50000000,0.02365
1749261675,0.02387000,376869.50000000,0.02365
1749261675,0.02388000,52700.90000000,0.02365
1749261675,0.02389000,422798.20000000,0.02365
1749261675,0.02390000,267951.20000000,0.02365
1749261675,0.02391000,1118.60000000,0.02365
1749261675,0.02392000,738.10000000,0.02365
1749261675,0.02393000,737.90000000,0.02365
1749261675,0.02394000,72897.80000000,0.02365
1749261675,0.02395000,253850.60000000,0.02365
1749261675,0.02396000,1432.70000000,0.02365
1749261675,0.02397000,37771.10000000,0.02365
1749261675,0.02398000,737.20000000,0.02365
1749261675,0.02399000,553087.50000000,0.02365
1749261675,0.02400000,295626.90000000,0.02365
1749261675,0.02401000,21087.20000000,0.02365
1749261675,0.02402000,7440.90000000,0.02365
1749261675,0.02403000,1613.10000000,0.02365
1749261675,0.02404000,421.70000000,0.02365
1749261675,0.02405000,70421.70000000,0.02365
1749261675,0.02406000,2341.70000000,0.02365
1749261675,0.02407000,421.70000000,0.02365
1749261675,0.02408000,421.70000000,0.02365
1749261675,0.02409000,599308.50000000,0.02365
1749261675,0.02410000,77152.70000000,0.02365
1749261675,0.02411000,934.60000000,0.02365
1749261675,0.02412000,24216.60000000,0.02365
1749261675,0.02413000,180680.50000000,0.02365
1749261675,0.02414000,421.70000000,0.02365
1749261675,0.02415000,62000.90000000,0.02365
1749261675,0.02416000,3171.60000000,0.02365
1749261675,0.02417000,2517.60000000,0.02365
1749261675,0.02418000,421.70000000,0.02365
1749261675,0.02419000,659.70000000,0.02365
1749261675,0.02420000,124468.30000000,0.02365
1749261675,0.02421000,2319.70000000,0.02365
1749261675,0.02422000,2829.90000000,0.02365
1749261675,0.02423000,37910.00000000,0.02365
1749261675,0.02424000,3497.80000000,0.02365
1749261675,0.02425000,90925.60000000,0.02365
1749261675,0.02426000,866.30000000,0.02365
1749261675,0.02427000,672.10000000,0.02365
1749261675,0.02428000,7004.10000000,0.02365
1749261675,0.02429000,27827.50000000,0.02365
1749261675,0.02430000,73180.20000000,0.02365
1749261675,0.02431000,2829.80000000,0.02365
1749261675,0.02432000,127654.60000000,0.02365
1749261675,0.02433000,23532.90000000,0.02365
1749261675,0.02434000,36528.60000000,0.02365
1749261675,0.02435000,70936.70000000,0.02365
1749261675,0.02436000,1820.00000000,0.02365
1749261675,0.02437000,3636.90000000,0.02365
1749261675,0.02438000,85908.30000000,0.02365
1749261675,0.02439000,656.10000000,0.02365
1749261675,0.02440000,91257.80000000,0.02365
1749261675,0.02441000,6579.20000000,0.02365
1749261675,0.02443000,3132.20000000,0.02365
1749261675,0.02444000,511.30000000,0.02365
1749261675,0.02445000,1005.20000000,0.02365
1749261675,0.02446000,939.10000000,0.02365
1749261675,0.02447000,1029.70000000,0.02365
1749261675,0.02450000,3124.10000000,0.02365
1749261675,0.02451000,1710.00000000,0.02365
1749261675,0.02453000,42795.30000000,0.02365
1749261675,0.02454000,37633.50000000,0.02365
1749261675,0.02456000,1667.70000000,0.02365
1749261675,0.02457000,4183.80000000,0.02365
1749261675,0.02458000,25861.60000000,0.02365
1749261675,0.02459000,406.60000000,0.02365
1749261675,0.02460000,2962.40000000,0.02365
1749261675,0.02463000,621.30000000,0.02365
1749261675,0.02465000,84780.70000000,0.02365
1749261675,0.02466000,126858.30000000,0.02365
1749261675,0.02467000,6579.20000000,0.02365
1749261675,0.02468000,340.00000000,0.02365
1749261675,0.02469000,3779.00000000,0.02365
1749261675,0.02470000,101515.30000000,0.02365
1749261675,0.02471000,41778.10000000,0.02365
1749261675,0.02472000,930.50000000,0.02365
1749261981,0.02364000,436769.10000000,0.02364
1749261981,0.02365000,626011.50000000,0.02364
1749261981,0.02366000,471793.30000000,0.02364
1749261981,0.02367000,268852.60000000,0.02364
1749261981,0.02368000,372030.90000000,0.02364
1749261981,0.02369000,488415.70000000,0.02364
1749261981,0.02370000,475179.60000000,0.02364
1749261981,0.02371000,510722.50000000,0.02364
1749261981,0.02372000,799143.80000000,0.02364
1749261981,0.02373000,442190.40000000,0.02364
1749261981,0.02374000,87851.70000000,0.02364
1749261981,0.02375000,88097.30000000,0.02364
1749261981,0.02376000,561714.30000000,0.02364
1749261981,0.02377000,115159.30000000,0.02364
1749261981,0.02378000,58885.00000000,0.02364
1749261981,0.02379000,68440.10000000,0.02364
1749261981,0.02380000,233583.20000000,0.02364
1749261981,0.02381000,25377.80000000,0.02364
1749261981,0.02382000,24901.00000000,0.02364
1749261981,0.02383000,24585.30000000,0.02364
1749261981,0.02384000,24584.30000000,0.02364
1749261981,0.02385000,25710.70000000,0.02364
1749261981,0.02386000,93180.50000000,0.02364
1749261981,0.02387000,376869.50000000,0.02364
1749261981,0.02388000,25095.90000000,0.02364
1749261981,0.02389000,422798.20000000,0.02364
1749261981,0.02390000,69834.20000000,0.02364
1749261981,0.02391000,1118.60000000,0.02364
1749261981,0.02392000,738.10000000,0.02364
1749261981,0.02393000,737.90000000,0.02364
1749261981,0.02394000,72897.80000000,0.02364
1749261981,0.02395000,271376.90000000,0.02364
1749261981,0.02396000,1432.70000000,0.02364
1749261981,0.02397000,37771.10000000,0.02364
1749261981,0.02398000,737.20000000,0.02364
1749261981,0.02399000,531204.50000000,0.02364
1749261981,0.02400000,295626.90000000,0.02364
1749261981,0.02401000,3690.30000000,0.02364
1749261981,0.02402000,7440.90000000,0.02364
1749261981,0.02403000,1613.10000000,0.02364
1749261981,0.02404000,421.70000000,0.02364
1749261981,0.02405000,70421.70000000,0.02364
1749261981,0.02406000,83770.10000000,0.02364
1749261981,0.02407000,421.70000000,0.02364
1749261981,0.02408000,421.70000000,0.02364
1749261981,0.02409000,599308.50000000,0.02364
1749261981,0.02410000,77152.70000000,0.02364
1749261981,0.02411000,934.60000000,0.02364
1749261981,0.02412000,24216.60000000,0.02364
1749261981,0.02413000,99252.10000000,0.02364
1749261981,0.02414000,421.70000000,0.02364
1749261981,0.02415000,62000.90000000,0.02364
1749261981,0.02416000,3171.60000000,0.02364
1749261981,0.02417000,2517.60000000,0.02364
1749261981,0.02418000,421.70000000,0.02364
1749261981,0.02419000,659.70000000,0.02364
1749261981,0.02420000,124468.30000000,0.02364
1749261981,0.02421000,2319.70000000,0.02364
1749261981,0.02422000,2829.90000000,0.02364
1749261981,0.02423000,37910.00000000,0.02364
1749261981,0.02424000,3497.80000000,0.02364
1749261981,0.02425000,140766.70000000,0.02364
1749261981,0.02426000,866.30000000,0.02364
1749261981,0.02427000,672.10000000,0.02364
1749261981,0.02428000,7004.10000000,0.02364
1749261981,0.02429000,27827.50000000,0.02364
1749261981,0.02430000,73180.20000000,0.02364
1749261981,0.02431000,2829.80000000,0.02364
1749261981,0.02432000,77813.50000000,0.02364
1749261981,0.02433000,23532.90000000,0.02364
1749261981,0.02434000,36528.60000000,0.02364
1749261981,0.02435000,70936.70000000,0.02364
1749261981,0.02436000,1820.00000000,0.02364
1749261981,0.02437000,3636.90000000,0.02364
1749261981,0.02438000,85908.30000000,0.02364
1749261981,0.02439000,656.10000000,0.02364
1749261981,0.02440000,90834.90000000,0.02364
1749261981,0.02441000,6579.20000000,0.02364
1749261981,0.02443000,3132.20000000,0.02364
1749261981,0.02444000,511.30000000,0.02364
1749261981,0.02445000,1005.20000000,0.02364
1749261981,0.02446000,939.10000000,0.02364
1749261981,0.02447000,1029.70000000,0.02364
1749261981,0.02450000,3124.10000000,0.02364
1749261981,0.02451000,1710.00000000,0.02364
1749261981,0.02453000,42795.30000000,0.02364
1749261981,0.02454000,37633.50000000,0.02364
1749261981,0.02456000,1667.70000000,0.02364
1749261981,0.02457000,4183.80000000,0.02364
1749261981,0.02458000,25861.60000000,0.02364
1749261981,0.02459000,406.60000000,0.02364
1749261981,0.02460000,2962.40000000,0.02364
1749261981,0.02463000,621.30000000,0.02364
1749261981,0.02465000,84780.70000000,0.02364
1749261981,0.02466000,126858.30000000,0.02364
1749261981,0.02467000,6579.20000000,0.02364
1749261981,0.02468000,340.00000000,0.02364
1749261981,0.02469000,3779.00000000,0.02364
1749261981,0.02470000,101515.30000000,0.02364
1749261981,0.02471000,41778.10000000,0.02364
1749262283,0.02369000,148212.40000000,0.02368
1749262283,0.02370000,727938.30000000,0.02368
1749262283,0.02371000,365246.10000000,0.02368
1749262283,0.02372000,284553.00000000,0.02368
1749262283,0.02373000,361758.20000000,0.02368
1749262283,0.02374000,347012.60000000,0.02368
1749262283,0.02375000,547291.80000000,0.02368
1749262283,0.02376000,541757.00000000,0.02368
1749262283,0.02377000,439496.30000000,0.02368
1749262283,0.02378000,87929.70000000,0.02368
1749262283,0.02379000,403666.30000000,0.02368
1749262283,0.02380000,694251.10000000,0.02368
1749262283,0.02381000,44970.30000000,0.02368
1749262283,0.02382000,49164.00000000,0.02368
1749262283,0.02383000,24585.30000000,0.02368
1749262283,0.02384000,24584.30000000,0.02368
1749262283,0.02385000,59673.90000000,0.02368
1749262283,0.02386000,93180.50000000,0.02368
1749262283,0.02387000,376869.50000000,0.02368
1749262283,0.02388000,25095.90000000,0.02368
1749262283,0.02389000,422798.20000000,0.02368
1749262283,0.02390000,47951.20000000,0.02368
1749262283,0.02391000,1118.60000000,0.02368
1749262283,0.02392000,738.10000000,0.02368
1749262283,0.02393000,24587.90000000,0.02368
1749262283,0.02394000,72897.80000000,0.02368
1749262283,0.02395000,253850.60000000,0.02368
1749262283,0.02396000,1432.70000000,0.02368
1749262283,0.02397000,61621.10000000,0.02368
1749262283,0.02398000,737.20000000,0.02368
1749262283,0.02399000,531204.50000000,0.02368
1749262283,0.02400000,310281.90000000,0.02368
1749262283,0.02401000,42858.90000000,0.02368
1749262283,0.02402000,7440.90000000,0.02368
1749262283,0.02403000,1613.10000000,0.02368
1749262283,0.02404000,421.70000000,0.02368
1749262283,0.02405000,70421.70000000,0.02368
1749262283,0.02406000,83770.10000000,0.02368
1749262283,0.02407000,421.70000000,0.02368
1749262283,0.02408000,421.70000000,0.02368
1749262283,0.02409000,599308.50000000,0.02368
1749262283,0.02410000,77152.70000000,0.02368
1749262283,0.02411000,934.60000000,0.02368
1749262283,0.02412000,24216.60000000,0.02368
1749262283,0.02413000,99252.10000000,0.02368
1749262283,0.02414000,421.70000000,0.02368
1749262283,0.02415000,62000.90000000,0.02368
1749262283,0.02416000,3171.60000000,0.02368
1749262283,0.02417000,2517.60000000,0.02368
1749262283,0.02418000,421.70000000,0.02368
1749262283,0.02419000,659.70000000,0.02368
1749262283,0.02420000,124468.30000000,0.02368
1749262283,0.02421000,2319.70000000,0.02368
1749262283,0.02422000,2829.90000000,0.02368
1749262283,0.02423000,37910.00000000,0.02368
1749262283,0.02424000,3497.80000000,0.02368
1749262283,0.02425000,140766.70000000,0.02368
1749262283,0.02426000,866.30000000,0.02368
1749262283,0.02427000,672.10000000,0.02368
1749262283,0.02428000,7004.10000000,0.02368
1749262283,0.02429000,27827.50000000,0.02368
1749262283,0.02430000,73180.20000000,0.02368
1749262283,0.02431000,2829.80000000,0.02368
1749262283,0.02432000,77813.50000000,0.02368
1749262283,0.02433000,23532.90000000,0.02368
1749262283,0.02434000,36528.60000000,0.02368
1749262283,0.02435000,70936.70000000,0.02368
1749262283,0.02436000,1820.00000000,0.02368
1749262283,0.02437000,3636.90000000,0.02368
1749262283,0.02438000,85908.30000000,0.02368
1749262283,0.02439000,656.10000000,0.02368
1749262283,0.02440000,91257.80000000,0.02368
1749262283,0.02441000,7001.90000000,0.02368
1749262283,0.02442000,422.60000000,0.02368
1749262283,0.02443000,3554.60000000,0.02368
1749262283,0.02444000,933.50000000,0.02368
1749262283,0.02445000,1005.20000000,0.02368
1749262283,0.02446000,939.10000000,0.02368
1749262283,0.02447000,1029.70000000,0.02368
1749262283,0.02450000,3124.10000000,0.02368
1749262283,0.02451000,1710.00000000,0.02368
1749262283,0.02453000,42795.30000000,0.02368
1749262283,0.02454000,37633.50000000,0.02368
1749262283,0.02456000,1667.70000000,0.02368
1749262283,0.02457000,4183.80000000,0.02368
1749262283,0.02458000,25861.60000000,0.02368
1749262283,0.02459000,406.60000000,0.02368
1749262283,0.02460000,2962.40000000,0.02368
1749262283,0.02463000,621.30000000,0.02368
1749262283,0.02465000,84780.70000000,0.02368
1749262283,0.02466000,126858.30000000,0.02368
1749262283,0.02467000,6579.20000000,0.02368
1749262283,0.02468000,340.00000000,0.02368
1749262283,0.02469000,3779.00000000,0.02368
1749262283,0.02470000,101515.30000000,0.02368
1749262283,0.02471000,41778.10000000,0.02368
1749262283,0.02472000,930.50000000,0.02368
1749262283,0.02474000,2028.70000000,0.02368
1749262283,0.02475000,2881.30000000,0.02368
1749262283,0.02476000,255.10000000,0.02368
1749262584,0.02372000,142270.70000000,0.02372
1749262584,0.02373000,608570.70000000,0.02372
1749262584,0.02374000,488996.60000000,0.02372
1749262584,0.02375000,518371.50000000,0.02372
1749262584,0.02376000,211150.30000000,0.02372
1749262584,0.02377000,467675.60000000,0.02372
1749262584,0.02378000,349961.20000000,0.02372
1749262584,0.02379000,442242.10000000,0.02372
1749262584,0.02380000,1045277.10000000,0.02372
1749262584,0.02381000,439941.20000000,0.02372
1749262584,0.02382000,45030.80000000,0.02372
1749262584,0.02383000,87507.00000000,0.02372
1749262584,0.02384000,106743.90000000,0.02372
1749262584,0.02385000,98074.90000000,0.02372
1749262584,0.02386000,120785.50000000,0.02372
1749262584,0.02387000,58503.20000000,0.02372
1749262584,0.02388000,25095.90000000,0.02372
1749262584,0.02389000,422798.20000000,0.02372
1749262584,0.02390000,47951.20000000,0.02372
1749262584,0.02391000,1118.60000000,0.02372
1749262584,0.02392000,738.10000000,0.02372
1749262584,0.02393000,376428.00000000,0.02372
1749262584,0.02394000,72897.80000000,0.02372
1749262584,0.02395000,784157.10000000,0.02372
1749262584,0.02396000,1432.70000000,0.02372
1749262584,0.02397000,61621.10000000,0.02372
1749262584,0.02398000,737.20000000,0.02372
1749262584,0.02399000,24748.00000000,0.02372
1749262584,0.02400000,334131.90000000,0.02372
1749262584,0.02401000,66708.90000000,0.02372
1749262584,0.02402000,7440.90000000,0.02372
1749262584,0.02403000,1613.10000000,0.02372
1749262584,0.02404000,421.70000000,0.02372
1749262584,0.02405000,70421.70000000,0.02372
1749262584,0.02406000,2341.70000000,0.02372
1749262584,0.02407000,421.70000000,0.02372
1749262584,0.02408000,421.70000000,0.02372
1749262584,0.02409000,421.70000000,0.02372
1749262584,0.02410000,77152.70000000,0.02372
1749262584,0.02411000,934.60000000,0.02372
1749262584,0.02412000,24216.60000000,0.02372
1749262584,0.02413000,180680.50000000,0.02372
1749262584,0.02414000,421.70000000,0.02372
1749262584,0.02415000,660129.10000000,0.02372
1749262584,0.02416000,3171.60000000,0.02372
1749262584,0.02417000,2517.60000000,0.02372
1749262584,0.02418000,421.70000000,0.02372
1749262584,0.02419000,659.70000000,0.02372
1749262584,0.02420000,124468.30000000,0.02372
1749262584,0.02421000,2319.70000000,0.02372
1749262584,0.02422000,2829.90000000,0.02372
1749262584,0.02423000,37910.00000000,0.02372
1749262584,0.02424000,3497.80000000,0.02372
1749262584,0.02425000,90925.60000000,0.02372
1749262584,0.02426000,866.30000000,0.02372
1749262584,0.02427000,672.10000000,0.02372
1749262584,0.02428000,7004.10000000,0.02372
1749262584,0.02429000,27827.50000000,0.02372
1749262584,0.02430000,73180.20000000,0.02372
1749262584,0.02431000,2829.80000000,0.02372
1749262584,0.02432000,127654.60000000,0.02372
1749262584,0.02433000,23532.90000000,0.02372
1749262584,0.02434000,36528.60000000,0.02372
1749262584,0.02435000,70936.70000000,0.02372
1749262584,0.02436000,1820.00000000,0.02372
1749262584,0.02437000,3636.90000000,0.02372
1749262584,0.02438000,85908.30000000,0.02372
1749262584,0.02439000,656.10000000,0.02372
1749262584,0.02440000,91257.80000000,0.02372
1749262584,0.02441000,7001.90000000,0.02372
1749262584,0.02442000,422.60000000,0.02372
1749262584,0.02443000,3554.60000000,0.02372
1749262584,0.02444000,933.50000000,0.02372
1749262584,0.02445000,1427.20000000,0.02372
1749262584,0.02446000,1360.90000000,0.02372
1749262584,0.02447000,1451.40000000,0.02372
1749262584,0.02450000,3124.10000000,0.02372
1749262584,0.02451000,1710.00000000,0.02372
1749262584,0.02453000,42795.30000000,0.02372
1749262584,0.02454000,37633.50000000,0.02372
1749262584,0.02456000,1667.70000000,0.02372
1749262584,0.02457000,4183.80000000,0.02372
1749262584,0.02458000,25861.60000000,0.02372
1749262584,0.02459000,406.60000000,0.02372
1749262584,0.02460000,2962.40000000,0.02372
1749262584,0.02463000,621.30000000,0.02372
1749262584,0.02465000,84780.70000000,0.02372
1749262584,0.02466000,126858.30000000,0.02372
1749262584,0.02467000,6579.20000000,0.02372
1749262584,0.02468000,340.00000000,0.02372
1749262584,0.02469000,3779.00000000,0.02372
1749262584,0.02470000,101515.30000000,0.02372
1749262584,0.02471000,41778.10000000,0.02372
1749262584,0.02472000,930.50000000,0.02372
1749262584,0.02474000,2028.70000000,0.02372
1749262584,0.02475000,2881.30000000,0.02372
1749262584,0.02476000,255.10000000,0.02372
1749262584,0.02478000,1301.90000000,0.02372
1749262584,0.02480000,17718.20000000,0.02372
1749262584,0.02481000,30522.10000000,0.02372
1749262890,0.02368000,32331.20000000,0.02368
1749262890,0.02369000,570363.10000000,0.02368
1749262890,0.02370000,294484.60000000,0.02368
1749262890,0.02371000,439922.00000000,0.02368
1749262890,0.02372000,435669.70000000,0.02368
1749262890,0.02373000,347620.60000000,0.02368
1749262890,0.02374000,554832.00000000,0.02368
1749262890,0.02375000,467759.50000000,0.02368
1749262890,0.02376000,95595.00000000,0.02368
1749262890,0.02377000,761559.10000000,0.02368
1749262890,0.02378000,87929.70000000,0.02368
1749262890,0.02379000,403666.30000000,0.02368
1749262890,0.02380000,707069.60000000,0.02368
1749262890,0.02381000,116143.20000000,0.02368
1749262890,0.02382000,45030.80000000,0.02368
1749262890,0.02383000,24585.30000000,0.02368
1749262890,0.02384000,77816.40000000,0.02368
1749262890,0.02385000,35260.40000000,0.02368
1749262890,0.02386000,120785.50000000,0.02368
1749262890,0.02387000,386789.90000000,0.02368
1749262890,0.02388000,25095.90000000,0.02368
1749262890,0.02389000,56792.00000000,0.02368
1749262890,0.02390000,47951.20000000,0.02368
1749262890,0.02391000,1118.60000000,0.02368
1749262890,0.02392000,738.10000000,0.02368
1749262890,0.02393000,376428.00000000,0.02368
1749262890,0.02394000,72897.80000000,0.02368
1749262890,0.02395000,554894.60000000,0.02368
1749262890,0.02396000,1432.70000000,0.02368
1749262890,0.02397000,61621.10000000,0.02368
1749262890,0.02398000,737.20000000,0.02368
1749262890,0.02399000,245790.40000000,0.02368
1749262890,0.02400000,310281.90000000,0.02368
1749262890,0.02401000,42858.90000000,0.02368
1749262890,0.02402000,7440.90000000,0.02368
1749262890,0.02403000,1613.10000000,0.02368
1749262890,0.02404000,421.70000000,0.02368
1749262890,0.02405000,70421.70000000,0.02368
1749262890,0.02406000,2341.70000000,0.02368
1749262890,0.02407000,421.70000000,0.02368
1749262890,0.02408000,421.70000000,0.02368
1749262890,0.02409000,421.70000000,0.02368
1749262890,0.02410000,77152.70000000,0.02368
1749262890,0.02411000,934.60000000,0.02368
1749262890,0.02412000,24216.60000000,0.02368
1749262890,0.02413000,88962.90000000,0.02368
1749262890,0.02414000,421.70000000,0.02368
1749262890,0.02415000,660129.10000000,0.02368
1749262890,0.02416000,3171.60000000,0.02368
1749262890,0.02417000,93604.90000000,0.02368
1749262890,0.02418000,421.70000000,0.02368
1749262890,0.02419000,659.70000000,0.02368
1749262890,0.02420000,124468.30000000,0.02368
1749262890,0.02421000,2319.70000000,0.02368
1749262890,0.02422000,2829.90000000,0.02368
1749262890,0.02423000,37910.00000000,0.02368
1749262890,0.02424000,3497.80000000,0.02368
1749262890,0.02425000,90925.60000000,0.02368
1749262890,0.02426000,866.30000000,0.02368
1749262890,0.02427000,672.10000000,0.02368
1749262890,0.02428000,7004.10000000,0.02368
1749262890,0.02429000,27827.50000000,0.02368
1749262890,0.02430000,16355.00000000,0.02368
1749262890,0.02431000,1092.50000000,0.02368
1749262890,0.02432000,127654.60000000,0.02368
1749262890,0.02433000,23532.90000000,0.02368
1749262890,0.02434000,36528.60000000,0.02368
1749262890,0.02435000,120671.30000000,0.02368
1749262890,0.02436000,1820.00000000,0.02368
1749262890,0.02437000,3636.90000000,0.02368
1749262890,0.02438000,85908.30000000,0.02368
1749262890,0.02439000,656.10000000,0.02368
1749262890,0.02440000,91257.80000000,0.02368
1749262890,0.02441000,7001.90000000,0.02368
1749262890,0.02442000,422.60000000,0.02368
1749262890,0.02443000,3554.60000000,0.02368
1749262890,0.02444000,511.30000000,0.02368
1749262890,0.02445000,1005.20000000,0.02368
1749262890,0.02446000,939.10000000,0.02368
1749262890,0.02447000,1029.70000000,0.02368
1749262890,0.02450000,3124.10000000,0.02368
1749262890,0.02451000,1710.00000000,0.02368
1749262890,0.02453000,42795.30000000,0.02368
1749262890,0.02454000,37633.50000000,0.02368
1749262890,0.02456000,1667.70000000,0.02368
1749262890,0.02457000,4183.80000000,0.02368
1749262890,0.02458000,25861.60000000,0.02368
1749262890,0.02459000,406.60000000,0.02368
1749262890,0.02460000,2962.40000000,0.02368
1749262890,0.02463000,621.30000000,0.02368
1749262890,0.02465000,84780.70000000,0.02368
1749262890,0.02466000,126858.30000000,0.02368
1749262890,0.02467000,6579.20000000,0.02368
1749262890,0.02468000,340.00000000,0.02368
1749262890,0.02469000,3779.00000000,0.02368
1749262890,0.02470000,101515.30000000,0.02368
1749262890,0.02471000,41778.10000000,0.02368
1749262890,0.02472000,930.50000000,0.02368
1749262890,0.02474000,2028.70000000,0.02368
1749262890,0.02475000,2881.30000000,0.02368
1749263192,0.02372000,341367.20000000,0.02371
1749263192,0.02373000,651068.60000000,0.02371
1749263192,0.02374000,491773.40000000,0.02371
1749263192,0.02375000,471995.90000000,0.02371
1749263192,0.02376000,375427.90000000,0.02371
1749263192,0.02377000,180539.30000000,0.02371
1749263192,0.02378000,447050.90000000,0.02371
1749263192,0.02379000,436944.80000000,0.02371
1749263192,0.02380000,934796.40000000,0.02371
1749263192,0.02381000,411828.80000000,0.02371
1749263192,0.02382000,107925.90000000,0.02371
1749263192,0.02383000,87743.50000000,0.02371
1749263192,0.02384000,482098.20000000,0.02371
1749263192,0.02385000,116476.10000000,0.02371
1749263192,0.02386000,120785.50000000,0.02371
1749263192,0.02387000,386789.90000000,0.02371
1749263192,0.02388000,34644.00000000,0.02371
1749263192,0.02389000,90673.90000000,0.02371
1749263192,0.02390000,47951.20000000,0.02371
1749263192,0.02391000,1118.60000000,0.02371
1749263192,0.02392000,738.10000000,0.02371
1749263192,0.02393000,376428.00000000,0.02371
1749263192,0.02394000,72897.80000000,0.02371
1749263192,0.02395000,554894.60000000,0.02371
1749263192,0.02396000,1432.70000000,0.02371
1749263192,0.02397000,25280.90000000,0.02371
1749263192,0.02398000,737.20000000,0.02371
1749263192,0.02399000,245790.40000000,0.02371
1749263192,0.02400000,334131.90000000,0.02371
1749263192,0.02401000,66708.90000000,0.02371
1749263192,0.02402000,31290.90000000,0.02371
1749263192,0.02403000,1613.10000000,0.02371
1749263192,0.02404000,36096.00000000,0.02371
1749263192,0.02405000,70421.70000000,0.02371
1749263192,0.02406000,2341.70000000,0.02371
1749263192,0.02407000,421.70000000,0.02371
1749263192,0.02408000,421.70000000,0.02371
1749263192,0.02409000,421.70000000,0.02371
1749263192,0.02410000,77152.70000000,0.02371
1749263192,0.02411000,934.60000000,0.02371
1749263192,0.02412000,24216.60000000,0.02371
1749263192,0.02413000,88962.90000000,0.02371
1749263192,0.02414000,421.70000000,0.02371
1749263192,0.02415000,660129.10000000,0.02371
1749263192,0.02416000,3171.60000000,0.02371
1749263192,0.02417000,93604.90000000,0.02371
1749263192,0.02418000,421.70000000,0.02371
1749263192,0.02419000,659.70000000,0.02371
1749263192,0.02420000,124468.30000000,0.02371
1749263192,0.02421000,2319.70000000,0.02371
1749263192,0.02422000,2829.90000000,0.02371
1749263192,0.02423000,37910.00000000,0.02371
1749263192,0.02424000,3497.80000000,0.02371
1749263192,0.02425000,90925.60000000,0.02371
1749263192,0.02426000,866.30000000,0.02371
1749263192,0.02427000,672.10000000,0.02371
1749263192,0.02428000,7004.10000000,0.02371
1749263192,0.02429000,27827.50000000,0.02371
1749263192,0.02430000,16355.00000000,0.02371
1749263192,0.02431000,1092.50000000,0.02371
1749263192,0.02432000,127654.60000000,0.02371
1749263192,0.02433000,23532.90000000,0.02371
1749263192,0.02434000,36528.60000000,0.02371
1749263192,0.02435000,120671.30000000,0.02371
1749263192,0.02436000,1820.00000000,0.02371
1749263192,0.02437000,3636.90000000,0.02371
1749263192,0.02438000,85908.30000000,0.02371
1749263192,0.02439000,656.10000000,0.02371
1749263192,0.02440000,91257.80000000,0.02371
1749263192,0.02441000,7001.90000000,0.02371
1749263192,0.02442000,422.60000000,0.02371
1749263192,0.02443000,3554.60000000,0.02371
1749263192,0.02444000,933.30000000,0.02371
1749263192,0.02445000,1427.20000000,0.02371
1749263192,0.02446000,1360.90000000,0.02371
1749263192,0.02447000,1451.40000000,0.02371
1749263192,0.02450000,3124.10000000,0.02371
1749263192,0.02451000,1710.00000000,0.02371
1749263192,0.02453000,42795.30000000,0.02371
1749263192,0.02454000,37633.50000000,0.02371
1749263192,0.02456000,1667.70000000,0.02371
1749263192,0.02457000,4183.80000000,0.02371
1749263192,0.02458000,25861.60000000,0.02371
1749263192,0.02459000,406.60000000,0.02371
1749263192,0.02460000,2962.40000000,0.02371
1749263192,0.02463000,621.30000000,0.02371
1749263192,0.02465000,84780.70000000,0.02371
1749263192,0.02466000,126858.30000000,0.02371
1749263192,0.02467000,6579.20000000,0.02371
1749263192,0.02468000,340.00000000,0.02371
1749263192,0.02469000,3779.00000000,0.02371
1749263192,0.02470000,101515.30000000,0.02371
1749263192,0.02471000,41778.10000000,0.02371
1749263192,0.02472000,930.50000000,0.02371
1749263192,0.02474000,2028.70000000,0.02371
1749263192,0.02475000,2881.30000000,0.02371
1749263192,0.02476000,255.10000000,0.02371
1749263192,0.02478000,1301.90000000,0.02371
1749263192,0.02480000,17718.20000000,0.02371
1749263192,0.02481000,30522.10000000,0.02371
1749263499,0.02371000,126352.10000000,0.02371
1749263499,0.02372000,615008.50000000,0.02371
1749263499,0.02373000,527477.60000000,0.02371
1749263499,0.02374000,464249.90000000,0.02371
1749263499,0.02375000,517229.70000000,0.02371
1749263499,0.02376000,327010.00000000,0.02371
1749263499,0.02377000,98885.20000000,0.02371
1749263499,0.02378000,522127.00000000,0.02371
1749263499,0.02379000,471955.20000000,0.02371
1749263499,0.02380000,942852.40000000,0.02371
1749263499,0.02381000,88219.80000000,0.02371
1749263499,0.02382000,107925.90000000,0.02371
1749263499,0.02383000,87743.50000000,0.02371
1749263499,0.02384000,482098.20000000,0.02371
1749263499,0.02385000,53634.10000000,0.02371
1749263499,0.02386000,154714.90000000,0.02371
1749263499,0.02387000,386789.90000000,0.02371
1749263499,0.02388000,34644.00000000,0.02371
1749263499,0.02389000,56792.00000000,0.02371
1749263499,0.02390000,47951.20000000,0.02371
1749263499,0.02391000,1118.60000000,0.02371
1749263499,0.02392000,738.10000000,0.02371
1749263499,0.02393000,376428.00000000,0.02371
1749263499,0.02394000,72897.80000000,0.02371
1749263499,0.02395000,554894.60000000,0.02371
1749263499,0.02396000,1432.70000000,0.02371
1749263499,0.02397000,25280.90000000,0.02371
1749263499,0.02398000,737.20000000,0.02371
1749263499,0.02399000,245790.40000000,0.02371
1749263499,0.02400000,334131.90000000,0.02371
1749263499,0.02401000,66708.90000000,0.02371
1749263499,0.02402000,7440.90000000,0.02371
1749263499,0.02403000,1613.10000000,0.02371
1749263499,0.02404000,36096.00000000,0.02371
1749263499,0.02405000,70421.70000000,0.02371
1749263499,0.02406000,2341.70000000,0.02371
1749263499,0.02407000,421.70000000,0.02371
1749263499,0.02408000,421.70000000,0.02371
1749263499,0.02409000,421.70000000,0.02371
1749263499,0.02410000,77152.70000000,0.02371
1749263499,0.02411000,934.60000000,0.02371
1749263499,0.02412000,24216.60000000,0.02371
1749263499,0.02413000,88962.90000000,0.02371
1749263499,0.02414000,421.70000000,0.02371
1749263499,0.02415000,660129.10000000,0.02371
1749263499,0.02416000,3171.60000000,0.02371
1749263499,0.02417000,93604.90000000,0.02371
1749263499,0.02418000,421.70000000,0.02371
1749263499,0.02419000,659.70000000,0.02371
1749263499,0.02420000,124468.30000000,0.02371
1749263499,0.02421000,2319.70000000,0.02371
1749263499,0.02422000,2829.90000000,0.02371
1749263499,0.02423000,37910.00000000,0.02371
1749263499,0.02424000,3497.80000000,0.02371
1749263499,0.02425000,90925.60000000,0.02371
1749263499,0.02426000,866.30000000,0.02371
1749263499,0.02427000,672.10000000,0.02371
1749263499,0.02428000,7004.10000000,0.02371
1749263499,0.02429000,27827.50000000,0.02371
1749263499,0.02430000,16355.00000000,0.02371
1749263499,0.02431000,1092.50000000,0.02371
1749263499,0.02432000,127654.60000000,0.02371
1749263499,0.02433000,23532.90000000,0.02371
1749263499,0.02434000,36528.60000000,0.02371
1749263499,0.02435000,120671.30000000,0.02371
1749263499,0.02436000,1820.00000000,0.02371
1749263499,0.02437000,3636.90000000,0.02371
1749263499,0.02438000,85908.30000000,0.02371
1749263499,0.02439000,656.10000000,0.02371
1749263499,0.02440000,91257.80000000,0.02371
1749263499,0.02441000,7001.90000000,0.02371
1749263499,0.02442000,422.60000000,0.02371
1749263499,0.02443000,3554.60000000,0.02371
1749263499,0.02444000,933.30000000,0.02371
1749263499,0.02445000,1427.20000000,0.02371
1749263499,0.02446000,1360.90000000,0.02371
1749263499,0.02447000,1029.70000000,0.02371
1749263499,0.02450000,3124.10000000,0.02371
1749263499,0.02451000,1710.00000000,0.02371
1749263499,0.02453000,42795.30000000,0.02371
1749263499,0.02454000,37633.50000000,0.02371
1749263499,0.02456000,1667.70000000,0.02371
1749263499,0.02457000,4183.80000000,0.02371
1749263499,0.02458000,25861.60000000,0.02371
1749263499,0.02459000,406.60000000,0.02371
1749263499,0.02460000,2962.40000000,0.02371
1749263499,0.02463000,621.30000000,0.02371
1749263499,0.02465000,84780.70000000,0.02371
1749263499,0.02466000,126858.30000000,0.02371
1749263499,0.02467000,6579.20000000,0.02371
1749263499,0.02468000,340.00000000,0.02371
1749263499,0.02469000,3779.00000000,0.02371
1749263499,0.02470000,101515.30000000,0.02371
1749263499,0.02472000,930.50000000,0.02371
1749263499,0.02474000,2028.70000000,0.02371
1749263499,0.02475000,2881.30000000,0.02371
1749263499,0.02476000,255.10000000,0.02371
1749263499,0.02478000,43080.00000000,0.02371
1749263499,0.02480000,17718.20000000,0.02371
1749263499,0.02481000,30522.10000000,0.02371
1749263805,0.02372000,421.50000000,0.02372
1749263805,0.02373000,510774.60000000,0.02372
1749263805,0.02374000,574396.70000000,0.02372
1749263805,0.02375000,440302.20000000,0.02372
1749263805,0.02376000,316345.00000000,0.02372
1749263805,0.02377000,560327.50000000,0.02372
1749263805,0.02378000,489458.40000000,0.02372
1749263805,0.02379000,453158.70000000,0.02372
1749263805,0.02380000,619007.40000000,0.02372
1749263805,0.02381000,116143.20000000,0.02372
1749263805,0.02382000,111441.30000000,0.02372
1749263805,0.02383000,403585.60000000,0.02372
1749263805,0.02384000,482098.20000000,0.02372
1749263805,0.02385000,88552.70000000,0.02372
1749263805,0.02386000,120785.50000000,0.02372
1749263805,0.02387000,386789.90000000,0.02372
1749263805,0.02388000,34507.90000000,0.02372
1749263805,0.02389000,56792.00000000,0.02372
1749263805,0.02390000,47951.20000000,0.02372
1749263805,0.02391000,1118.60000000,0.02372
1749263805,0.02392000,738.10000000,0.02372
1749263805,0.02393000,376428.00000000,0.02372
1749263805,0.02394000,72897.80000000,0.02372
1749263805,0.02395000,554894.60000000,0.02372
1749263805,0.02396000,1432.70000000,0.02372
1749263805,0.02397000,25280.90000000,0.02372
1749263805,0.02398000,737.20000000,0.02372
1749263805,0.02399000,245790.40000000,0.02372
1749263805,0.02400000,334131.90000000,0.02372
1749263805,0.02401000,66708.90000000,0.02372
1749263805,0.02402000,31290.90000000,0.02372
1749263805,0.02403000,1613.10000000,0.02372
1749263805,0.02404000,36096.00000000,0.02372
1749263805,0.02405000,70421.70000000,0.02372
1749263805,0.02406000,2092.30000000,0.02372
1749263805,0.02407000,421.70000000,0.02372
1749263805,0.02408000,421.70000000,0.02372
1749263805,0.02409000,421.70000000,0.02372
1749263805,0.02410000,77152.70000000,0.02372
1749263805,0.02411000,934.60000000,0.02372
1749263805,0.02412000,24216.60000000,0.02372
1749263805,0.02413000,88962.90000000,0.02372
1749263805,0.02414000,421.70000000,0.02372
1749263805,0.02415000,660129.10000000,0.02372
1749263805,0.02416000,3171.60000000,0.02372
1749263805,0.02417000,93604.90000000,0.02372
1749263805,0.02418000,421.70000000,0.02372
1749263805,0.02419000,659.70000000,0.02372
1749263805,0.02420000,124468.30000000,0.02372
1749263805,0.02421000,2319.70000000,0.02372
1749263805,0.02422000,2540.90000000,0.02372
1749263805,0.02423000,37910.00000000,0.02372
1749263805,0.02424000,3497.80000000,0.02372
1749263805,0.02425000,90925.60000000,0.02372
1749263805,0.02426000,866.30000000,0.02372
1749263805,0.02427000,672.10000000,0.02372
1749263805,0.02428000,7004.10000000,0.02372
1749263805,0.02429000,27827.50000000,0.02372
1749263805,0.02430000,16025.80000000,0.02372
1749263805,0.02431000,1092.50000000,0.02372
1749263805,0.02432000,127654.60000000,0.02372
1749263805,0.02433000,23532.90000000,0.02372
1749263805,0.02434000,36199.90000000,0.02372
1749263805,0.02435000,120671.30000000,0.02372
1749263805,0.02436000,1820.00000000,0.02372
1749263805,0.02437000,3636.90000000,0.02372
1749263805,0.02438000,85908.30000000,0.02372
1749263805,0.02439000,656.10000000,0.02372
1749263805,0.02440000,91257.80000000,0.02372
1749263805,0.02441000,7001.90000000,0.02372
1749263805,0.02442000,422.60000000,0.02372
1749263805,0.02443000,3554.60000000,0.02372
1749263805,0.02444000,933.30000000,0.02372
1749263805,0.02445000,1427.20000000,0.02372
1749263805,0.02446000,1360.90000000,0.02372
1749263805,0.02447000,1451.40000000,0.02372
1749263805,0.02450000,3124.10000000,0.02372
1749263805,0.02451000,1710.00000000,0.02372
1749263805,0.02453000,42387.60000000,0.02372
1749263805,0.02454000,37633.50000000,0.02372
1749263805,0.02456000,1667.70000000,0.02372
1749263805,0.02457000,4183.80000000,0.02372
1749263805,0.02458000,25861.60000000,0.02372
1749263805,0.02459000,406.60000000,0.02372
1749263805,0.02460000,2962.40000000,0.02372
1749263805,0.02463000,621.30000000,0.02372
1749263805,0.02465000,84780.70000000,0.02372
1749263805,0.02466000,126858.30000000,0.02372
1749263805,0.02467000,6579.20000000,0.02372
1749263805,0.02468000,340.00000000,0.02372
1749263805,0.02469000,3779.00000000,0.02372
1749263805,0.02470000,101191.40000000,0.02372
1749263805,0.02472000,930.50000000,0.02372
1749263805,0.02474000,2028.70000000,0.02372
1749263805,0.02475000,2881.30000000,0.02372
1749263805,0.02476000,255.10000000,0.02372
1749263805,0.02478000,43080.00000000,0.02372
1749263805,0.02480000,17718.20000000,0.02372
1749263805,0.02481000,30119.00000000,0.02372
1749263805,0.02482000,512.90000000,0.02372
1749264107,0.02371000,82637.30000000,0.0237
1749264107,0.02372000,521072.90000000,0.0237
1749264107,0.02373000,330274.30000000,0.0237
1749264107,0.02374000,375528.00000000,0.0237
1749264107,0.02375000,626461.90000000,0.0237
1749264107,0.02376000,579195.00000000,0.0237
1749264107,0.02377000,515867.30000000,0.0237
1749264107,0.02378000,98013.00000000,0.0237
1749264107,0.02379000,441578.40000000,0.0237
1749264107,0.02380000,592668.20000000,0.0237
1749264107,0.02381000,404008.80000000,0.0237
1749264107,0.02382000,93247.50000000,0.0237
1749264107,0.02383000,87796.60000000,0.0237
1749264107,0.02384000,482420.70000000,0.0237
1749264107,0.02385000,53950.00000000,0.0237
1749264107,0.02386000,24583.60000000,0.0237
1749264107,0.02387000,24583.20000000,0.0237
1749264107,0.02388000,68408.80000000,0.0237
1749264107,0.02389000,71470.40000000,0.0237
1749264107,0.02390000,47951.20000000,0.0237
1749264107,0.02391000,69572.10000000,0.0237
1749264107,0.02392000,738.10000000,0.0237
1749264107,0.02393000,766239.70000000,0.0237
1749264107,0.02394000,72897.80000000,0.0237
1749264107,0.02395000,554894.60000000,0.0237
1749264107,0.02396000,1432.70000000,0.0237
1749264107,0.02397000,25280.90000000,0.0237
1749264107,0.02398000,737.20000000,0.0237
1749264107,0.02399000,245790.40000000,0.0237
1749264107,0.02400000,334131.90000000,0.0237
1749264107,0.02401000,49423.30000000,0.0237
1749264107,0.02402000,7440.90000000,0.0237
1749264107,0.02403000,1613.10000000,0.0237
1749264107,0.02404000,36096.00000000,0.0237
1749264107,0.02405000,70421.70000000,0.0237
1749264107,0.02406000,2092.30000000,0.0237
1749264107,0.02407000,17674.30000000,0.0237
1749264107,0.02408000,421.70000000,0.0237
1749264107,0.02409000,421.70000000,0.0237
1749264107,0.02410000,77152.70000000,0.0237
1749264107,0.02411000,934.60000000,0.0237
1749264107,0.02412000,24216.60000000,0.0237
1749264107,0.02413000,88962.90000000,0.0237
1749264107,0.02414000,421.70000000,0.0237
1749264107,0.02415000,660129.10000000,0.0237
1749264107,0.02416000,3171.60000000,0.0237
1749264107,0.02417000,93604.90000000,0.0237
1749264107,0.02418000,421.70000000,0.0237
1749264107,0.02419000,659.70000000,0.0237
1749264107,0.02420000,124468.30000000,0.0237
1749264107,0.02421000,2319.70000000,0.0237
1749264107,0.02422000,2540.90000000,0.0237
1749264107,0.02423000,37910.00000000,0.0237
1749264107,0.02424000,3497.80000000,0.0237
1749264107,0.02425000,90925.60000000,0.0237
1749264107,0.02426000,866.30000000,0.0237
1749264107,0.02427000,672.10000000,0.0237
1749264107,0.02428000,7004.10000000,0.0237
1749264107,0.02429000,27827.50000000,0.0237
1749264107,0.02430000,16025.80000000,0.0237
1749264107,0.02431000,1092.50000000,0.0237
1749264107,0.02432000,127654.60000000,0.0237
1749264107,0.02433000,23532.90000000,0.0237
1749264107,0.02434000,36199.90000000,0.0237
1749264107,0.02435000,120671.30000000,0.0237
1749264107,0.02436000,1820.00000000,0.0237
1749264107,0.02437000,3636.90000000,0.0237
1749264107,0.02438000,85908.30000000,0.0237
1749264107,0.02439000,656.10000000,0.0237
1749264107,0.02440000,91257.80000000,0.0237
1749264107,0.02441000,7001.90000000,0.0237
1749264107,0.02442000,422.60000000,0.0237
1749264107,0.02443000,3554.60000000,0.0237
1749264107,0.02444000,933.30000000,0.0237
1749264107,0.02445000,1427.20000000,0.0237
1749264107,0.02446000,1360.90000000,0.0237
1749264107,0.02447000,1029.70000000,0.0237
1749264107,0.02450000,3124.10000000,0.0237
1749264107,0.02451000,1710.00000000,0.0237
1749264107,0.02453000,42387.60000000,0.0237
1749264107,0.02454000,37633.50000000,0.0237
1749264107,0.02456000,1667.70000000,0.0237
1749264107,0.02457000,4183.80000000,0.0237
1749264107,0.02458000,25861.60000000,0.0237
1749264107,0.02459000,406.60000000,0.0237
1749264107,0.02460000,2962.40000000,0.0237
1749264107,0.02463000,621.30000000,0.0237
1749264107,0.02465000,84780.70000000,0.0237
1749264107,0.02466000,126858.30000000,0.0237
1749264107,0.02467000,6579.20000000,0.0237
1749264107,0.02468000,340.00000000,0.0237
1749264107,0.02469000,3779.00000000,0.0237
1749264107,0.02470000,101191.40000000,0.0237
1749264107,0.02472000,930.50000000,0.0237
1749264107,0.02474000,2028.70000000,0.0237
1749264107,0.02475000,2881.30000000,0.0237
1749264107,0.02476000,255.10000000,0.0237
1749264107,0.02478000,43080.00000000,0.0237
1749264107,0.02480000,17718.20000000,0.0237
1749264107,0.02481000,30119.00000000,0.0237
1749264413,0.02372000,52639.30000000,0.02371
1749264413,0.02373000,536638.30000000,0.02371
1749264413,0.02374000,306578.90000000,0.02371
1749264413,0.02375000,538630.40000000,0.02371
1749264413,0.02376000,583509.50000000,0.02371
1749264413,0.02377000,481936.20000000,0.02371
1749264413,0.02378000,201913.20000000,0.02371
1749264413,0.02379000,707434.00000000,0.02371
1749264413,0.02380000,302844.90000000,0.02371
1749264413,0.02381000,440023.70000000,0.02371
1749264413,0.02382000,412525.30000000,0.02371
1749264413,0.02383000,102475.00000000,0.02371
1749264413,0.02384000,482894.00000000,0.02371
1749264413,0.02385000,89083.60000000,0.02371
1749264413,0.02386000,93180.50000000,0.02371
1749264413,0.02387000,24583.20000000,0.02371
1749264413,0.02388000,34464.50000000,0.02371
1749264413,0.02389000,56792.00000000,0.02371
1749264413,0.02390000,47951.20000000,0.02371
1749264413,0.02391000,52573.60000000,0.02371
1749264413,0.02392000,738.10000000,0.02371
1749264413,0.02393000,738634.70000000,0.02371
1749264413,0.02394000,72897.80000000,0.02371
1749264413,0.02395000,554894.60000000,0.02371
1749264413,0.02396000,1432.70000000,0.02371
1749264413,0.02397000,61115.50000000,0.02371
1749264413,0.02398000,737.20000000,0.02371
1749264413,0.02399000,245790.40000000,0.02371
1749264413,0.02400000,334131.90000000,0.02371
1749264413,0.02401000,66642.20000000,0.02371
1749264413,0.02402000,7440.90000000,0.02371
1749264413,0.02403000,1613.10000000,0.02371
1749264413,0.02404000,421.70000000,0.02371
1749264413,0.02405000,70421.70000000,0.02371
1749264413,0.02406000,2092.30000000,0.02371
1749264413,0.02407000,421.70000000,0.02371
1749264413,0.02408000,421.70000000,0.02371
1749264413,0.02409000,421.70000000,0.02371
1749264413,0.02410000,77152.70000000,0.02371
1749264413,0.02411000,934.60000000,0.02371
1749264413,0.02412000,24216.60000000,0.02371
1749264413,0.02413000,88962.90000000,0.02371
1749264413,0.02414000,421.70000000,0.02371
1749264413,0.02415000,660129.10000000,0.02371
1749264413,0.02416000,3171.60000000,0.02371
1749264413,0.02417000,93604.90000000,0.02371
1749264413,0.02418000,421.70000000,0.02371
1749264413,0.02419000,659.70000000,0.02371
1749264413,0.02420000,124468.30000000,0.02371
1749264413,0.02421000,2319.70000000,0.02371
1749264413,0.02422000,2540.90000000,0.02371
1749264413,0.02423000,37910.00000000,0.02371
1749264413,0.02424000,3497.80000000,0.02371
1749264413,0.02425000,90925.60000000,0.02371
1749264413,0.02426000,866.30000000,0.02371
1749264413,0.02427000,672.10000000,0.02371
1749264413,0.02428000,7004.10000000,0.02371
1749264413,0.02429000,27827.50000000,0.02371
1749264413,0.02430000,16025.80000000,0.02371
1749264413,0.02431000,1092.50000000,0.02371
1749264413,0.02432000,127654.60000000,0.02371
1749264413,0.02433000,23532.90000000,0.02371
1749264413,0.02434000,36199.90000000,0.02371
1749264413,0.02435000,120671.30000000,0.02371
1749264413,0.02436000,1820.00000000,0.02371
1749264413,0.02437000,3636.90000000,0.02371
1749264413,0.02438000,85908.30000000,0.02371
1749264413,0.02439000,656.10000000,0.02371
1749264413,0.02440000,91257.80000000,0.02371
1749264413,0.02441000,7001.90000000,0.02371
1749264413,0.02442000,422.60000000,0.02371
1749264413,0.02443000,3554.60000000,0.02371
1749264413,0.02444000,933.50000000,0.02371
1749264413,0.02445000,1427.20000000,0.02371
1749264413,0.02446000,1360.90000000,0.02371
1749264413,0.02447000,1451.40000000,0.02371
1749264413,0.02450000,3124.10000000,0.02371
1749264413,0.02451000,1710.00000000,0.02371
1749264413,0.02453000,42387.60000000,0.02371
1749264413,0.02454000,37633.50000000,0.02371
1749264413,0.02456000,1667.70000000,0.02371
1749264413,0.02457000,4183.80000000,0.02371
1749264413,0.02458000,25861.60000000,0.02371
1749264413,0.02459000,406.60000000,0.02371
1749264413,0.02460000,2962.40000000,0.02371
1749264413,0.02463000,621.30000000,0.02371
1749264413,0.02465000,84780.70000000,0.02371
1749264413,0.02466000,126858.30000000,0.02371
1749264413,0.02467000,6579.20000000,0.02371
1749264413,0.02468000,340.00000000,0.02371
1749264413,0.02469000,3779.00000000,0.02371
1749264413,0.02470000,101191.40000000,0.02371
1749264413,0.02472000,930.50000000,0.02371
1749264413,0.02474000,2028.70000000,0.02371
1749264413,0.02475000,2881.30000000,0.02371
1749264413,0.02476000,255.10000000,0.02371
1749264413,0.02478000,43080.00000000,0.02371
1749264413,0.02480000,17718.20000000,0.02371
1749264413,0.02481000,30119.00000000,0.02371
1749264413,0.02482000,512.90000000,0.02371
1749264715,0.02375000,28789.30000000,0.02375
1749264715,0.02376000,556196.70000000,0.02375
1749264715,0.02377000,294426.70000000,0.02375
1749264715,0.02378000,280515.60000000,0.02375
1749264715,0.02379000,358698.50000000,0.02375
1749264715,0.02380000,691049.90000000,0.02375
1749264715,0.02381000,630572.00000000,0.02375
1749264715,0.02382000,510091.50000000,0.02375
1749264715,0.02383000,87796.60000000,0.02375
1749264715,0.02384000,778938.70000000,0.02375
1749264715,0.02385000,443762.50000000,0.02375
1749264715,0.02386000,87662.00000000,0.02375
1749264715,0.02387000,87372.30000000,0.02375
1749264715,0.02388000,93309.90000000,0.02375
1749264715,0.02389000,105342.50000000,0.02375
1749264715,0.02390000,66950.00000000,0.02375
1749264715,0.02391000,130604.40000000,0.02375
1749264715,0.02392000,738.10000000,0.02375
1749264715,0.02393000,386794.60000000,0.02375
1749264715,0.02394000,72897.80000000,0.02375
1749264715,0.02395000,554894.60000000,0.02375
1749264715,0.02396000,1432.70000000,0.02375
1749264715,0.02397000,25280.90000000,0.02375
1749264715,0.02398000,737.20000000,0.02375
1749264715,0.02399000,596593.70000000,0.02375
1749264715,0.02400000,334131.90000000,0.02375
1749264715,0.02401000,49423.30000000,0.02375
1749264715,0.02402000,31290.90000000,0.02375
1749264715,0.02403000,1613.10000000,0.02375
1749264715,0.02404000,59739.70000000,0.02375
1749264715,0.02405000,94271.70000000,0.02375
1749264715,0.02406000,2092.30000000,0.02375
1749264715,0.02407000,17711.50000000,0.02375
1749264715,0.02408000,421.70000000,0.02375
1749264715,0.02409000,421.70000000,0.02375
1749264715,0.02410000,77152.70000000,0.02375
1749264715,0.02411000,934.60000000,0.02375
1749264715,0.02412000,24216.60000000,0.02375
1749264715,0.02413000,88962.90000000,0.02375
1749264715,0.02414000,421.70000000,0.02375
1749264715,0.02415000,62000.90000000,0.02375
1749264715,0.02416000,3171.60000000,0.02375
1749264715,0.02417000,93273.90000000,0.02375
1749264715,0.02418000,421.70000000,0.02375
1749264715,0.02419000,659.70000000,0.02375
1749264715,0.02420000,124468.30000000,0.02375
1749264715,0.02421000,598685.40000000,0.02375
1749264715,0.02422000,2540.90000000,0.02375
1749264715,0.02423000,37910.00000000,0.02375
1749264715,0.02424000,3497.80000000,0.02375
1749264715,0.02425000,90925.60000000,0.02375
1749264715,0.02426000,866.30000000,0.02375
1749264715,0.02427000,672.10000000,0.02375
1749264715,0.02428000,7004.10000000,0.02375
1749264715,0.02429000,27827.50000000,0.02375
1749264715,0.02430000,16025.80000000,0.02375
1749264715,0.02431000,1092.50000000,0.02375
1749264715,0.02432000,127654.60000000,0.02375
1749264715,0.02433000,23532.90000000,0.02375
1749264715,0.02434000,36199.90000000,0.02375
1749264715,0.02435000,120671.30000000,0.02375
1749264715,0.02436000,1820.00000000,0.02375
1749264715,0.02437000,3267.60000000,0.02375
1749264715,0.02438000,85908.30000000,0.02375
1749264715,0.02439000,656.10000000,0.02375
1749264715,0.02440000,91257.80000000,0.02375
1749264715,0.02441000,7001.90000000,0.02375
1749264715,0.02442000,422.60000000,0.02375
1749264715,0.02443000,3554.60000000,0.02375
1749264715,0.02444000,933.50000000,0.02375
1749264715,0.02445000,1427.20000000,0.02375
1749264715,0.02446000,1360.90000000,0.02375
1749264715,0.02447000,1451.40000000,0.02375
1749264715,0.02448000,421.50000000,0.02375
1749264715,0.02449000,421.30000000,0.02375
1749264715,0.02450000,3545.20000000,0.02375
1749264715,0.02451000,1710.00000000,0.02375
1749264715,0.02453000,42387.60000000,0.02375
1749264715,0.02454000,37633.50000000,0.02375
1749264715,0.02456000,1667.70000000,0.02375
1749264715,0.02457000,4183.80000000,0.02375
1749264715,0.02458000,25861.60000000,0.02375
1749264715,0.02459000,406.60000000,0.02375
1749264715,0.02460000,2962.40000000,0.02375
1749264715,0.02463000,621.30000000,0.02375
1749264715,0.02465000,84375.00000000,0.02375
1749264715,0.02466000,126858.30000000,0.02375
1749264715,0.02467000,6579.20000000,0.02375
1749264715,0.02468000,340.00000000,0.02375
1749264715,0.02469000,3779.00000000,0.02375
1749264715,0.02470000,101191.40000000,0.02375
1749264715,0.02472000,930.50000000,0.02375
1749264715,0.02474000,2028.70000000,0.02375
1749264715,0.02475000,2881.30000000,0.02375
1749264715,0.02476000,255.10000000,0.02375
1749264715,0.02478000,43080.00000000,0.02375
1749264715,0.02480000,17718.20000000,0.02375
1749264715,0.02481000,30119.00000000,0.02375
1749264715,0.02482000,512.90000000,0.02375
1749264715,0.02483000,1191.40000000,0.02375
1749265017,0.02382000,106235.60000000,0.02381
1749265017,0.02383000,488083.20000000,0.02381
1749265017,0.02384000,159915.70000000,0.02381
1749265017,0.02385000,379801.80000000,0.02381
1749265017,0.02386000,315332.50000000,0.02381
1749265017,0.02387000,462962.50000000,0.02381
1749265017,0.02388000,422694.80000000,0.02381
1749265017,0.02389000,133409.60000000,0.02381
1749265017,0.02390000,94133.50000000,0.02381
1749265017,0.02391000,441656.40000000,0.02381
1749265017,0.02392000,848135.50000000,0.02381
1749265017,0.02393000,431193.20000000,0.02381
1749265017,0.02394000,135475.80000000,0.02381
1749265017,0.02395000,561160.30000000,0.02381
1749265017,0.02396000,44976.00000000,0.02381
1749265017,0.02397000,62254.80000000,0.02381
1749265017,0.02398000,107519.20000000,0.02381
1749265017,0.02399000,420966.80000000,0.02381
1749265017,0.02400000,338355.70000000,0.02381
1749265017,0.02401000,27855.40000000,0.02381
1749265017,0.02402000,48899.30000000,0.02381
1749265017,0.02403000,1928.00000000,0.02381
1749265017,0.02404000,24271.70000000,0.02381
1749265017,0.02405000,444044.30000000,0.02381
1749265017,0.02406000,2092.30000000,0.02381
1749265017,0.02407000,24271.70000000,0.02381
1749265017,0.02408000,421.70000000,0.02381
1749265017,0.02409000,245314.10000000,0.02381
1749265017,0.02410000,101002.70000000,0.02381
1749265017,0.02411000,36256.10000000,0.02381
1749265017,0.02412000,24216.60000000,0.02381
1749265017,0.02413000,24962.90000000,0.02381
1749265017,0.02414000,421.70000000,0.02381
1749265017,0.02415000,83883.90000000,0.02381
1749265017,0.02416000,3171.60000000,0.02381
1749265017,0.02417000,93273.90000000,0.02381
1749265017,0.02418000,421.70000000,0.02381
1749265017,0.02419000,659.70000000,0.02381
1749265017,0.02420000,205896.70000000,0.02381
1749265017,0.02421000,2319.70000000,0.02381
1749265017,0.02422000,2540.90000000,0.02381
1749265017,0.02423000,37910.00000000,0.02381
1749265017,0.02424000,3497.80000000,0.02381
1749265017,0.02425000,90925.60000000,0.02381
1749265017,0.02426000,866.30000000,0.02381
1749265017,0.02427000,595285.60000000,0.02381
1749265017,0.02428000,7004.10000000,0.02381
1749265017,0.02429000,27827.50000000,0.02381
1749265017,0.02430000,16025.80000000,0.02381
1749265017,0.02431000,1092.50000000,0.02381
1749265017,0.02432000,77813.50000000,0.02381
1749265017,0.02433000,23532.90000000,0.02381
1749265017,0.02434000,36199.90000000,0.02381
1749265017,0.02435000,120671.30000000,0.02381
1749265017,0.02436000,1820.00000000,0.02381
1749265017,0.02437000,3267.60000000,0.02381
1749265017,0.02438000,85908.30000000,0.02381
1749265017,0.02439000,50497.20000000,0.02381
1749265017,0.02440000,91257.80000000,0.02381
1749265017,0.02441000,7001.90000000,0.02381
1749265017,0.02442000,422.60000000,0.02381
1749265017,0.02443000,3554.60000000,0.02381
1749265017,0.02444000,933.50000000,0.02381
1749265017,0.02445000,1427.20000000,0.02381
1749265017,0.02446000,1360.90000000,0.02381
1749265017,0.02447000,1451.40000000,0.02381
1749265017,0.02448000,421.50000000,0.02381
1749265017,0.02449000,421.30000000,0.02381
1749265017,0.02450000,3545.20000000,0.02381
1749265017,0.02451000,2130.90000000,0.02381
1749265017,0.02452000,420.80000000,0.02381
1749265017,0.02453000,877.20000000,0.02381
1749265017,0.02454000,38053.90000000,0.02381
1749265017,0.02455000,420.20000000,0.02381
1749265017,0.02456000,2087.80000000,0.02381
1749265017,0.02457000,4603.70000000,0.02381
1749265017,0.02458000,25861.60000000,0.02381
1749265017,0.02459000,406.60000000,0.02381
1749265017,0.02460000,44893.40000000,0.02381
1749265017,0.02463000,621.30000000,0.02381
1749265017,0.02465000,84375.00000000,0.02381
1749265017,0.02466000,126858.30000000,0.02381
1749265017,0.02467000,6579.20000000,0.02381
1749265017,0.02468000,340.00000000,0.02381
1749265017,0.02469000,3779.00000000,0.02381
1749265017,0.02470000,101191.40000000,0.02381
1749265017,0.02472000,930.50000000,0.02381
1749265017,0.02474000,2028.70000000,0.02381
1749265017,0.02475000,2881.30000000,0.02381
1749265017,0.02476000,255.10000000,0.02381
1749265017,0.02478000,1301.90000000,0.02381
1749265017,0.02480000,17718.20000000,0.02381
1749265017,0.02481000,30119.00000000,0.02381
1749265017,0.02482000,512.90000000,0.02381
1749265017,0.02483000,1191.40000000,0.02381
1749265017,0.02485000,42269.20000000,0.02381
1749265017,0.02487000,406.10000000,0.02381
1749265017,0.02488000,258.40000000,0.02381
1749265017,0.02489000,72186.30000000,0.02381
1749265017,0.02490000,6849.40000000,0.02381
1749265318,0.02379000,43859.00000000,0.02379
1749265318,0.02380000,639757.20000000,0.02379
1749265318,0.02381000,288067.80000000,0.02379
1749265318,0.02382000,252651.60000000,0.02379
1749265318,0.02383000,389237.90000000,0.02379
1749265318,0.02384000,552599.10000000,0.02379
1749265318,0.02385000,481113.50000000,0.02379
1749265318,0.02386000,105733.10000000,0.02379
1749265318,0.02387000,437875.20000000,0.02379
1749265318,0.02388000,514391.50000000,0.02379
1749265318,0.02389000,115101.40000000,0.02379
1749265318,0.02390000,409922.50000000,0.02379
1749265318,0.02391000,87967.10000000,0.02379
1749265318,0.02392000,477830.90000000,0.02379
1749265318,0.02393000,134819.00000000,0.02379
1749265318,0.02394000,116110.80000000,0.02379
1749265318,0.02395000,561160.30000000,0.02379
1749265318,0.02396000,25282.70000000,0.02379
1749265318,0.02397000,52885.90000000,0.02379
1749265318,0.02398000,92840.80000000,0.02379
1749265318,0.02399000,387270.10000000,0.02379
1749265318,0.02400000,338355.70000000,0.02379
1749265318,0.02401000,27855.40000000,0.02379
1749265318,0.02402000,48899.30000000,0.02379
1749265318,0.02403000,1928.00000000,0.02379
1749265318,0.02404000,24271.70000000,0.02379
1749265318,0.02405000,444044.30000000,0.02379
1749265318,0.02406000,2092.30000000,0.02379
1749265318,0.02407000,421.70000000,0.02379
1749265318,0.02408000,421.70000000,0.02379
1749265318,0.02409000,221464.10000000,0.02379
1749265318,0.02410000,77152.70000000,0.02379
1749265318,0.02411000,36256.10000000,0.02379
1749265318,0.02412000,24216.60000000,0.02379
1749265318,0.02413000,24962.90000000,0.02379
1749265318,0.02414000,421.70000000,0.02379
1749265318,0.02415000,83883.90000000,0.02379
1749265318,0.02416000,3171.60000000,0.02379
1749265318,0.02417000,93273.90000000,0.02379
1749265318,0.02418000,421.70000000,0.02379
1749265318,0.02419000,659.70000000,0.02379
1749265318,0.02420000,205579.30000000,0.02379
1749265318,0.02421000,2319.70000000,0.02379
1749265318,0.02422000,2540.90000000,0.02379
1749265318,0.02423000,37910.00000000,0.02379
1749265318,0.02424000,3497.80000000,0.02379
1749265318,0.02425000,90925.60000000,0.02379
1749265318,0.02426000,866.30000000,0.02379
1749265318,0.02427000,595285.60000000,0.02379
1749265318,0.02428000,7004.10000000,0.02379
1749265318,0.02429000,27827.50000000,0.02379
1749265318,0.02430000,16025.80000000,0.02379
1749265318,0.02431000,1092.50000000,0.02379
1749265318,0.02432000,77813.50000000,0.02379
1749265318,0.02433000,23532.90000000,0.02379
1749265318,0.02434000,36199.90000000,0.02379
1749265318,0.02435000,120671.30000000,0.02379
1749265318,0.02436000,1820.00000000,0.02379
1749265318,0.02437000,3267.60000000,0.02379
1749265318,0.02438000,85908.30000000,0.02379
1749265318,0.02439000,50497.20000000,0.02379
1749265318,0.02440000,91257.80000000,0.02379
1749265318,0.02441000,7001.90000000,0.02379
1749265318,0.02442000,422.60000000,0.02379
1749265318,0.02443000,3554.60000000,0.02379
1749265318,0.02444000,933.50000000,0.02379
1749265318,0.02445000,1427.20000000,0.02379
1749265318,0.02446000,1360.90000000,0.02379
1749265318,0.02447000,1451.40000000,0.02379
1749265318,0.02448000,421.50000000,0.02379
1749265318,0.02449000,421.30000000,0.02379
1749265318,0.02450000,3545.20000000,0.02379
1749265318,0.02451000,2130.90000000,0.02379
1749265318,0.02452000,420.80000000,0.02379
1749265318,0.02453000,877.20000000,0.02379
1749265318,0.02454000,38053.90000000,0.02379
1749265318,0.02456000,1667.70000000,0.02379
1749265318,0.02457000,4183.80000000,0.02379
1749265318,0.02458000,25861.60000000,0.02379
1749265318,0.02459000,406.60000000,0.02379
1749265318,0.02460000,44893.40000000,0.02379
1749265318,0.02463000,621.30000000,0.02379
1749265318,0.02465000,84375.00000000,0.02379
1749265318,0.02466000,126858.30000000,0.02379
1749265318,0.02467000,6579.20000000,0.02379
1749265318,0.02468000,340.00000000,0.02379
1749265318,0.02469000,3779.00000000,0.02379
1749265318,0.02470000,101191.40000000,0.02379
1749265318,0.02472000,930.50000000,0.02379
1749265318,0.02474000,2028.70000000,0.02379
1749265318,0.02475000,2881.30000000,0.02379
1749265318,0.02476000,255.10000000,0.02379
1749265318,0.02478000,1301.90000000,0.02379
1749265318,0.02480000,17718.20000000,0.02379
1749265318,0.02481000,30119.00000000,0.02379
1749265318,0.02482000,512.90000000,0.02379
1749265318,0.02483000,1191.40000000,0.02379
1749265318,0.02485000,42269.20000000,0.02379
1749265318,0.02487000,406.10000000,0.02379
1749265318,0.02488000,258.40000000,0.02379
1749265620,0.02384000,69861.90000000,0.02384
1749265620,0.02385000,497959.40000000,0.02384
1749265620,0.02386000,378422.10000000,0.02384
1749265620,0.02387000,456628.80000000,0.02384
1749265620,0.02388000,434344.50000000,0.02384
1749265620,0.02389000,346359.80000000,0.02384
1749265620,0.02390000,381695.50000000,0.02384
1749265620,0.02391000,452139.40000000,0.02384
1749265620,0.02392000,87507.40000000,0.02384
1749265620,0.02393000,753536.00000000,0.02384
1749265620,0.02394000,461265.90000000,0.02384
1749265620,0.02395000,623974.20000000,0.02384
1749265620,0.02396000,463532.10000000,0.02384
1749265620,0.02397000,67882.70000000,0.02384
1749265620,0.02398000,87139.00000000,0.02384
1749265620,0.02399000,406928.80000000,0.02384
1749265620,0.02400000,348767.60000000,0.02384
1749265620,0.02401000,61524.10000000,0.02384
1749265620,0.02402000,48899.30000000,0.02384
1749265620,0.02403000,93889.60000000,0.02384
1749265620,0.02404000,52191.40000000,0.02384
1749265620,0.02405000,444358.90000000,0.02384
1749265620,0.02406000,2092.30000000,0.02384
1749265620,0.02407000,421.70000000,0.02384
1749265620,0.02408000,24271.70000000,0.02384
1749265620,0.02409000,245314.10000000,0.02384
1749265620,0.02410000,101002.70000000,0.02384
1749265620,0.02411000,60106.10000000,0.02384
1749265620,0.02412000,48066.60000000,0.02384
1749265620,0.02413000,20229.90000000,0.02384
1749265620,0.02414000,421.70000000,0.02384
1749265620,0.02415000,83883.90000000,0.02384
1749265620,0.02416000,3171.60000000,0.02384
1749265620,0.02417000,2186.60000000,0.02384
1749265620,0.02418000,421.70000000,0.02384
1749265620,0.02419000,659.70000000,0.02384
1749265620,0.02420000,128883.90000000,0.02384
1749265620,0.02421000,2319.70000000,0.02384
1749265620,0.02422000,2540.90000000,0.02384
1749265620,0.02423000,766.00000000,0.02384
1749265620,0.02424000,3497.80000000,0.02384
1749265620,0.02425000,90925.60000000,0.02384
1749265620,0.02426000,866.30000000,0.02384
1749265620,0.02427000,676714.00000000,0.02384
1749265620,0.02428000,7004.10000000,0.02384
1749265620,0.02429000,27827.50000000,0.02384
1749265620,0.02430000,16025.80000000,0.02384
1749265620,0.02431000,38236.50000000,0.02384
1749265620,0.02432000,168900.80000000,0.02384
1749265620,0.02433000,23532.90000000,0.02384
1749265620,0.02434000,36199.90000000,0.02384
1749265620,0.02435000,120671.30000000,0.02384
1749265620,0.02436000,1820.00000000,0.02384
1749265620,0.02437000,3267.60000000,0.02384
1749265620,0.02438000,85908.30000000,0.02384
1749265620,0.02439000,656.10000000,0.02384
1749265620,0.02440000,91257.80000000,0.02384
1749265620,0.02441000,7001.90000000,0.02384
1749265620,0.02442000,422.60000000,0.02384
1749265620,0.02443000,3554.60000000,0.02384
1749265620,0.02444000,933.50000000,0.02384
1749265620,0.02445000,1427.20000000,0.02384
1749265620,0.02446000,1360.90000000,0.02384
1749265620,0.02447000,51292.50000000,0.02384
1749265620,0.02448000,421.50000000,0.02384
1749265620,0.02449000,421.30000000,0.02384
1749265620,0.02450000,3545.20000000,0.02384
1749265620,0.02451000,2130.90000000,0.02384
1749265620,0.02452000,420.80000000,0.02384
1749265620,0.02453000,877.20000000,0.02384
1749265620,0.02454000,38053.90000000,0.02384
1749265620,0.02455000,420.20000000,0.02384
1749265620,0.02456000,2087.60000000,0.02384
1749265620,0.02457000,4603.70000000,0.02384
1749265620,0.02458000,26281.30000000,0.02384
1749265620,0.02459000,826.10000000,0.02384
1749265620,0.02460000,2962.40000000,0.02384
1749265620,0.02463000,621.30000000,0.02384
1749265620,0.02465000,84375.00000000,0.02384
1749265620,0.02466000,126858.30000000,0.02384
1749265620,0.02467000,6579.20000000,0.02384
1749265620,0.02468000,42271.00000000,0.02384
1749265620,0.02469000,3779.00000000,0.02384
1749265620,0.02470000,101191.40000000,0.02384
1749265620,0.02472000,930.50000000,0.02384
1749265620,0.02474000,2028.70000000,0.02384
1749265620,0.02475000,2881.30000000,0.02384
1749265620,0.02476000,255.10000000,0.02384
1749265620,0.02478000,1301.90000000,0.02384
1749265620,0.02480000,17718.20000000,0.02384
1749265620,0.02481000,30119.00000000,0.02384
1749265620,0.02482000,512.90000000,0.02384
1749265620,0.02483000,1191.40000000,0.02384
1749265620,0.02485000,42269.20000000,0.02384
1749265620,0.02487000,406.10000000,0.02384
1749265620,0.02488000,258.40000000,0.02384
1749265620,0.02489000,72186.30000000,0.02384
1749265620,0.02490000,6849.40000000,0.02384
1749265620,0.02491000,1042.90000000,0.02384
1749265620,0.02492000,3496.10000000,0.02384
1749265922,0.02387000,70308.90000000,0.02387
1749265922,0.02388000,562795.20000000,0.02387
1749265922,0.02389000,352295.20000000,0.02387
1749265922,0.02390000,289189.50000000,0.02387
1749265922,0.02391000,511823.10000000,0.02387
1749265922,0.02392000,726008.90000000,0.02387
1749265922,0.02393000,536140.70000000,0.02387
1749265922,0.02394000,461221.50000000,0.02387
1749265922,0.02395000,939763.20000000,0.02387
1749265922,0.02396000,463846.50000000,0.02387
1749265922,0.02397000,57011.90000000,0.02387
1749265922,0.02398000,87112.70000000,0.02387
1749265922,0.02399000,107221.40000000,0.02387
1749265922,0.02400000,339168.30000000,0.02387
1749265922,0.02401000,42533.80000000,0.02387
1749265922,0.02402000,48899.30000000,0.02387
1749265922,0.02403000,103371.30000000,0.02387
1749265922,0.02404000,52191.40000000,0.02387
1749265922,0.02405000,840158.80000000,0.02387
1749265922,0.02406000,2406.70000000,0.02387
1749265922,0.02407000,736.00000000,0.02387
1749265922,0.02408000,24271.70000000,0.02387
1749265922,0.02409000,245314.10000000,0.02387
1749265922,0.02410000,101002.70000000,0.02387
1749265922,0.02411000,24784.60000000,0.02387
1749265922,0.02412000,48066.60000000,0.02387
1749265922,0.02413000,26651.50000000,0.02387
1749265922,0.02414000,421.70000000,0.02387
1749265922,0.02415000,107733.90000000,0.02387
1749265922,0.02416000,3171.60000000,0.02387
1749265922,0.02417000,61593.10000000,0.02387
1749265922,0.02418000,421.70000000,0.02387
1749265922,0.02419000,18177.90000000,0.02387
1749265922,0.02420000,128883.90000000,0.02387
1749265922,0.02421000,2319.70000000,0.02387
1749265922,0.02422000,2540.90000000,0.02387
1749265922,0.02423000,766.00000000,0.02387
1749265922,0.02424000,3497.80000000,0.02387
1749265922,0.02425000,90925.60000000,0.02387
1749265922,0.02426000,866.30000000,0.02387
1749265922,0.02427000,676714.00000000,0.02387
1749265922,0.02428000,7004.10000000,0.02387
1749265922,0.02429000,27827.50000000,0.02387
1749265922,0.02430000,16025.80000000,0.02387
1749265922,0.02431000,38236.50000000,0.02387
1749265922,0.02432000,168900.80000000,0.02387
1749265922,0.02433000,23532.90000000,0.02387
1749265922,0.02434000,36199.90000000,0.02387
1749265922,0.02435000,120671.30000000,0.02387
1749265922,0.02436000,1820.00000000,0.02387
1749265922,0.02437000,3267.60000000,0.02387
1749265922,0.02438000,85908.30000000,0.02387
1749265922,0.02439000,656.10000000,0.02387
1749265922,0.02440000,91257.80000000,0.02387
1749265922,0.02441000,7001.90000000,0.02387
1749265922,0.02442000,422.60000000,0.02387
1749265922,0.02443000,3554.60000000,0.02387
1749265922,0.02444000,933.50000000,0.02387
1749265922,0.02445000,1427.20000000,0.02387
1749265922,0.02446000,1360.90000000,0.02387
1749265922,0.02447000,51292.50000000,0.02387
1749265922,0.02448000,421.50000000,0.02387
1749265922,0.02449000,421.30000000,0.02387
1749265922,0.02450000,3545.20000000,0.02387
1749265922,0.02451000,2130.90000000,0.02387
1749265922,0.02452000,420.80000000,0.02387
1749265922,0.02453000,877.20000000,0.02387
1749265922,0.02454000,38053.90000000,0.02387
1749265922,0.02455000,420.20000000,0.02387
1749265922,0.02456000,2087.60000000,0.02387
1749265922,0.02457000,4603.70000000,0.02387
1749265922,0.02458000,26281.30000000,0.02387
1749265922,0.02459000,826.10000000,0.02387
1749265922,0.02460000,3381.80000000,0.02387
1749265922,0.02461000,419.20000000,0.02387
1749265922,0.02462000,419.00000000,0.02387
1749265922,0.02463000,621.30000000,0.02387
1749265922,0.02465000,84375.00000000,0.02387
1749265922,0.02466000,126858.30000000,0.02387
1749265922,0.02467000,6579.20000000,0.02387
1749265922,0.02468000,42271.00000000,0.02387
1749265922,0.02469000,3779.00000000,0.02387
1749265922,0.02470000,101191.40000000,0.02387
1749265922,0.02472000,930.50000000,0.02387
1749265922,0.02474000,2028.70000000,0.02387
1749265922,0.02475000,2881.30000000,0.02387
1749265922,0.02476000,255.10000000,0.02387
1749265922,0.02478000,1301.90000000,0.02387
1749265922,0.02480000,17718.20000000,0.02387
1749265922,0.02481000,30119.00000000,0.02387
1749265922,0.02482000,512.90000000,0.02387
1749265922,0.02483000,1191.40000000,0.02387
1749265922,0.02485000,42269.20000000,0.02387
1749265922,0.02487000,406.10000000,0.02387
1749265922,0.02488000,258.40000000,0.02387
1749265922,0.02489000,72186.30000000,0.02387
1749265922,0.02490000,6849.40000000,0.02387
1749265922,0.02491000,1042.90000000,0.02387
1749265922,0.02492000,3496.10000000,0.02387
1749265922,0.02494000,7456.40000000,0.02387
1749266223,0.02390000,83877.20000000,0.0239
1749266223,0.02391000,532901.10000000,0.0239
1749266223,0.02392000,312055.00000000,0.0239
1749266223,0.02393000,427277.40000000,0.0239
1749266223,0.02394000,581798.00000000,0.0239
1749266223,0.02395000,897528.00000000,0.0239
1749266223,0.02396000,535175.60000000,0.0239
1749266223,0.02397000,190208.30000000,0.0239
1749266223,0.02398000,87426.90000000,0.0239
1749266223,0.02399000,753853.00000000,0.0239
1749266223,0.02400000,1102414.00000000,0.0239
1749266223,0.02401000,133165.70000000,0.0239
1749266223,0.02402000,57533.20000000,0.0239
1749266223,0.02403000,88172.60000000,0.0239
1749266223,0.02404000,114586.00000000,0.0239
1749266223,0.02405000,456793.00000000,0.0239
1749266223,0.02406000,12002.10000000,0.0239
1749266223,0.02407000,34277.00000000,0.0239
1749266223,0.02408000,24585.90000000,0.0239
1749266223,0.02409000,24585.80000000,0.0239
1749266223,0.02410000,123259.60000000,0.0239
1749266223,0.02411000,374431.30000000,0.0239
1749266223,0.02412000,48066.60000000,0.0239
1749266223,0.02413000,26651.50000000,0.0239
1749266223,0.02414000,84814.70000000,0.0239
1749266223,0.02415000,107733.90000000,0.0239
1749266223,0.02416000,3171.60000000,0.0239
1749266223,0.02417000,61593.10000000,0.0239
1749266223,0.02418000,421.70000000,0.0239
1749266223,0.02419000,263070.30000000,0.0239
1749266223,0.02420000,152733.90000000,0.0239
1749266223,0.02421000,2319.70000000,0.0239
1749266223,0.02422000,2540.90000000,0.0239
1749266223,0.02423000,24616.00000000,0.0239
1749266223,0.02424000,3497.80000000,0.0239
1749266223,0.02425000,90925.60000000,0.0239
1749266223,0.02426000,866.30000000,0.0239
1749266223,0.02427000,672.10000000,0.0239
1749266223,0.02428000,7004.10000000,0.0239
1749266223,0.02429000,27827.50000000,0.0239
1749266223,0.02430000,16025.80000000,0.0239
1749266223,0.02431000,38236.50000000,0.0239
1749266223,0.02432000,168900.80000000,0.0239
1749266223,0.02433000,617398.60000000,0.0239
1749266223,0.02434000,117628.30000000,0.0239
1749266223,0.02435000,70936.70000000,0.0239
1749266223,0.02436000,1820.00000000,0.0239
1749266223,0.02437000,3267.60000000,0.0239
1749266223,0.02438000,85908.30000000,0.0239
1749266223,0.02439000,656.10000000,0.0239
1749266223,0.02440000,91257.80000000,0.0239
1749266223,0.02441000,7001.90000000,0.0239
1749266223,0.02442000,422.60000000,0.0239
1749266223,0.02443000,3554.60000000,0.0239
1749266223,0.02444000,933.50000000,0.0239
1749266223,0.02445000,1427.20000000,0.0239
1749266223,0.02446000,1360.90000000,0.0239
1749266223,0.02447000,51292.50000000,0.0239
1749266223,0.02448000,421.50000000,0.0239
1749266223,0.02449000,421.30000000,0.0239
1749266223,0.02450000,3545.20000000,0.0239
1749266223,0.02451000,2130.90000000,0.0239
1749266223,0.02452000,420.80000000,0.0239
1749266223,0.02453000,877.20000000,0.0239
1749266223,0.02454000,6999.60000000,0.0239
1749266223,0.02455000,420.20000000,0.0239
1749266223,0.02456000,51822.20000000,0.0239
1749266223,0.02457000,4603.70000000,0.0239
1749266223,0.02458000,26281.30000000,0.0239
1749266223,0.02459000,826.10000000,0.0239
1749266223,0.02460000,3381.80000000,0.0239
1749266223,0.02461000,419.20000000,0.0239
1749266223,0.02462000,419.00000000,0.0239
1749266223,0.02463000,1040.10000000,0.0239
1749266223,0.02464000,418.70000000,0.0239
1749266223,0.02465000,84793.70000000,0.0239
1749266223,0.02466000,126858.30000000,0.0239
1749266223,0.02467000,37633.50000000,0.0239
1749266223,0.02468000,340.00000000,0.0239
1749266223,0.02469000,3779.00000000,0.0239
1749266223,0.02470000,101191.40000000,0.0239
1749266223,0.02472000,930.50000000,0.0239
1749266223,0.02474000,2028.70000000,0.0239
1749266223,0.02475000,44812.30000000,0.0239
1749266223,0.02476000,255.10000000,0.0239
1749266223,0.02478000,1301.90000000,0.0239
1749266223,0.02480000,17718.20000000,0.0239
1749266223,0.02481000,30119.00000000,0.0239
1749266223,0.02482000,512.90000000,0.0239
1749266223,0.02483000,1191.40000000,0.0239
1749266223,0.02485000,491.10000000,0.0239
1749266223,0.02487000,406.10000000,0.0239
1749266223,0.02488000,258.40000000,0.0239
1749266223,0.02489000,72186.30000000,0.0239
1749266223,0.02490000,6849.40000000,0.0239
1749266223,0.02491000,1042.90000000,0.0239
1749266223,0.02492000,45274.20000000,0.0239
1749266223,0.02494000,7456.40000000,0.0239
1749266223,0.02495000,125000.00000000,0.0239
1749266223,0.02496000,1591.90000000,0.0239
1749266525,0.02384000,243980.30000000,0.02384
1749266525,0.02385000,555578.00000000,0.02384
1749266525,0.02386000,259352.60000000,0.02384
1749266525,0.02387000,378547.90000000,0.02384
1749266525,0.02388000,628432.80000000,0.02384
1749266525,0.02389000,429577.70000000,0.02384
1749266525,0.02390000,403090.70000000,0.02384
1749266525,0.02391000,212798.20000000,0.02384
1749266525,0.02392000,158669.70000000,0.02384
1749266525,0.02393000,671665.10000000,0.02384
1749266525,0.02394000,465183.40000000,0.02384
1749266525,0.02395000,968710.00000000,0.02384
1749266525,0.02396000,93443.10000000,0.02384
1749266525,0.02397000,115913.20000000,0.02384
1749266525,0.02398000,58597.50000000,0.02384
1749266525,0.02399000,44959.80000000,0.02384
1749266525,0.02400000,772614.90000000,0.02384
1749266525,0.02401000,42847.70000000,0.02384
1749266525,0.02402000,32307.60000000,0.02384
1749266525,0.02403000,25778.00000000,0.02384
1749266525,0.02404000,52191.40000000,0.02384
1749266525,0.02405000,456793.00000000,0.02384
1749266525,0.02406000,2406.70000000,0.02384
1749266525,0.02407000,736.00000000,0.02384
1749266525,0.02408000,24585.90000000,0.02384
1749266525,0.02409000,92776.90000000,0.02384
1749266525,0.02410000,123259.60000000,0.02384
1749266525,0.02411000,374431.30000000,0.02384
1749266525,0.02412000,48066.60000000,0.02384
1749266525,0.02413000,26651.50000000,0.02384
1749266525,0.02414000,17013.40000000,0.02384
1749266525,0.02415000,83883.90000000,0.02384
1749266525,0.02416000,3171.60000000,0.02384
1749266525,0.02417000,37743.10000000,0.02384
1749266525,0.02418000,421.70000000,0.02384
1749266525,0.02419000,239220.30000000,0.02384
1749266525,0.02420000,143538.90000000,0.02384
1749266525,0.02421000,2319.70000000,0.02384
1749266525,0.02422000,2540.90000000,0.02384
1749266525,0.02423000,1604.10000000,0.02384
1749266525,0.02424000,3497.80000000,0.02384
1749266525,0.02425000,90925.60000000,0.02384
1749266525,0.02426000,866.30000000,0.02384
1749266525,0.02427000,672.10000000,0.02384
1749266525,0.02428000,7004.10000000,0.02384
1749266525,0.02429000,27827.50000000,0.02384
1749266525,0.02430000,16025.80000000,0.02384
1749266525,0.02431000,38236.50000000,0.02384
1749266525,0.02432000,168900.80000000,0.02384
1749266525,0.02433000,617398.60000000,0.02384
1749266525,0.02434000,117628.30000000,0.02384
1749266525,0.02435000,70936.70000000,0.02384
1749266525,0.02436000,1820.00000000,0.02384
1749266525,0.02437000,3267.60000000,0.02384
1749266525,0.02438000,85908.30000000,0.02384
1749266525,0.02439000,656.10000000,0.02384
1749266525,0.02440000,91257.80000000,0.02384
1749266525,0.02441000,7001.90000000,0.02384
1749266525,0.02442000,422.60000000,0.02384
1749266525,0.02443000,3554.60000000,0.02384
1749266525,0.02444000,933.50000000,0.02384
1749266525,0.02445000,1427.20000000,0.02384
1749266525,0.02446000,1360.90000000,0.02384
1749266525,0.02447000,51292.50000000,0.02384
1749266525,0.02448000,421.50000000,0.02384
1749266525,0.02449000,421.30000000,0.02384
1749266525,0.02450000,3545.20000000,0.02384
1749266525,0.02451000,2130.90000000,0.02384
1749266525,0.02452000,420.80000000,0.02384
1749266525,0.02453000,877.20000000,0.02384
1749266525,0.02454000,6999.60000000,0.02384
1749266525,0.02455000,420.20000000,0.02384
1749266525,0.02456000,51822.20000000,0.02384
1749266525,0.02457000,4929.30000000,0.02384
1749266525,0.02458000,26281.30000000,0.02384
1749266525,0.02459000,826.10000000,0.02384
1749266525,0.02460000,2962.40000000,0.02384
1749266525,0.02463000,621.30000000,0.02384
1749266525,0.02465000,84375.00000000,0.02384
1749266525,0.02466000,126858.30000000,0.02384
1749266525,0.02467000,37633.50000000,0.02384
1749266525,0.02468000,42271.00000000,0.02384
1749266525,0.02469000,3779.00000000,0.02384
1749266525,0.02470000,101191.40000000,0.02384
1749266525,0.02472000,930.50000000,0.02384
1749266525,0.02474000,2028.70000000,0.02384
1749266525,0.02475000,2881.30000000,0.02384
1749266525,0.02476000,255.10000000,0.02384
1749266525,0.02478000,1301.90000000,0.02384
1749266525,0.02480000,17718.20000000,0.02384
1749266525,0.02481000,30119.00000000,0.02384
1749266525,0.02482000,512.90000000,0.02384
1749266525,0.02483000,1191.40000000,0.02384
1749266525,0.02485000,491.10000000,0.02384
1749266525,0.02487000,406.10000000,0.02384
1749266525,0.02488000,258.40000000,0.02384
1749266525,0.02489000,72186.30000000,0.02384
1749266525,0.02490000,6849.40000000,0.02384
1749266525,0.02491000,1042.90000000,0.02384
1749266525,0.02492000,45274.20000000,0.02384
1749266826,0.02390000,69818.70000000,0.02389
1749266826,0.02391000,485798.40000000,0.02389
1749266826,0.02392000,263899.70000000,0.02389
1749266826,0.02393000,501176.40000000,0.02389
1749266826,0.02394000,525285.30000000,0.02389
1749266826,0.02395000,460542.50000000,0.02389
1749266826,0.02396000,500304.70000000,0.02389
1749266826,0.02397000,528597.20000000,0.02389
1749266826,0.02398000,87348.30000000,0.02389
1749266826,0.02399000,841915.20000000,0.02389
1749266826,0.02400000,708006.30000000,0.02389
1749266826,0.02401000,118409.00000000,0.02389
1749266826,0.02402000,32621.30000000,0.02389
1749266826,0.02403000,93937.50000000,0.02389
1749266826,0.02404000,24586.40000000,0.02389
1749266826,0.02405000,114045.30000000,0.02389
1749266826,0.02406000,11946.30000000,0.02389
1749266826,0.02407000,34277.00000000,0.02389
1749266826,0.02408000,39264.30000000,0.02389
1749266826,0.02409000,92776.90000000,0.02389
1749266826,0.02410000,150864.60000000,0.02389
1749266826,0.02411000,740546.60000000,0.02389
1749266826,0.02412000,48380.30000000,0.02389
1749266826,0.02413000,26965.00000000,0.02389
1749266826,0.02414000,40863.40000000,0.02389
1749266826,0.02415000,107733.90000000,0.02389
1749266826,0.02416000,3171.60000000,0.02389
1749266826,0.02417000,61593.10000000,0.02389
1749266826,0.02418000,421.70000000,0.02389
1749266826,0.02419000,263070.30000000,0.02389
1749266826,0.02420000,128883.90000000,0.02389
1749266826,0.02421000,2319.70000000,0.02389
1749266826,0.02422000,2540.90000000,0.02389
1749266826,0.02423000,1604.10000000,0.02389
1749266826,0.02424000,3497.80000000,0.02389
1749266826,0.02425000,90925.60000000,0.02389
1749266826,0.02426000,866.30000000,0.02389
1749266826,0.02427000,672.10000000,0.02389
1749266826,0.02428000,7004.10000000,0.02389
1749266826,0.02429000,27827.50000000,0.02389
1749266826,0.02430000,16025.80000000,0.02389
1749266826,0.02431000,38236.50000000,0.02389
1749266826,0.02432000,168900.80000000,0.02389
1749266826,0.02433000,617398.60000000,0.02389
1749266826,0.02434000,117628.30000000,0.02389
1749266826,0.02435000,70936.70000000,0.02389
1749266826,0.02436000,1820.00000000,0.02389
1749266826,0.02437000,3267.60000000,0.02389
1749266826,0.02438000,85908.30000000,0.02389
1749266826,0.02439000,656.10000000,0.02389
1749266826,0.02440000,91257.80000000,0.02389
1749266826,0.02441000,7001.90000000,0.02389
1749266826,0.02442000,422.60000000,0.02389
1749266826,0.02443000,3554.60000000,0.02389
1749266826,0.02444000,933.50000000,0.02389
1749266826,0.02445000,1427.20000000,0.02389
1749266826,0.02446000,1360.90000000,0.02389
1749266826,0.02447000,1451.40000000,0.02389
1749266826,0.02448000,421.50000000,0.02389
1749266826,0.02449000,421.30000000,0.02389
1749266826,0.02450000,3545.20000000,0.02389
1749266826,0.02451000,2130.90000000,0.02389
1749266826,0.02452000,420.80000000,0.02389
1749266826,0.02453000,877.20000000,0.02389
1749266826,0.02454000,56840.70000000,0.02389
1749266826,0.02455000,420.20000000,0.02389
1749266826,0.02456000,51822.20000000,0.02389
1749266826,0.02457000,4929.30000000,0.02389
1749266826,0.02458000,26281.30000000,0.02389
1749266826,0.02459000,826.10000000,0.02389
1749266826,0.02460000,3381.80000000,0.02389
1749266826,0.02461000,419.20000000,0.02389
1749266826,0.02462000,419.00000000,0.02389
1749266826,0.02463000,1040.10000000,0.02389
1749266826,0.02464000,418.70000000,0.02389
1749266826,0.02465000,84793.50000000,0.02389
1749266826,0.02466000,126858.30000000,0.02389
1749266826,0.02467000,37633.50000000,0.02389
1749266826,0.02468000,340.00000000,0.02389
1749266826,0.02469000,3779.00000000,0.02389
1749266826,0.02470000,101191.40000000,0.02389
1749266826,0.02472000,930.50000000,0.02389
1749266826,0.02474000,2028.70000000,0.02389
1749266826,0.02475000,44812.30000000,0.02389
1749266826,0.02476000,255.10000000,0.02389
1749266826,0.02478000,1301.90000000,0.02389
1749266826,0.02480000,17718.20000000,0.02389
1749266826,0.02481000,30119.00000000,0.02389
1749266826,0.02482000,512.90000000,0.02389
1749266826,0.02483000,1191.40000000,0.02389
1749266826,0.02485000,491.10000000,0.02389
1749266826,0.02487000,406.10000000,0.02389
1749266826,0.02488000,258.40000000,0.02389
1749266826,0.02489000,72186.30000000,0.02389
1749266826,0.02490000,6849.40000000,0.02389
1749266826,0.02491000,1042.90000000,0.02389
1749266826,0.02492000,45274.20000000,0.02389
1749266826,0.02494000,7456.40000000,0.02389
1749266826,0.02495000,125000.00000000,0.02389
1749266826,0.02496000,1591.90000000,0.02389
1749267128,0.02386000,262796.70000000,0.02386
1749267128,0.02387000,523454.90000000,0.02386
1749267128,0.02388000,449228.80000000,0.02386
1749267128,0.02389000,423248.50000000,0.02386
1749267128,0.02390000,320045.30000000,0.02386
1749267128,0.02391000,389771.10000000,0.02386
1749267128,0.02392000,602735.30000000,0.02386
1749267128,0.02393000,166395.60000000,0.02386
1749267128,0.02394000,557229.60000000,0.02386
1749267128,0.02395000,512307.90000000,0.02386
1749267128,0.02396000,443352.20000000,0.02386
1749267128,0.02397000,441671.70000000,0.02386
1749267128,0.02398000,87348.30000000,0.02386
1749267128,0.02399000,526126.20000000,0.02386
1749267128,0.02400000,320918.60000000,0.02386
1749267128,0.02401000,70771.10000000,0.02386
1749267128,0.02402000,51902.40000000,0.02386
1749267128,0.02403000,40996.10000000,0.02386
1749267128,0.02404000,24586.40000000,0.02386
1749267128,0.02405000,94586.30000000,0.02386
1749267128,0.02406000,2406.70000000,0.02386
1749267128,0.02407000,736.00000000,0.02386
1749267128,0.02408000,24585.90000000,0.02386
1749267128,0.02409000,92776.90000000,0.02386
1749267128,0.02410000,150864.60000000,0.02386
1749267128,0.02411000,740546.60000000,0.02386
1749267128,0.02412000,48380.30000000,0.02386
1749267128,0.02413000,26965.00000000,0.02386
1749267128,0.02414000,40863.40000000,0.02386
1749267128,0.02415000,107733.90000000,0.02386
1749267128,0.02416000,3171.60000000,0.02386
1749267128,0.02417000,37743.10000000,0.02386
1749267128,0.02418000,421.70000000,0.02386
1749267128,0.02419000,239220.30000000,0.02386
1749267128,0.02420000,128883.90000000,0.02386
1749267128,0.02421000,2319.70000000,0.02386
1749267128,0.02422000,2540.90000000,0.02386
1749267128,0.02423000,1604.10000000,0.02386
1749267128,0.02424000,3497.80000000,0.02386
1749267128,0.02425000,90925.60000000,0.02386
1749267128,0.02426000,866.30000000,0.02386
1749267128,0.02427000,672.10000000,0.02386
1749267128,0.02428000,7004.10000000,0.02386
1749267128,0.02429000,27827.50000000,0.02386
1749267128,0.02430000,16025.80000000,0.02386
1749267128,0.02431000,38236.50000000,0.02386
1749267128,0.02432000,168900.80000000,0.02386
1749267128,0.02433000,617398.60000000,0.02386
1749267128,0.02434000,117628.30000000,0.02386
1749267128,0.02435000,70936.70000000,0.02386
1749267128,0.02436000,1820.00000000,0.02386
1749267128,0.02437000,3267.60000000,0.02386
1749267128,0.02438000,85908.30000000,0.02386
1749267128,0.02439000,656.10000000,0.02386
1749267128,0.02440000,91257.80000000,0.02386
1749267128,0.02441000,7001.90000000,0.02386
1749267128,0.02442000,422.60000000,0.02386
1749267128,0.02443000,3554.60000000,0.02386
1749267128,0.02444000,933.50000000,0.02386
1749267128,0.02445000,1427.20000000,0.02386
1749267128,0.02446000,1360.90000000,0.02386
1749267128,0.02447000,1451.40000000,0.02386
1749267128,0.02448000,421.50000000,0.02386
1749267128,0.02449000,421.30000000,0.02386
1749267128,0.02450000,3545.20000000,0.02386
1749267128,0.02451000,2130.90000000,0.02386
1749267128,0.02452000,420.80000000,0.02386
1749267128,0.02453000,877.20000000,0.02386
1749267128,0.02454000,56840.70000000,0.02386
1749267128,0.02455000,420.20000000,0.02386
1749267128,0.02456000,51822.20000000,0.02386
1749267128,0.02457000,4929.30000000,0.02386
1749267128,0.02458000,26281.30000000,0.02386
1749267128,0.02459000,826.10000000,0.02386
1749267128,0.02460000,3381.80000000,0.02386
1749267128,0.02461000,419.20000000,0.02386
1749267128,0.02463000,621.30000000,0.02386
1749267128,0.02465000,84375.00000000,0.02386
1749267128,0.02466000,126858.30000000,0.02386
1749267128,0.02467000,37633.50000000,0.02386
1749267128,0.02468000,340.00000000,0.02386
1749267128,0.02469000,3779.00000000,0.02386
1749267128,0.02470000,101191.40000000,0.02386
1749267128,0.02472000,930.50000000,0.02386
1749267128,0.02474000,2028.70000000,0.02386
1749267128,0.02475000,44812.30000000,0.02386
1749267128,0.02476000,255.10000000,0.02386
1749267128,0.02478000,1301.90000000,0.02386
1749267128,0.02480000,17718.20000000,0.02386
1749267128,0.02481000,30119.00000000,0.02386
1749267128,0.02482000,512.90000000,0.02386
1749267128,0.02483000,1191.40000000,0.02386
1749267128,0.02485000,491.10000000,0.02386
1749267128,0.02487000,406.10000000,0.02386
1749267128,0.02488000,258.40000000,0.02386
1749267128,0.02489000,72186.30000000,0.02386
1749267128,0.02490000,6849.40000000,0.02386
1749267128,0.02491000,1042.90000000,0.02386
