timestamp,price,volume,current_price
1749258357,0.02383000,48815.90000000,0.02382
1749258357,0.02384000,406037.30000000,0.02382
1749258357,0.02385000,290730.20000000,0.02382
1749258357,0.02386000,568649.00000000,0.02382
1749258357,0.02387000,506493.10000000,0.02382
1749258357,0.02388000,268342.80000000,0.02382
1749258357,0.02389000,169606.60000000,0.02382
1749258357,0.02390000,642671.90000000,0.02382
1749258357,0.02391000,409882.40000000,0.02382
1749258357,0.02392000,469514.40000000,0.02382
1749258357,0.02393000,431193.20000000,0.02382
1749258357,0.02394000,524491.00000000,0.02382
1749258357,0.02395000,102920.90000000,0.02382
1749258357,0.02396000,26648.10000000,0.02382
1749258357,0.02397000,64771.50000000,0.02382
1749258357,0.02398000,45776.70000000,0.02382
1749258357,0.02399000,555684.30000000,0.02382
1749258357,0.02400000,337891.40000000,0.02382
1749258357,0.02401000,48355.80000000,0.02382
1749258357,0.02402000,9507.30000000,0.02382
1749258357,0.02403000,382619.30000000,0.02382
1749258357,0.02404000,736.50000000,0.02382
1749258357,0.02405000,70736.30000000,0.02382
1749258357,0.02406000,2656.10000000,0.02382
1749258357,0.02407000,736.00000000,0.02382
1749258357,0.02408000,736.00000000,0.02382
1749258357,0.02409000,736.00000000,0.02382
1749258357,0.02410000,77152.70000000,0.02382
1749258357,0.02411000,36870.50000000,0.02382
1749258357,0.02412000,304034.70000000,0.02382
1749258357,0.02413000,29417.50000000,0.02382
1749258357,0.02414000,68223.00000000,0.02382
1749258357,0.02415000,62000.90000000,0.02382
1749258357,0.02416000,224835.30000000,0.02382
1749258357,0.02417000,2517.60000000,0.02382
1749258357,0.02418000,421.70000000,0.02382
1749258357,0.02419000,659.70000000,0.02382
1749258357,0.02420000,205896.70000000,0.02382
1749258357,0.02421000,2319.70000000,0.02382
1749258357,0.02422000,2829.90000000,0.02382
1749258357,0.02423000,37910.00000000,0.02382
1749258357,0.02424000,3497.80000000,0.02382
1749258357,0.02425000,90925.60000000,0.02382
1749258357,0.02426000,866.30000000,0.02382
1749258357,0.02427000,672.10000000,0.02382
1749258357,0.02428000,7004.10000000,0.02382
1749258357,0.02429000,120490.40000000,0.02382
1749258357,0.02430000,73180.20000000,0.02382
1749258357,0.02431000,1092.50000000,0.02382
1749258357,0.02432000,77813.50000000,0.02382
1749258357,0.02433000,23532.90000000,0.02382
1749258357,0.02434000,36528.60000000,0.02382
1749258357,0.02435000,70936.70000000,0.02382
1749258357,0.02436000,1820.00000000,0.02382
1749258357,0.02437000,545347.20000000,0.02382
1749258357,0.02438000,85908.30000000,0.02382
1749258357,0.02439000,656.10000000,0.02382
1749258357,0.02440000,91257.80000000,0.02382
1749258357,0.02441000,7001.90000000,0.02382
1749258357,0.02442000,422.60000000,0.02382
1749258357,0.02443000,3554.60000000,0.02382
1749258357,0.02444000,933.50000000,0.02382
1749258357,0.02445000,1427.20000000,0.02382
1749258357,0.02446000,1360.90000000,0.02382
1749258357,0.02447000,51292.50000000,0.02382
1749258357,0.02448000,421.70000000,0.02382
1749258357,0.02449000,421.70000000,0.02382
1749258357,0.02450000,3545.80000000,0.02382
1749258357,0.02451000,2131.70000000,0.02382
1749258357,0.02452000,421.70000000,0.02382
1749258357,0.02453000,35308.50000000,0.02382
1749258357,0.02454000,38053.90000000,0.02382
1749258357,0.02455000,420.20000000,0.02382
1749258357,0.02456000,2087.80000000,0.02382
1749258357,0.02457000,4603.50000000,0.02382
1749258357,0.02458000,26281.30000000,0.02382
1749258357,0.02459000,406.60000000,0.02382
1749258357,0.02460000,2962.40000000,0.02382
1749258357,0.02461000,1216.90000000,0.02382
1749258357,0.02463000,621.30000000,0.02382
1749258357,0.02465000,84780.70000000,0.02382
1749258357,0.02466000,126858.30000000,0.02382
1749258357,0.02467000,48510.20000000,0.02382
1749258357,0.02468000,340.00000000,0.02382
1749258357,0.02469000,3779.00000000,0.02382
1749258357,0.02470000,101515.30000000,0.02382
1749258357,0.02472000,1739.30000000,0.02382
1749258357,0.02474000,2028.70000000,0.02382
1749258357,0.02475000,2881.30000000,0.02382
1749258357,0.02476000,255.10000000,0.02382
1749258357,0.02477000,403.50000000,0.02382
1749258357,0.02478000,1301.90000000,0.02382
1749258357,0.02480000,17718.20000000,0.02382
1749258357,0.02481000,30522.10000000,0.02382
1749258357,0.02482000,512.90000000,0.02382
1749258357,0.02483000,1191.40000000,0.02382
1749258357,0.02484000,483.10000000,0.02382
1749258357,0.02485000,42269.20000000,0.02382
1749258357,0.02487000,406.10000000,0.02382
1749258357,0.02488000,258.40000000,0.02382
1749258659,0.02373000,121922.90000000,0.02373
1749258659,0.02374000,462435.30000000,0.02373
1749258659,0.02375000,564888.30000000,0.02373
1749258659,0.02376000,511983.70000000,0.02373
1749258659,0.02377000,359585.70000000,0.02373
1749258659,0.02378000,426291.10000000,0.02373
1749258659,0.02379000,446451.00000000,0.02373
1749258659,0.02380000,331184.10000000,0.02373
1749258659,0.02381000,213980.70000000,0.02373
1749258659,0.02382000,239560.30000000,0.02373
1749258659,0.02383000,778647.10000000,0.02373
1749258659,0.02384000,366528.20000000,0.02373
1749258659,0.02385000,422993.60000000,0.02373
1749258659,0.02386000,24898.20000000,0.02373
1749258659,0.02387000,24897.60000000,0.02373
1749258659,0.02388000,467495.70000000,0.02373
1749258659,0.02389000,80100.90000000,0.02373
1749258659,0.02390000,271804.50000000,0.02373
1749258659,0.02391000,68678.20000000,0.02373
1749258659,0.02392000,25956.80000000,0.02373
1749258659,0.02393000,24902.80000000,0.02373
1749258659,0.02394000,72897.80000000,0.02373
1749258659,0.02395000,25402.40000000,0.02373
1749258659,0.02396000,388795.20000000,0.02373
1749258659,0.02397000,1430.90000000,0.02373
1749258659,0.02398000,22620.20000000,0.02373
1749258659,0.02399000,531520.00000000,0.02373
1749258659,0.02400000,299422.10000000,0.02373
1749258659,0.02401000,92674.20000000,0.02373
1749258659,0.02402000,8457.60000000,0.02373
1749258659,0.02403000,1928.00000000,0.02373
1749258659,0.02404000,281490.90000000,0.02373
1749258659,0.02405000,70736.30000000,0.02373
1749258659,0.02406000,2656.10000000,0.02373
1749258659,0.02407000,243051.40000000,0.02373
1749258659,0.02408000,1789.70000000,0.02373
1749258659,0.02409000,736.00000000,0.02373
1749258659,0.02410000,91775.10000000,0.02373
1749258659,0.02411000,934.60000000,0.02373
1749258659,0.02412000,25270.30000000,0.02373
1749258659,0.02413000,88962.90000000,0.02373
1749258659,0.02414000,421.70000000,0.02373
1749258659,0.02415000,62000.90000000,0.02373
1749258659,0.02416000,3171.60000000,0.02373
1749258659,0.02417000,2517.60000000,0.02373
1749258659,0.02418000,421.70000000,0.02373
1749258659,0.02419000,659.70000000,0.02373
1749258659,0.02420000,124468.30000000,0.02373
1749258659,0.02421000,2319.70000000,0.02373
1749258659,0.02422000,2829.90000000,0.02373
1749258659,0.02423000,37910.00000000,0.02373
1749258659,0.02424000,3497.80000000,0.02373
1749258659,0.02425000,179951.20000000,0.02373
1749258659,0.02426000,866.30000000,0.02373
1749258659,0.02427000,672.10000000,0.02373
1749258659,0.02428000,7004.10000000,0.02373
1749258659,0.02429000,571130.70000000,0.02373
1749258659,0.02430000,73180.20000000,0.02373
1749258659,0.02431000,1092.50000000,0.02373
1749258659,0.02432000,77813.50000000,0.02373
1749258659,0.02433000,23532.90000000,0.02373
1749258659,0.02434000,36528.60000000,0.02373
1749258659,0.02435000,70936.70000000,0.02373
1749258659,0.02436000,1820.00000000,0.02373
1749258659,0.02437000,3636.90000000,0.02373
1749258659,0.02438000,85908.30000000,0.02373
1749258659,0.02439000,50497.20000000,0.02373
1749258659,0.02440000,91257.80000000,0.02373
1749258659,0.02441000,7001.90000000,0.02373
1749258659,0.02442000,422.60000000,0.02373
1749258659,0.02443000,23929.00000000,0.02373
1749258659,0.02444000,933.50000000,0.02373
1749258659,0.02445000,1427.20000000,0.02373
1749258659,0.02446000,1360.90000000,0.02373
1749258659,0.02447000,1451.40000000,0.02373
1749258659,0.02448000,421.70000000,0.02373
1749258659,0.02450000,3124.10000000,0.02373
1749258659,0.02451000,1710.00000000,0.02373
1749258659,0.02453000,864.30000000,0.02373
1749258659,0.02454000,37633.50000000,0.02373
1749258659,0.02456000,1667.70000000,0.02373
1749258659,0.02457000,4183.80000000,0.02373
1749258659,0.02458000,25861.60000000,0.02373
1749258659,0.02459000,406.60000000,0.02373
1749258659,0.02460000,44893.40000000,0.02373
1749258659,0.02463000,1837.40000000,0.02373
1749258659,0.02465000,84780.70000000,0.02373
1749258659,0.02466000,126858.30000000,0.02373
1749258659,0.02467000,6579.20000000,0.02373
1749258659,0.02468000,340.00000000,0.02373
1749258659,0.02469000,3779.00000000,0.02373
1749258659,0.02470000,101515.30000000,0.02373
1749258659,0.02472000,930.50000000,0.02373
1749258659,0.02474000,2028.70000000,0.02373
1749258659,0.02475000,2881.30000000,0.02373
1749258659,0.02476000,255.10000000,0.02373
1749258659,0.02478000,43080.00000000,0.02373
1749258659,0.02480000,17718.20000000,0.02373
1749258659,0.02481000,30522.10000000,0.02373
1749258659,0.02482000,512.90000000,0.02373
1749258975,0.02373000,110073.50000000,0.02373
1749258975,0.02374000,502020.40000000,0.02373
1749258975,0.02375000,443945.30000000,0.02373
1749258975,0.02376000,355547.70000000,0.02373
1749258975,0.02377000,274134.60000000,0.02373
1749258975,0.02378000,412577.00000000,0.02373
1749258975,0.02379000,586397.70000000,0.02373
1749258975,0.02380000,461683.10000000,0.02373
1749258975,0.02381000,786681.40000000,0.02373
1749258975,0.02382000,467422.10000000,0.02373
1749258975,0.02383000,462734.10000000,0.02373
1749258975,0.02384000,88530.30000000,0.02373
1749258975,0.02385000,140828.50000000,0.02373
1749258975,0.02386000,24898.20000000,0.02373
1749258975,0.02387000,24897.60000000,0.02373
1749258975,0.02388000,467495.70000000,0.02373
1749258975,0.02389000,99646.80000000,0.02373
1749258975,0.02390000,271804.50000000,0.02373
1749258975,0.02391000,34829.60000000,0.02373
1749258975,0.02392000,25956.80000000,0.02373
1749258975,0.02393000,58713.40000000,0.02373
1749258975,0.02394000,72897.80000000,0.02373
1749258975,0.02395000,25402.40000000,0.02373
1749258975,0.02396000,388795.20000000,0.02373
1749258975,0.02397000,1430.90000000,0.02373
1749258975,0.02398000,46470.20000000,0.02373
1749258975,0.02399000,531520.00000000,0.02373
1749258975,0.02400000,297808.40000000,0.02373
1749258975,0.02401000,24505.80000000,0.02373
1749258975,0.02402000,8457.60000000,0.02373
1749258975,0.02403000,1928.00000000,0.02373
1749258975,0.02404000,317769.10000000,0.02373
1749258975,0.02405000,70736.30000000,0.02373
1749258975,0.02406000,70682.80000000,0.02373
1749258975,0.02407000,243051.40000000,0.02373
1749258975,0.02408000,1789.70000000,0.02373
1749258975,0.02409000,736.00000000,0.02373
1749258975,0.02410000,77152.70000000,0.02373
1749258975,0.02411000,934.60000000,0.02373
1749258975,0.02412000,25270.30000000,0.02373
1749258975,0.02413000,88962.90000000,0.02373
1749258975,0.02414000,421.70000000,0.02373
1749258975,0.02415000,62000.90000000,0.02373
1749258975,0.02416000,3171.60000000,0.02373
1749258975,0.02417000,2517.60000000,0.02373
1749258975,0.02418000,421.70000000,0.02373
1749258975,0.02419000,659.70000000,0.02373
1749258975,0.02420000,124468.30000000,0.02373
1749258975,0.02421000,2319.70000000,0.02373
1749258975,0.02422000,2829.90000000,0.02373
1749258975,0.02423000,37910.00000000,0.02373
1749258975,0.02424000,3497.80000000,0.02373
1749258975,0.02425000,179951.20000000,0.02373
1749258975,0.02426000,866.30000000,0.02373
1749258975,0.02427000,672.10000000,0.02373
1749258975,0.02428000,7004.10000000,0.02373
1749258975,0.02429000,571130.70000000,0.02373
1749258975,0.02430000,73180.20000000,0.02373
1749258975,0.02431000,1092.50000000,0.02373
1749258975,0.02432000,77813.50000000,0.02373
1749258975,0.02433000,23532.90000000,0.02373
1749258975,0.02434000,36528.60000000,0.02373
1749258975,0.02435000,70936.70000000,0.02373
1749258975,0.02436000,1820.00000000,0.02373
1749258975,0.02437000,3636.90000000,0.02373
1749258975,0.02438000,85908.30000000,0.02373
1749258975,0.02439000,50497.20000000,0.02373
1749258975,0.02440000,91257.80000000,0.02373
1749258975,0.02441000,7001.90000000,0.02373
1749258975,0.02442000,422.60000000,0.02373
1749258975,0.02443000,23929.00000000,0.02373
1749258975,0.02444000,933.50000000,0.02373
1749258975,0.02445000,1427.20000000,0.02373
1749258975,0.02446000,1360.90000000,0.02373
1749258975,0.02447000,1451.40000000,0.02373
1749258975,0.02448000,421.70000000,0.02373
1749258975,0.02450000,3124.10000000,0.02373
1749258975,0.02451000,1710.00000000,0.02373
1749258975,0.02453000,864.30000000,0.02373
1749258975,0.02454000,38854.10000000,0.02373
1749258975,0.02456000,1667.70000000,0.02373
1749258975,0.02457000,4183.80000000,0.02373
1749258975,0.02458000,25861.60000000,0.02373
1749258975,0.02459000,406.60000000,0.02373
1749258975,0.02460000,44893.40000000,0.02373
1749258975,0.02463000,621.30000000,0.02373
1749258975,0.02465000,84780.70000000,0.02373
1749258975,0.02466000,126858.30000000,0.02373
1749258975,0.02467000,6579.20000000,0.02373
1749258975,0.02468000,340.00000000,0.02373
1749258975,0.02469000,3779.00000000,0.02373
1749258975,0.02470000,101515.30000000,0.02373
1749258975,0.02472000,930.50000000,0.02373
1749258975,0.02474000,2028.70000000,0.02373
1749258975,0.02475000,2881.30000000,0.02373
1749258975,0.02476000,255.10000000,0.02373
1749258975,0.02478000,43080.00000000,0.02373
1749258975,0.02480000,17718.20000000,0.02373
1749258975,0.02481000,30522.10000000,0.02373
1749258975,0.02482000,512.90000000,0.02373
