timestamp,price,volume,current_price
1749260695,1.84260000,13.00000000,1.8425
1749260695,1.84270000,9.60000000,1.8425
1749260695,1.84280000,5.50000000,1.8425
1749260695,1.84290000,12.60000000,1.8425
1749260695,1.84300000,55.50000000,1.8425
1749260695,1.84310000,176.10000000,1.8425
1749260695,1.84320000,550.60000000,1.8425
1749260695,1.84330000,257.00000000,1.8425
1749260695,1.84340000,5.50000000,1.8425
1749260695,1.84350000,147.60000000,1.8425
1749260695,1.84360000,216.40000000,1.8425
1749260695,1.84370000,703.20000000,1.8425
1749260695,1.84380000,624.40000000,1.8425
1749260695,1.84390000,751.00000000,1.8425
1749260695,1.84400000,5.50000000,1.8425
1749260695,1.84410000,147.60000000,1.8425
1749260695,1.84420000,5.50000000,1.8425
1749260695,1.84430000,9.60000000,1.8425
1749260695,1.84440000,143.50000000,1.8425
1749260695,1.84450000,9.60000000,1.8425
1749260695,1.84460000,140.50000000,1.8425
1749260695,1.84470000,12.60000000,1.8425
1749260695,1.84480000,529.00000000,1.8425
1749260695,1.84490000,1222.20000000,1.8425
1749260695,1.84500000,421.50000000,1.8425
1749260695,1.84510000,5.50000000,1.8425
1749260695,1.84520000,140.50000000,1.8425
1749260695,1.84530000,162.90000000,1.8425
1749260695,1.84540000,514.50000000,1.8425
1749260695,1.84550000,283.40000000,1.8425
1749260695,1.84560000,143.50000000,1.8425
1749260695,1.84570000,9.60000000,1.8425
1749260695,1.84580000,140.50000000,1.8425
1749260695,1.84590000,373.60000000,1.8425
1749260695,1.84600000,1227.10000000,1.8425
1749260695,1.84610000,5.50000000,1.8425
1749260695,1.84620000,143.50000000,1.8425
1749260695,1.84630000,654.80000000,1.8425
1749260695,1.84640000,2844.80000000,1.8425
1749260695,1.84650000,4925.00000000,1.8425
1749260695,1.84660000,144.60000000,1.8425
1749260695,1.84670000,283.50000000,1.8425
1749260695,1.84680000,143.50000000,1.8425
1749260695,1.84690000,244.60000000,1.8425
1749260695,1.84700000,418.40000000,1.8425
1749260695,1.84710000,1139.60000000,1.8425
1749260695,1.84720000,194.00000000,1.8425
1749260695,1.84730000,5.50000000,1.8425
1749260695,1.84740000,8.50000000,1.8425
1749260695,1.84750000,249.10000000,1.8425
1749260695,1.84760000,140.50000000,1.8425
1749260695,1.84770000,5.50000000,1.8425
1749260695,1.84780000,5.50000000,1.8425
1749260695,1.84790000,10.00000000,1.8425
1749260695,1.84800000,156.40000000,1.8425
1749260695,1.84810000,5.50000000,1.8425
1749260695,1.84820000,20.50000000,1.8425
1749260695,1.84830000,244.50000000,1.8425
1749260695,1.84840000,243.40000000,1.8425
1749260695,1.84850000,525.80000000,1.8425
1749260695,1.84860000,301.40000000,1.8425
1749260695,1.84870000,5.50000000,1.8425
1749260695,1.84880000,5.50000000,1.8425
1749260695,1.84890000,5.50000000,1.8425
1749260695,1.84900000,838.50000000,1.8425
1749260695,1.84910000,245.00000000,1.8425
1749260695,1.84920000,5.50000000,1.8425
1749260695,1.84930000,54.70000000,1.8425
1749260695,1.84940000,150.00000000,1.8425
1749260695,1.84950000,5.50000000,1.8425
1749260695,1.84960000,5.50000000,1.8425
1749260695,1.84970000,5.50000000,1.8425
1749260695,1.84980000,245.00000000,1.8425
1749260695,1.84990000,133.00000000,1.8425
1749260695,1.85000000,106.30000000,1.8425
1749260695,1.85010000,5.50000000,1.8425
1749260695,1.85020000,9.60000000,1.8425
1749260695,1.85030000,239.40000000,1.8425
1749260695,1.85040000,1728.90000000,1.8425
1749260695,1.85050000,45.30000000,1.8425
1749260695,1.85060000,117.80000000,1.8425
1749260695,1.85080000,239.40000000,1.8425
1749260695,1.85090000,12612.70000000,1.8425
1749260695,1.85110000,175.50000000,1.8425
1749260695,1.85200000,4.10000000,1.8425
1749260695,1.85220000,262.60000000,1.8425
1749260695,1.85230000,128.90000000,1.8425
1749260695,1.85250000,15.10000000,1.8425
1749260695,1.85260000,214.00000000,1.8425
1749260695,1.85270000,442.50000000,1.8425
1749260695,1.85280000,15.00000000,1.8425
1749260695,1.85290000,282.00000000,1.8425
1749260695,1.85300000,83.90000000,1.8425
1749260695,1.85330000,153.10000000,1.8425
1749260695,1.85380000,4.10000000,1.8425
1749260695,1.85390000,67.90000000,1.8425
1749260695,1.85400000,3.00000000,1.8425
1749260695,1.85410000,45.20000000,1.8425
1749260695,1.85420000,278.00000000,1.8425
1749260695,1.85450000,277.90000000,1.8425
1749261015,1.84130000,491.50000000,1.8408
1749261015,1.84140000,50.00000000,1.8408
1749261015,1.84150000,81.90000000,1.8408
1749261015,1.84160000,596.70000000,1.8408
1749261015,1.84170000,49.50000000,1.8408
1749261015,1.84180000,55.50000000,1.8408
1749261015,1.84190000,169.90000000,1.8408
1749261015,1.84200000,8.50000000,1.8408
1749261015,1.84210000,144.60000000,1.8408
1749261015,1.84220000,453.10000000,1.8408
1749261015,1.84230000,267.30000000,1.8408
1749261015,1.84240000,124.20000000,1.8408
1749261015,1.84250000,526.00000000,1.8408
1749261015,1.84260000,578.60000000,1.8408
1749261015,1.84270000,262.10000000,1.8408
1749261015,1.84280000,445.70000000,1.8408
1749261015,1.84290000,266.70000000,1.8408
1749261015,1.84300000,307.30000000,1.8408
1749261015,1.84310000,378.90000000,1.8408
1749261015,1.84320000,387.90000000,1.8408
1749261015,1.84330000,128.70000000,1.8408
1749261015,1.84340000,432.50000000,1.8408
1749261015,1.84350000,602.60000000,1.8408
1749261015,1.84360000,770.40000000,1.8408
1749261015,1.84370000,406.60000000,1.8408
1749261015,1.84380000,262.60000000,1.8408
1749261015,1.84390000,132.80000000,1.8408
1749261015,1.84400000,124.60000000,1.8408
1749261015,1.84410000,250.40000000,1.8408
1749261015,1.84420000,660.00000000,1.8408
1749261015,1.84430000,881.70000000,1.8408
1749261015,1.84440000,172.80000000,1.8408
1749261015,1.84450000,263.70000000,1.8408
1749261015,1.84460000,123.70000000,1.8408
1749261015,1.84470000,266.00000000,1.8408
1749261015,1.84480000,182.50000000,1.8408
1749261015,1.84490000,374.10000000,1.8408
1749261015,1.84500000,622.10000000,1.8408
1749261015,1.84510000,405.60000000,1.8408
1749261015,1.84520000,402.00000000,1.8408
1749261015,1.84530000,372.20000000,1.8408
1749261015,1.84540000,363.40000000,1.8408
1749261015,1.84550000,626.80000000,1.8408
1749261015,1.84560000,1212.10000000,1.8408
1749261015,1.84570000,263.20000000,1.8408
1749261015,1.84580000,178.60000000,1.8408
1749261015,1.84590000,730.20000000,1.8408
1749261015,1.84600000,1571.00000000,1.8408
1749261015,1.84610000,259.40000000,1.8408
1749261015,1.84620000,127.40000000,1.8408
1749261015,1.84630000,259.60000000,1.8408
1749261015,1.84640000,195.60000000,1.8408
1749261015,1.84650000,514.50000000,1.8408
1749261015,1.84660000,248.80000000,1.8408
1749261015,1.84670000,140.50000000,1.8408
1749261015,1.84680000,340.90000000,1.8408
1749261015,1.84690000,503.20000000,1.8408
1749261015,1.84700000,1144.00000000,1.8408
1749261015,1.84710000,140.50000000,1.8408
1749261015,1.84720000,244.70000000,1.8408
1749261015,1.84730000,4972.00000000,1.8408
1749261015,1.84740000,291.00000000,1.8408
1749261015,1.84750000,144.60000000,1.8408
1749261015,1.84760000,1126.50000000,1.8408
1749261015,1.84770000,140.50000000,1.8408
1749261015,1.84780000,5.50000000,1.8408
1749261015,1.84790000,140.50000000,1.8408
1749261015,1.84800000,8.50000000,1.8408
1749261015,1.84810000,244.50000000,1.8408
1749261015,1.84820000,5.50000000,1.8408
1749261015,1.84830000,1116.40000000,1.8408
1749261015,1.84840000,9.60000000,1.8408
1749261015,1.84850000,848.80000000,1.8408
1749261015,1.84860000,5.50000000,1.8408
1749261015,1.84870000,244.30000000,1.8408
1749261015,1.84880000,20.50000000,1.8408
1749261015,1.84890000,20.50000000,1.8408
1749261015,1.84900000,244.30000000,1.8408
1749261015,1.84910000,5.50000000,1.8408
1749261015,1.84920000,5.50000000,1.8408
1749261015,1.84930000,4.10000000,1.8408
1749261015,1.84950000,308.00000000,1.8408
1749261015,1.84960000,238.80000000,1.8408
1749261015,1.84980000,15.10000000,1.8408
1749261015,1.84990000,277.90000000,1.8408
1749261015,1.85000000,111.80000000,1.8408
1749261015,1.85020000,4.10000000,1.8408
1749261015,1.85040000,242.30000000,1.8408
1749261015,1.85050000,354.70000000,1.8408
1749261015,1.85100000,259.60000000,1.8408
1749261015,1.85110000,12214.00000000,1.8408
1749261015,1.85120000,278.00000000,1.8408
1749261015,1.85140000,277.90000000,1.8408
1749261015,1.85160000,45.30000000,1.8408
1749261015,1.85170000,932.00000000,1.8408
1749261015,1.85200000,4.10000000,1.8408
1749261015,1.85220000,3.00000000,1.8408
1749261015,1.85230000,300.30000000,1.8408
1749261015,1.85260000,30.10000000,1.8408
1749261015,1.85270000,492.00000000,1.8408
1749261321,1.83380000,161.20000000,1.8337
1749261321,1.83390000,5.50000000,1.8337
1749261321,1.83400000,148.70000000,1.8337
1749261321,1.83410000,5.50000000,1.8337
1749261321,1.83420000,197.60000000,1.8337
1749261321,1.83430000,5.50000000,1.8337
1749261321,1.83440000,144.60000000,1.8337
1749261321,1.83450000,255.70000000,1.8337
1749261321,1.83460000,380.80000000,1.8337
1749261321,1.83470000,141.50000000,1.8337
1749261321,1.83480000,611.80000000,1.8337
1749261321,1.83490000,1401.10000000,1.8337
1749261321,1.83500000,900.60000000,1.8337
1749261321,1.83510000,873.80000000,1.8337
1749261321,1.83520000,1297.70000000,1.8337
1749261321,1.83530000,276.20000000,1.8337
1749261321,1.83540000,261.10000000,1.8337
1749261321,1.83550000,554.10000000,1.8337
1749261321,1.83560000,255.60000000,1.8337
1749261321,1.83570000,490.70000000,1.8337
1749261321,1.83580000,424.90000000,1.8337
1749261321,1.83590000,273.70000000,1.8337
1749261321,1.83600000,191.10000000,1.8337
1749261321,1.83610000,1285.20000000,1.8337
1749261321,1.83620000,2858.20000000,1.8337
1749261321,1.83630000,276.60000000,1.8337
1749261321,1.83640000,596.20000000,1.8337
1749261321,1.83650000,1358.30000000,1.8337
1749261321,1.83660000,145.70000000,1.8337
1749261321,1.83670000,277.70000000,1.8337
1749261321,1.83680000,138.60000000,1.8337
1749261321,1.83690000,504.30000000,1.8337
1749261321,1.83700000,461.90000000,1.8337
1749261321,1.83710000,138.60000000,1.8337
1749261321,1.83720000,812.70000000,1.8337
1749261321,1.83730000,1631.70000000,1.8337
1749261321,1.83740000,517.30000000,1.8337
1749261321,1.83750000,468.80000000,1.8337
1749261321,1.83760000,522.20000000,1.8337
1749261321,1.83770000,277.10000000,1.8337
1749261321,1.83780000,199.70000000,1.8337
1749261321,1.83790000,142.20000000,1.8337
1749261321,1.83800000,277.20000000,1.8337
1749261321,1.83810000,469.00000000,1.8337
1749261321,1.83820000,142.20000000,1.8337
1749261321,1.83830000,1163.20000000,1.8337
1749261321,1.83840000,8.50000000,1.8337
1749261321,1.83850000,5096.60000000,1.8337
1749261321,1.83860000,140.50000000,1.8337
1749261321,1.83870000,245.00000000,1.8337
1749261321,1.83880000,140.50000000,1.8337
1749261321,1.83890000,283.50000000,1.8337
1749261321,1.83900000,62.00000000,1.8337
1749261321,1.83910000,160.00000000,1.8337
1749261321,1.83920000,244.90000000,1.8337
1749261321,1.83930000,140.50000000,1.8337
1749261321,1.83940000,9.60000000,1.8337
1749261321,1.83950000,140.50000000,1.8337
1749261321,1.83960000,8.50000000,1.8337
1749261321,1.83970000,5.50000000,1.8337
1749261321,1.83980000,140.50000000,1.8337
1749261321,1.83990000,5.50000000,1.8337
1749261321,1.84000000,283.40000000,1.8337
1749261321,1.84010000,245.40000000,1.8337
1749261321,1.84020000,5.50000000,1.8337
1749261321,1.84030000,39.60000000,1.8337
1749261321,1.84040000,20.50000000,1.8337
1749261321,1.84050000,283.50000000,1.8337
1749261321,1.84060000,20.60000000,1.8337
1749261321,1.84070000,842.50000000,1.8337
1749261321,1.84080000,5.50000000,1.8337
1749261321,1.84090000,245.30000000,1.8337
1749261321,1.84100000,5.50000000,1.8337
1749261321,1.84110000,245.30000000,1.8337
1749261321,1.84120000,9.60000000,1.8337
1749261321,1.84130000,5.50000000,1.8337
1749261321,1.84140000,1126.00000000,1.8337
1749261321,1.84150000,277.90000000,1.8337
1749261321,1.84170000,12252.40000000,1.8337
1749261321,1.84180000,54.50000000,1.8337
1749261321,1.84190000,45.30000000,1.8337
1749261321,1.84200000,518.60000000,1.8337
1749261321,1.84210000,358.80000000,1.8337
1749261321,1.84270000,117.80000000,1.8337
1749261321,1.84300000,19.20000000,1.8337
1749261321,1.84310000,277.90000000,1.8337
1749261321,1.84320000,167.50000000,1.8337
1749261321,1.84330000,15.10000000,1.8337
1749261321,1.84340000,15.00000000,1.8337
1749261321,1.84350000,278.00000000,1.8337
1749261321,1.84380000,259.60000000,1.8337
1749261321,1.84390000,72.00000000,1.8337
1749261321,1.84410000,15.00000000,1.8337
1749261321,1.84420000,15.10000000,1.8337
1749261321,1.84430000,171.40000000,1.8337
1749261321,1.84470000,127.50000000,1.8337
1749261321,1.84480000,4.10000000,1.8337
1749261321,1.84500000,281.00000000,1.8337
1749261321,1.84520000,406.80000000,1.8337
1749261321,1.84570000,19.10000000,1.8337
1749261622,1.82830000,28.20000000,1.8286
1749261622,1.82840000,5.50000000,1.8286
1749261622,1.82850000,258.90000000,1.8286
1749261622,1.82860000,394.80000000,1.8286
1749261622,1.82870000,140.50000000,1.8286
1749261622,1.82880000,63.70000000,1.8286
1749261622,1.82890000,5.50000000,1.8286
1749261622,1.82900000,323.30000000,1.8286
1749261622,1.82910000,466.20000000,1.8286
1749261622,1.82920000,1003.40000000,1.8286
1749261622,1.82930000,1070.30000000,1.8286
1749261622,1.82940000,336.50000000,1.8286
1749261622,1.82950000,395.50000000,1.8286
1749261622,1.82960000,592.20000000,1.8286
1749261622,1.82970000,1290.60000000,1.8286
1749261622,1.82980000,850.30000000,1.8286
1749261622,1.82990000,432.30000000,1.8286
1749261622,1.83000000,911.60000000,1.8286
1749261622,1.83010000,317.50000000,1.8286
1749261622,1.83020000,575.70000000,1.8286
1749261622,1.83030000,162.30000000,1.8286
1749261622,1.83040000,349.80000000,1.8286
1749261622,1.83050000,390.80000000,1.8286
1749261622,1.83060000,948.40000000,1.8286
1749261622,1.83070000,947.10000000,1.8286
1749261622,1.83080000,1373.70000000,1.8286
1749261622,1.83090000,1301.20000000,1.8286
1749261622,1.83100000,3696.10000000,1.8286
1749261622,1.83110000,378.90000000,1.8286
1749261622,1.83120000,163.70000000,1.8286
1749261622,1.83130000,159.20000000,1.8286
1749261622,1.83140000,294.20000000,1.8286
1749261622,1.83150000,204.70000000,1.8286
1749261622,1.83160000,424.10000000,1.8286
1749261622,1.83170000,568.90000000,1.8286
1749261622,1.83180000,348.20000000,1.8286
1749261622,1.83190000,609.50000000,1.8286
1749261622,1.83200000,1676.80000000,1.8286
1749261622,1.83210000,531.60000000,1.8286
1749261622,1.83220000,2053.50000000,1.8286
1749261622,1.83230000,526.70000000,1.8286
1749261622,1.83240000,436.60000000,1.8286
1749261622,1.83250000,620.30000000,1.8286
1749261622,1.83260000,1085.20000000,1.8286
1749261622,1.83270000,294.70000000,1.8286
1749261622,1.83280000,159.70000000,1.8286
1749261622,1.83290000,246.50000000,1.8286
1749261622,1.83300000,144.50000000,1.8286
1749261622,1.83310000,250.60000000,1.8286
1749261622,1.83320000,140.50000000,1.8286
1749261622,1.83330000,5.50000000,1.8286
1749261622,1.83340000,140.50000000,1.8286
1749261622,1.83350000,5.50000000,1.8286
1749261622,1.83360000,143.50000000,1.8286
1749261622,1.83370000,283.40000000,1.8286
1749261622,1.83380000,140.50000000,1.8286
1749261622,1.83390000,283.50000000,1.8286
1749261622,1.83400000,149.10000000,1.8286
1749261622,1.83410000,261.40000000,1.8286
1749261622,1.83420000,4956.70000000,1.8286
1749261622,1.83430000,20.50000000,1.8286
1749261622,1.83440000,140.50000000,1.8286
1749261622,1.83450000,299.90000000,1.8286
1749261622,1.83460000,140.50000000,1.8286
1749261622,1.83470000,5.50000000,1.8286
1749261622,1.83480000,8.50000000,1.8286
1749261622,1.83490000,9.60000000,1.8286
1749261622,1.83500000,140.50000000,1.8286
1749261622,1.83510000,246.20000000,1.8286
1749261622,1.83520000,140.50000000,1.8286
1749261622,1.83530000,5.50000000,1.8286
1749261622,1.83540000,1400.40000000,1.8286
1749261622,1.83550000,246.20000000,1.8286
1749261622,1.83560000,5.50000000,1.8286
1749261622,1.83570000,5.50000000,1.8286
1749261622,1.83580000,9.60000000,1.8286
1749261622,1.83600000,3.00000000,1.8286
1749261622,1.83620000,240.60000000,1.8286
1749261622,1.83630000,15.00000000,1.8286
1749261622,1.83640000,1124.00000000,1.8286
1749261622,1.83670000,49.30000000,1.8286
1749261622,1.83680000,256.40000000,1.8286
1749261622,1.83690000,278.00000000,1.8286
1749261622,1.83700000,277.90000000,1.8286
1749261622,1.83740000,5.30000000,1.8286
1749261622,1.83760000,4.10000000,1.8286
1749261622,1.83780000,3.00000000,1.8286
1749261622,1.83810000,259.60000000,1.8286
1749261622,1.83820000,12369.80000000,1.8286
1749261622,1.83840000,45.20000000,1.8286
1749261622,1.83850000,380.80000000,1.8286
1749261622,1.83870000,15.10000000,1.8286
1749261622,1.83880000,250.60000000,1.8286
1749261622,1.83890000,632.70000000,1.8286
1749261622,1.83920000,7.90000000,1.8286
1749261622,1.83940000,34.20000000,1.8286
1749261622,1.83950000,178.20000000,1.8286
1749261622,1.83960000,3.00000000,1.8286
1749261622,1.83970000,117.80000000,1.8286
1749261622,1.84000000,560.20000000,1.8286
1749261924,1.82750000,245.70000000,1.8273
1749261924,1.82760000,35.00000000,1.8273
1749261924,1.82770000,140.50000000,1.8273
1749261924,1.82780000,84.00000000,1.8273
1749261924,1.82790000,282.80000000,1.8273
1749261924,1.82800000,144.70000000,1.8273
1749261924,1.82810000,131.60000000,1.8273
1749261924,1.82820000,687.80000000,1.8273
1749261924,1.82830000,295.30000000,1.8273
1749261924,1.82840000,621.40000000,1.8273
1749261924,1.82850000,740.70000000,1.8273
1749261924,1.82860000,680.40000000,1.8273
1749261924,1.82870000,506.50000000,1.8273
1749261924,1.82880000,1607.10000000,1.8273
1749261924,1.82890000,1399.80000000,1.8273
1749261924,1.82900000,161.70000000,1.8273
1749261924,1.82910000,296.50000000,1.8273
1749261924,1.82920000,161.70000000,1.8273
1749261924,1.82930000,337.90000000,1.8273
1749261924,1.82940000,165.70000000,1.8273
1749261924,1.82950000,296.70000000,1.8273
1749261924,1.82960000,334.10000000,1.8273
1749261924,1.82970000,574.50000000,1.8273
1749261924,1.82980000,1075.80000000,1.8273
1749261924,1.82990000,3407.40000000,1.8273
1749261924,1.83000000,177.40000000,1.8273
1749261924,1.83010000,604.70000000,1.8273
1749261924,1.83020000,1041.90000000,1.8273
1749261924,1.83030000,333.20000000,1.8273
1749261924,1.83040000,619.50000000,1.8273
1749261924,1.83050000,398.20000000,1.8273
1749261924,1.83060000,295.80000000,1.8273
1749261924,1.83070000,607.70000000,1.8273
1749261924,1.83080000,1961.80000000,1.8273
1749261924,1.83090000,1251.70000000,1.8273
1749261924,1.83100000,411.20000000,1.8273
1749261924,1.83110000,398.00000000,1.8273
1749261924,1.83120000,295.90000000,1.8273
1749261924,1.83130000,2005.30000000,1.8273
1749261924,1.83140000,6603.80000000,1.8273
1749261924,1.83150000,156.80000000,1.8273
1749261924,1.83160000,291.80000000,1.8273
1749261924,1.83170000,156.80000000,1.8273
1749261924,1.83180000,295.80000000,1.8273
1749261924,1.83190000,434.60000000,1.8273
1749261924,1.83200000,291.60000000,1.8273
1749261924,1.83210000,5.50000000,1.8273
1749261924,1.83220000,144.60000000,1.8273
1749261924,1.83230000,246.50000000,1.8273
1749261924,1.83240000,422.40000000,1.8273
1749261924,1.83250000,10.00000000,1.8273
1749261924,1.83260000,5.50000000,1.8273
1749261924,1.83270000,5.50000000,1.8273
1749261924,1.83280000,5.50000000,1.8273
1749261924,1.83290000,246.50000000,1.8273
1749261924,1.83300000,198.00000000,1.8273
1749261924,1.83310000,9.60000000,1.8273
1749261924,1.83320000,246.40000000,1.8273
1749261924,1.83330000,5.50000000,1.8273
1749261924,1.83340000,1123.50000000,1.8273
1749261924,1.83350000,246.40000000,1.8273
1749261924,1.83360000,5.50000000,1.8273
1749261924,1.83370000,5.50000000,1.8273
1749261924,1.83380000,5.50000000,1.8273
1749261924,1.83390000,5.50000000,1.8273
1749261924,1.83400000,9.60000000,1.8273
1749261924,1.83410000,5.50000000,1.8273
1749261924,1.83420000,250.00000000,1.8273
1749261924,1.83430000,525.70000000,1.8273
1749261924,1.83440000,5.50000000,1.8273
1749261924,1.83450000,5.50000000,1.8273
1749261924,1.83460000,5.50000000,1.8273
1749261924,1.83470000,5.50000000,1.8273
1749261924,1.83480000,247.00000000,1.8273
1749261924,1.83490000,287.60000000,1.8273
1749261924,1.83500000,12175.30000000,1.8273
1749261924,1.83530000,241.50000000,1.8273
1749261924,1.83550000,1486.70000000,1.8273
1749261924,1.83560000,171.40000000,1.8273
1749261924,1.83580000,4.10000000,1.8273
1749261924,1.83600000,3.00000000,1.8273
1749261924,1.83610000,117.80000000,1.8273
1749261924,1.83640000,277.90000000,1.8273
1749261924,1.83670000,4.10000000,1.8273
1749261924,1.83680000,259.60000000,1.8273
1749261924,1.83690000,278.00000000,1.8273
1749261924,1.83740000,5.30000000,1.8273
1749261924,1.83760000,4.10000000,1.8273
1749261924,1.83780000,259.80000000,1.8273
1749261924,1.83790000,86.10000000,1.8273
1749261924,1.83810000,127.50000000,1.8273
1749261924,1.83850000,380.80000000,1.8273
1749261924,1.83880000,164.50000000,1.8273
1749261924,1.83890000,278.00000000,1.8273
1749261924,1.83920000,7.90000000,1.8273
1749261924,1.83940000,4.10000000,1.8273
1749261924,1.83950000,6.80000000,1.8273
1749261924,1.83960000,3.00000000,1.8273
1749261924,1.84000000,1483.80000000,1.8273
1749261924,1.84030000,4.10000000,1.8273
1749262230,1.83680000,213.20000000,1.8368
1749262230,1.83690000,270.80000000,1.8368
1749262230,1.83700000,261.90000000,1.8368
1749262230,1.83710000,59.60000000,1.8368
1749262230,1.83720000,190.50000000,1.8368
1749262230,1.83730000,9.60000000,1.8368
1749262230,1.83740000,5.50000000,1.8368
1749262230,1.83750000,144.60000000,1.8368
1749262230,1.83760000,1000.90000000,1.8368
1749262230,1.83770000,2341.20000000,1.8368
1749262230,1.83780000,145.00000000,1.8368
1749262230,1.83790000,144.60000000,1.8368
1749262230,1.83800000,5.50000000,1.8368
1749262230,1.83810000,261.20000000,1.8368
1749262230,1.83820000,327.30000000,1.8368
1749262230,1.83830000,9.60000000,1.8368
1749262230,1.83840000,143.50000000,1.8368
1749262230,1.83850000,271.60000000,1.8368
1749262230,1.83860000,212.80000000,1.8368
1749262230,1.83870000,691.00000000,1.8368
1749262230,1.83880000,60.00000000,1.8368
1749262230,1.83890000,171.20000000,1.8368
1749262230,1.83900000,11.50000000,1.8368
1749262230,1.83910000,144.60000000,1.8368
1749262230,1.83920000,92.00000000,1.8368
1749262230,1.83930000,147.60000000,1.8368
1749262230,1.83940000,9.60000000,1.8368
1749262230,1.83950000,132.80000000,1.8368
1749262230,1.83960000,458.80000000,1.8368
1749262230,1.83970000,12.70000000,1.8368
1749262230,1.83980000,307.20000000,1.8368
1749262230,1.83990000,612.10000000,1.8368
1749262230,1.84000000,793.50000000,1.8368
1749262230,1.84010000,9.60000000,1.8368
1749262230,1.84020000,143.50000000,1.8368
1749262230,1.84030000,391.80000000,1.8368
1749262230,1.84040000,1227.10000000,1.8368
1749262230,1.84050000,12.60000000,1.8368
1749262230,1.84060000,227.00000000,1.8368
1749262230,1.84070000,92.00000000,1.8368
1749262230,1.84080000,108.20000000,1.8368
1749262230,1.84090000,5.50000000,1.8368
1749262230,1.84100000,5.50000000,1.8368
1749262230,1.84110000,248.50000000,1.8368
1749262230,1.84120000,9.60000000,1.8368
1749262230,1.84130000,92.00000000,1.8368
1749262230,1.84140000,8.50000000,1.8368
1749262230,1.84150000,29.20000000,1.8368
1749262230,1.84160000,29.50000000,1.8368
1749262230,1.84170000,29.10000000,1.8368
1749262230,1.84180000,1197.50000000,1.8368
1749262230,1.84190000,5.50000000,1.8368
1749262230,1.84200000,8.50000000,1.8368
1749262230,1.84210000,249.40000000,1.8368
1749262230,1.84220000,283.40000000,1.8368
1749262230,1.84230000,1226.60000000,1.8368
1749262230,1.84240000,5.50000000,1.8368
1749262230,1.84250000,10.00000000,1.8368
1749262230,1.84260000,57.80000000,1.8368
1749262230,1.84270000,28.80000000,1.8368
1749262230,1.84280000,245.20000000,1.8368
1749262230,1.84290000,5.50000000,1.8368
1749262230,1.84300000,843.60000000,1.8368
1749262230,1.84310000,5.50000000,1.8368
1749262230,1.84320000,248.20000000,1.8368
1749262230,1.84330000,283.50000000,1.8368
1749262230,1.84340000,849.70000000,1.8368
1749262230,1.84350000,5.50000000,1.8368
1749262230,1.84360000,4839.10000000,1.8368
1749262230,1.84370000,5.50000000,1.8368
1749262230,1.84380000,8.50000000,1.8368
1749262230,1.84390000,317.20000000,1.8368
1749262230,1.84400000,397.80000000,1.8368
1749262230,1.84410000,5.50000000,1.8368
1749262230,1.84420000,5.50000000,1.8368
1749262230,1.84430000,5.50000000,1.8368
1749262230,1.84480000,121.90000000,1.8368
1749262230,1.84490000,239.70000000,1.8368
1749262230,1.84500000,291.00000000,1.8368
1749262230,1.84570000,12043.90000000,1.8368
1749262230,1.84580000,239.70000000,1.8368
1749262230,1.84590000,483.60000000,1.8368
1749262230,1.84630000,242.90000000,1.8368
1749262230,1.84640000,400.00000000,1.8368
1749262230,1.84650000,5.20000000,1.8368
1749262230,1.84660000,4.10000000,1.8368
1749262230,1.84670000,239.70000000,1.8368
1749262230,1.84680000,280.90000000,1.8368
1749262230,1.84690000,7.90000000,1.8368
1749262230,1.84720000,127.90000000,1.8368
1749262230,1.84740000,278.00000000,1.8368
1749262230,1.84750000,14.10000000,1.8368
1749262230,1.84800000,12.90000000,1.8368
1749262230,1.84820000,259.60000000,1.8368
1749262230,1.84830000,288.70000000,1.8368
1749262230,1.84840000,102.90000000,1.8368
1749262230,1.84850000,88.90000000,1.8368
1749262230,1.84860000,3.00000000,1.8368
1749262230,1.84930000,168.60000000,1.8368
1749262230,1.84940000,144.50000000,1.8368
1749262532,1.83880000,233.00000000,1.8394
1749262532,1.83890000,5.50000000,1.8394
1749262532,1.83900000,190.50000000,1.8394
1749262532,1.83910000,9.60000000,1.8394
1749262532,1.83920000,262.00000000,1.8394
1749262532,1.83930000,144.60000000,1.8394
1749262532,1.83940000,190.50000000,1.8394
1749262532,1.83950000,9.60000000,1.8394
1749262532,1.83960000,288.30000000,1.8394
1749262532,1.83970000,9.60000000,1.8394
1749262532,1.83980000,140.50000000,1.8394
1749262532,1.83990000,121.20000000,1.8394
1749262532,1.84000000,321.90000000,1.8394
1749262532,1.84010000,721.20000000,1.8394
1749262532,1.84020000,334.30000000,1.8394
1749262532,1.84030000,2162.70000000,1.8394
1749262532,1.84040000,4582.50000000,1.8394
1749262532,1.84050000,147.60000000,1.8394
1749262532,1.84060000,142.00000000,1.8394
1749262532,1.84070000,144.60000000,1.8394
1749262532,1.84080000,8.50000000,1.8394
1749262532,1.84090000,96.10000000,1.8394
1749262532,1.84100000,140.50000000,1.8394
1749262532,1.84110000,12.60000000,1.8394
1749262532,1.84120000,144.60000000,1.8394
1749262532,1.84130000,9.60000000,1.8394
1749262532,1.84140000,318.40000000,1.8394
1749262532,1.84150000,744.60000000,1.8394
1749262532,1.84160000,5.50000000,1.8394
1749262532,1.84170000,147.60000000,1.8394
1749262532,1.84180000,60.00000000,1.8394
1749262532,1.84190000,204.70000000,1.8394
1749262532,1.84200000,817.10000000,1.8394
1749262532,1.84210000,834.00000000,1.8394
1749262532,1.84220000,92.00000000,1.8394
1749262532,1.84230000,147.60000000,1.8394
1749262532,1.84240000,283.50000000,1.8394
1749262532,1.84250000,144.60000000,1.8394
1749262532,1.84260000,8.50000000,1.8394
1749262532,1.84270000,9.60000000,1.8394
1749262532,1.84280000,550.50000000,1.8394
1749262532,1.84290000,1177.80000000,1.8394
1749262532,1.84300000,144.60000000,1.8394
1749262532,1.84310000,5.50000000,1.8394
1749262532,1.84320000,188.70000000,1.8394
1749262532,1.84330000,245.30000000,1.8394
1749262532,1.84340000,774.50000000,1.8394
1749262532,1.84350000,2246.80000000,1.8394
1749262532,1.84360000,283.40000000,1.8394
1749262532,1.84370000,140.50000000,1.8394
1749262532,1.84380000,248.30000000,1.8394
1749262532,1.84390000,144.60000000,1.8394
1749262532,1.84400000,5.50000000,1.8394
1749262532,1.84410000,140.50000000,1.8394
1749262532,1.84420000,283.50000000,1.8394
1749262532,1.84430000,140.50000000,1.8394
1749262532,1.84440000,8.50000000,1.8394
1749262532,1.84450000,4948.10000000,1.8394
1749262532,1.84460000,5.50000000,1.8394
1749262532,1.84470000,380.10000000,1.8394
1749262532,1.84480000,9.60000000,1.8394
1749262532,1.84490000,5.50000000,1.8394
1749262532,1.84500000,33.00000000,1.8394
1749262532,1.84510000,283.40000000,1.8394
1749262532,1.84520000,1196.90000000,1.8394
1749262532,1.84530000,5.50000000,1.8394
1749262532,1.84540000,5.50000000,1.8394
1749262532,1.84550000,5.50000000,1.8394
1749262532,1.84560000,8.50000000,1.8394
1749262532,1.84570000,287.60000000,1.8394
1749262532,1.84580000,60.00000000,1.8394
1749262532,1.84590000,244.90000000,1.8394
1749262532,1.84600000,5.50000000,1.8394
1749262532,1.84610000,5.50000000,1.8394
1749262532,1.84620000,5.50000000,1.8394
1749262532,1.84630000,244.90000000,1.8394
1749262532,1.84650000,5.20000000,1.8394
1749262532,1.84660000,4.10000000,1.8394
1749262532,1.84670000,406.80000000,1.8394
1749262532,1.84680000,3.00000000,1.8394
1749262532,1.84690000,247.10000000,1.8394
1749262532,1.84720000,239.20000000,1.8394
1749262532,1.84750000,4.10000000,1.8394
1749262532,1.84760000,367.10000000,1.8394
1749262532,1.84800000,290.90000000,1.8394
1749262532,1.84830000,288.70000000,1.8394
1749262532,1.84840000,102.90000000,1.8394
1749262532,1.84850000,2.80000000,1.8394
1749262532,1.84860000,89.10000000,1.8394
1749262532,1.84870000,354.70000000,1.8394
1749262532,1.84890000,12294.90000000,1.8394
1749262532,1.84920000,164.50000000,1.8394
1749262532,1.84930000,4.10000000,1.8394
1749262532,1.84940000,144.50000000,1.8394
1749262532,1.84950000,278.00000000,1.8394
1749262532,1.84980000,259.60000000,1.8394
1749262532,1.84990000,441.20000000,1.8394
1749262532,1.85000000,1516.60000000,1.8394
1749262532,1.85020000,88.00000000,1.8394
1749262532,1.85040000,3.00000000,1.8394
1749262834,1.83770000,320.70000000,1.8378
1749262834,1.83780000,33.70000000,1.8378
1749262834,1.83790000,168.70000000,1.8378
1749262834,1.83800000,9.60000000,1.8378
1749262834,1.83810000,5.50000000,1.8378
1749262834,1.83820000,194.60000000,1.8378
1749262834,1.83830000,33.70000000,1.8378
1749262834,1.83840000,62.60000000,1.8378
1749262834,1.83850000,5.50000000,1.8378
1749262834,1.83860000,144.60000000,1.8378
1749262834,1.83870000,286.40000000,1.8378
1749262834,1.83880000,313.30000000,1.8378
1749262834,1.83890000,406.60000000,1.8378
1749262834,1.83900000,150.60000000,1.8378
1749262834,1.83910000,5.50000000,1.8378
1749262834,1.83920000,9.60000000,1.8378
1749262834,1.83930000,28.60000000,1.8378
1749262834,1.83940000,276.40000000,1.8378
1749262834,1.83950000,405.50000000,1.8378
1749262834,1.83960000,147.60000000,1.8378
1749262834,1.83970000,5.50000000,1.8378
1749262834,1.83980000,199.10000000,1.8378
1749262834,1.83990000,614.70000000,1.8378
1749262834,1.84000000,1608.20000000,1.8378
1749262834,1.84010000,5.50000000,1.8378
1749262834,1.84020000,147.60000000,1.8378
1749262834,1.84030000,287.50000000,1.8378
1749262834,1.84040000,144.60000000,1.8378
1749262834,1.84050000,8.50000000,1.8378
1749262834,1.84060000,144.60000000,1.8378
1749262834,1.84070000,5.50000000,1.8378
1749262834,1.84080000,247.20000000,1.8378
1749262834,1.84090000,5.50000000,1.8378
1749262834,1.84100000,144.60000000,1.8378
1749262834,1.84110000,8.50000000,1.8378
1749262834,1.84120000,144.60000000,1.8378
1749262834,1.84130000,5.50000000,1.8378
1749262834,1.84140000,143.50000000,1.8378
1749262834,1.84150000,5.50000000,1.8378
1749262834,1.84160000,140.50000000,1.8378
1749262834,1.84170000,283.50000000,1.8378
1749262834,1.84180000,594.10000000,1.8378
1749262834,1.84190000,2183.10000000,1.8378
1749262834,1.84200000,428.60000000,1.8378
1749262834,1.84210000,318.80000000,1.8378
1749262834,1.84220000,1030.50000000,1.8378
1749262834,1.84230000,5.50000000,1.8378
1749262834,1.84240000,5.50000000,1.8378
1749262834,1.84250000,5.50000000,1.8378
1749262834,1.84260000,28.60000000,1.8378
1749262834,1.84270000,25.60000000,1.8378
1749262834,1.84280000,245.50000000,1.8378
1749262834,1.84290000,123.30000000,1.8378
1749262834,1.84300000,9.60000000,1.8378
1749262834,1.84310000,245.20000000,1.8378
1749262834,1.84320000,5201.10000000,1.8378
1749262834,1.84330000,5.50000000,1.8378
1749262834,1.84340000,5.50000000,1.8378
1749262834,1.84350000,523.40000000,1.8378
1749262834,1.84360000,845.00000000,1.8378
1749262834,1.84370000,5.50000000,1.8378
1749262834,1.84380000,8.50000000,1.8378
1749262834,1.84390000,9.60000000,1.8378
1749262834,1.84400000,5.50000000,1.8378
1749262834,1.84410000,5.50000000,1.8378
1749262834,1.84420000,25.60000000,1.8378
1749262834,1.84430000,5.50000000,1.8378
1749262834,1.84440000,248.80000000,1.8378
1749262834,1.84450000,170.00000000,1.8378
1749262834,1.84460000,5.50000000,1.8378
1749262834,1.84470000,245.70000000,1.8378
1749262834,1.84480000,287.60000000,1.8378
1749262834,1.84490000,275.50000000,1.8378
1749262834,1.84500000,248.70000000,1.8378
1749262834,1.84510000,283.40000000,1.8378
1749262834,1.84520000,134.40000000,1.8378
1749262834,1.84540000,127.90000000,1.8378
1749262834,1.84570000,4.10000000,1.8378
1749262834,1.84620000,240.00000000,1.8378
1749262834,1.84640000,533.30000000,1.8378
1749262834,1.84650000,1057.20000000,1.8378
1749262834,1.84660000,4.10000000,1.8378
1749262834,1.84670000,277.90000000,1.8378
1749262834,1.84680000,3.00000000,1.8378
1749262834,1.84690000,7.90000000,1.8378
1749262834,1.84700000,12025.50000000,1.8378
1749262834,1.84740000,86.10000000,1.8378
1749262834,1.84750000,4.10000000,1.8378
1749262834,1.84780000,259.60000000,1.8378
1749262834,1.84790000,278.00000000,1.8378
1749262834,1.84800000,12.90000000,1.8378
1749262834,1.84810000,354.70000000,1.8378
1749262834,1.84820000,277.90000000,1.8378
1749262834,1.84830000,10.80000000,1.8378
1749262834,1.84840000,102.90000000,1.8378
1749262834,1.84850000,2.80000000,1.8378
1749262834,1.84860000,3.00000000,1.8378
1749262834,1.84930000,4.10000000,1.8378
1749262834,1.84940000,144.50000000,1.8378
1749262834,1.84950000,278.00000000,1.8378
1749263136,1.85010000,8.50000000,1.85
1749263136,1.85020000,5.50000000,1.85
1749263136,1.85030000,8.50000000,1.85
1749263136,1.85040000,8.50000000,1.85
1749263136,1.85050000,5.50000000,1.85
1749263136,1.85060000,214.60000000,1.85
1749263136,1.85070000,683.40000000,1.85
1749263136,1.85080000,9.60000000,1.85
1749263136,1.85090000,169.80000000,1.85
1749263136,1.85100000,547.60000000,1.85
1749263136,1.85110000,55.50000000,1.85
1749263136,1.85120000,144.60000000,1.85
1749263136,1.85130000,8.50000000,1.85
1749263136,1.85140000,144.60000000,1.85
1749263136,1.85150000,5.50000000,1.85
1749263136,1.85160000,234.10000000,1.85
1749263136,1.85170000,5.50000000,1.85
1749263136,1.85180000,472.80000000,1.85
1749263136,1.85190000,1302.00000000,1.85
1749263136,1.85200000,148.70000000,1.85
1749263136,1.85210000,92.00000000,1.85
1749263136,1.85220000,144.60000000,1.85
1749263136,1.85230000,210.40000000,1.85
1749263136,1.85240000,144.60000000,1.85
1749263136,1.85250000,5.50000000,1.85
1749263136,1.85260000,231.10000000,1.85
1749263136,1.85270000,283.50000000,1.85
1749263136,1.85280000,445.40000000,1.85
1749263136,1.85290000,660.50000000,1.85
1749263136,1.85300000,273.50000000,1.85
1749263136,1.85310000,92.00000000,1.85
1749263136,1.85320000,144.60000000,1.85
1749263136,1.85330000,5.50000000,1.85
1749263136,1.85340000,230.00000000,1.85
1749263136,1.85350000,5.50000000,1.85
1749263136,1.85360000,5.50000000,1.85
1749263136,1.85370000,5.50000000,1.85
1749263136,1.85380000,272.50000000,1.85
1749263136,1.85390000,73.40000000,1.85
1749263136,1.85400000,188.50000000,1.85
1749263136,1.85410000,5.50000000,1.85
1749263136,1.85420000,505.00000000,1.85
1749263136,1.85430000,5.50000000,1.85
1749263136,1.85440000,140.50000000,1.85
1749263136,1.85450000,1513.50000000,1.85
1749263136,1.85460000,200.40000000,1.85
1749263136,1.85470000,9.60000000,1.85
1749263136,1.85480000,1102.60000000,1.85
1749263136,1.85490000,5.50000000,1.85
1749263136,1.85500000,140.50000000,1.85
1749263136,1.85510000,5.50000000,1.85
1749263136,1.85520000,188.50000000,1.85
1749263136,1.85530000,5.50000000,1.85
1749263136,1.85540000,379.50000000,1.85
1749263136,1.85550000,5.50000000,1.85
1749263136,1.85560000,14.80000000,1.85
1749263136,1.85570000,10.00000000,1.85
1749263136,1.85580000,28.00000000,1.85
1749263136,1.85590000,247.20000000,1.85
1749263136,1.85600000,289.50000000,1.85
1749263136,1.85610000,5141.10000000,1.85
1749263136,1.85620000,5.50000000,1.85
1749263136,1.85630000,5.50000000,1.85
1749263136,1.85640000,290.30000000,1.85
1749263136,1.85650000,9.60000000,1.85
1749263136,1.85660000,835.50000000,1.85
1749263136,1.85670000,244.20000000,1.85
1749263136,1.85680000,5.50000000,1.85
1749263136,1.85690000,5.50000000,1.85
1749263136,1.85700000,5.50000000,1.85
1749263136,1.85710000,5.50000000,1.85
1749263136,1.85720000,244.10000000,1.85
1749263136,1.85730000,89.40000000,1.85
1749263136,1.85740000,91.80000000,1.85
1749263136,1.85750000,293.40000000,1.85
1749263136,1.85760000,8.50000000,1.85
1749263136,1.85770000,751.50000000,1.85
1749263136,1.85780000,13.50000000,1.85
1749263136,1.85790000,238.60000000,1.85
1749263136,1.85800000,31.60000000,1.85
1749263136,1.85810000,278.00000000,1.85
1749263136,1.85830000,4.10000000,1.85
1749263136,1.85840000,98.80000000,1.85
1749263136,1.85860000,12044.90000000,1.85
1749263136,1.85870000,238.50000000,1.85
1749263136,1.85880000,164.50000000,1.85
1749263136,1.85890000,144.50000000,1.85
1749263136,1.85900000,277.90000000,1.85
1749263136,1.85910000,354.70000000,1.85
1749263136,1.85920000,6.90000000,1.85
1749263136,1.85930000,238.30000000,1.85
1749263136,1.85940000,262.60000000,1.85
1749263136,1.85950000,238.40000000,1.85
1749263136,1.85970000,278.00000000,1.85
1749263136,1.86000000,246.50000000,1.85
1749263136,1.86010000,4.10000000,1.85
1749263136,1.86050000,300.80000000,1.85
1749263136,1.86100000,4.10000000,1.85
1749263136,1.86120000,281.00000000,1.85
1749263136,1.86190000,4.10000000,1.85
1749263437,1.85120000,185.00000000,1.8513
1749263437,1.85130000,194.20000000,1.8513
1749263437,1.85140000,140.50000000,1.8513
1749263437,1.85150000,9.60000000,1.8513
1749263437,1.85160000,190.50000000,1.8513
1749263437,1.85170000,9.60000000,1.8513
1749263437,1.85180000,235.30000000,1.8513
1749263437,1.85190000,12.60000000,1.8513
1749263437,1.85200000,305.90000000,1.8513
1749263437,1.85210000,273.00000000,1.8513
1749263437,1.85220000,186.90000000,1.8513
1749263437,1.85230000,430.40000000,1.8513
1749263437,1.85240000,524.50000000,1.8513
1749263437,1.85250000,252.20000000,1.8513
1749263437,1.85260000,318.80000000,1.8513
1749263437,1.85270000,270.30000000,1.8513
1749263437,1.85280000,607.50000000,1.8513
1749263437,1.85290000,833.10000000,1.8513
1749263437,1.85300000,279.20000000,1.8513
1749263437,1.85310000,479.00000000,1.8513
1749263437,1.85320000,792.70000000,1.8513
1749263437,1.85330000,1348.80000000,1.8513
1749263437,1.85340000,139.60000000,1.8513
1749263437,1.85350000,566.30000000,1.8513
1749263437,1.85360000,986.00000000,1.8513
1749263437,1.85370000,1013.80000000,1.8513
1749263437,1.85380000,833.90000000,1.8513
1749263437,1.85390000,342.60000000,1.8513
1749263437,1.85400000,308.10000000,1.8513
1749263437,1.85410000,137.70000000,1.8513
1749263437,1.85420000,269.00000000,1.8513
1749263437,1.85430000,279.00000000,1.8513
1749263437,1.85440000,734.80000000,1.8513
1749263437,1.85450000,273.10000000,1.8513
1749263437,1.85460000,318.20000000,1.8513
1749263437,1.85470000,228.70000000,1.8513
1749263437,1.85480000,474.30000000,1.8513
1749263437,1.85490000,407.40000000,1.8513
1749263437,1.85500000,581.70000000,1.8513
1749263437,1.85510000,1488.60000000,1.8513
1749263437,1.85520000,415.70000000,1.8513
1749263437,1.85530000,640.90000000,1.8513
1749263437,1.85540000,133.90000000,1.8513
1749263437,1.85550000,269.10000000,1.8513
1749263437,1.85560000,249.80000000,1.8513
1749263437,1.85570000,482.60000000,1.8513
1749263437,1.85580000,1080.80000000,1.8513
1749263437,1.85590000,3014.50000000,1.8513
1749263437,1.85600000,1183.10000000,1.8513
1749263437,1.85610000,411.80000000,1.8513
1749263437,1.85620000,5257.90000000,1.8513
1749263437,1.85630000,185.40000000,1.8513
1749263437,1.85640000,8.50000000,1.8513
1749263437,1.85650000,9.60000000,1.8513
1749263437,1.85660000,275.50000000,1.8513
1749263437,1.85670000,145.00000000,1.8513
1749263437,1.85680000,275.50000000,1.8513
1749263437,1.85690000,378.30000000,1.8513
1749263437,1.85700000,8.50000000,1.8513
1749263437,1.85710000,5.50000000,1.8513
1749263437,1.85720000,5.50000000,1.8513
1749263437,1.85730000,5.50000000,1.8513
1749263437,1.85740000,247.40000000,1.8513
1749263437,1.85750000,283.40000000,1.8513
1749263437,1.85760000,381.30000000,1.8513
1749263437,1.85770000,5.50000000,1.8513
1749263437,1.85780000,5.50000000,1.8513
1749263437,1.85790000,418.50000000,1.8513
1749263437,1.85800000,5.50000000,1.8513
1749263437,1.85810000,140.50000000,1.8513
1749263437,1.85820000,50.30000000,1.8513
1749263437,1.85830000,144.60000000,1.8513
1749263437,1.85840000,243.50000000,1.8513
1749263437,1.85850000,140.50000000,1.8513
1749263437,1.85860000,242.70000000,1.8513
1749263437,1.85870000,1053.60000000,1.8513
1749263437,1.85890000,135.00000000,1.8513
1749263437,1.85910000,412.90000000,1.8513
1749263437,1.85920000,6.90000000,1.8513
1749263437,1.85930000,237.20000000,1.8513
1749263437,1.85940000,3.00000000,1.8513
1749263437,1.85950000,278.00000000,1.8513
1749263437,1.85990000,237.20000000,1.8513
1749263437,1.86000000,246.50000000,1.8513
1749263437,1.86010000,4.10000000,1.8513
1749263437,1.86030000,237.20000000,1.8513
1749263437,1.86050000,106.80000000,1.8513
1749263437,1.86080000,259.60000000,1.8513
1749263437,1.86090000,238.10000000,1.8513
1749263437,1.86100000,12061.60000000,1.8513
1749263437,1.86110000,555.90000000,1.8513
1749263437,1.86120000,3.00000000,1.8513
1749263437,1.86150000,354.70000000,1.8513
1749263437,1.86190000,4.10000000,1.8513
1749263437,1.86240000,7.90000000,1.8513
1749263437,1.86280000,282.10000000,1.8513
1749263437,1.86300000,597.80000000,1.8513
1749263437,1.86320000,277.90000000,1.8513
1749263437,1.86370000,4.10000000,1.8513
1749263437,1.86390000,67.90000000,1.8513
1749263739,1.85020000,163.20000000,1.8502
1749263739,1.85030000,357.70000000,1.8502
1749263739,1.85040000,837.60000000,1.8502
1749263739,1.85050000,2430.20000000,1.8502
1749263739,1.85060000,140.50000000,1.8502
1749263739,1.85070000,12.60000000,1.8502
1749263739,1.85080000,5.50000000,1.8502
1749263739,1.85090000,174.10000000,1.8502
1749263739,1.85100000,1133.50000000,1.8502
1749263739,1.85110000,709.80000000,1.8502
1749263739,1.85120000,442.80000000,1.8502
1749263739,1.85130000,1060.90000000,1.8502
1749263739,1.85140000,138.00000000,1.8502
1749263739,1.85150000,440.20000000,1.8502
1749263739,1.85160000,421.90000000,1.8502
1749263739,1.85170000,461.90000000,1.8502
1749263739,1.85180000,616.00000000,1.8502
1749263739,1.85190000,280.10000000,1.8502
1749263739,1.85200000,634.40000000,1.8502
1749263739,1.85210000,1352.70000000,1.8502
1749263739,1.85220000,275.90000000,1.8502
1749263739,1.85230000,142.00000000,1.8502
1749263739,1.85240000,653.00000000,1.8502
1749263739,1.85250000,1495.70000000,1.8502
1749263739,1.85260000,645.90000000,1.8502
1749263739,1.85270000,228.50000000,1.8502
1749263739,1.85280000,330.40000000,1.8502
1749263739,1.85290000,146.10000000,1.8502
1749263739,1.85300000,482.30000000,1.8502
1749263739,1.85310000,2196.30000000,1.8502
1749263739,1.85320000,5395.90000000,1.8502
1749263739,1.85330000,1793.10000000,1.8502
1749263739,1.85340000,2629.40000000,1.8502
1749263739,1.85350000,224.40000000,1.8502
1749263739,1.85360000,137.90000000,1.8502
1749263739,1.85370000,272.80000000,1.8502
1749263739,1.85380000,196.40000000,1.8502
1749263739,1.85390000,137.80000000,1.8502
1749263739,1.85400000,414.60000000,1.8502
1749263739,1.85410000,462.50000000,1.8502
1749263739,1.85420000,273.30000000,1.8502
1749263739,1.85430000,138.30000000,1.8502
1749263739,1.85440000,183.20000000,1.8502
1749263739,1.85450000,273.30000000,1.8502
1749263739,1.85460000,419.20000000,1.8502
1749263739,1.85470000,228.90000000,1.8502
1749263739,1.85480000,140.50000000,1.8502
1749263739,1.85490000,243.40000000,1.8502
1749263739,1.85500000,418.50000000,1.8502
1749263739,1.85510000,5.50000000,1.8502
1749263739,1.85520000,143.50000000,1.8502
1749263739,1.85530000,243.40000000,1.8502
1749263739,1.85540000,140.50000000,1.8502
1749263739,1.85550000,5.50000000,1.8502
1749263739,1.85560000,144.60000000,1.8502
1749263739,1.85570000,10.00000000,1.8502
1749263739,1.85580000,143.50000000,1.8502
1749263739,1.85590000,5.50000000,1.8502
1749263739,1.85600000,378.40000000,1.8502
1749263739,1.85610000,283.30000000,1.8502
1749263739,1.85620000,140.40000000,1.8502
1749263739,1.85630000,50.40000000,1.8502
1749263739,1.85640000,972.40000000,1.8502
1749263739,1.85650000,287.50000000,1.8502
1749263739,1.85660000,140.40000000,1.8502
1749263739,1.85670000,5.50000000,1.8502
1749263739,1.85680000,5.50000000,1.8502
1749263739,1.85690000,243.30000000,1.8502
1749263739,1.85700000,5.50000000,1.8502
1749263739,1.85710000,5.50000000,1.8502
1749263739,1.85720000,12287.30000000,1.8502
1749263739,1.85730000,5.50000000,1.8502
1749263739,1.85740000,9.60000000,1.8502
1749263739,1.85750000,243.30000000,1.8502
1749263739,1.85760000,286.40000000,1.8502
1749263739,1.85770000,5.50000000,1.8502
1749263739,1.85800000,278.00000000,1.8502
1749263739,1.85830000,168.30000000,1.8502
1749263739,1.85840000,238.40000000,1.8502
1749263739,1.85850000,354.70000000,1.8502
1749263739,1.85860000,949.00000000,1.8502
1749263739,1.85870000,86.10000000,1.8502
1749263739,1.85880000,238.40000000,1.8502
1749263739,1.85890000,144.50000000,1.8502
1749263739,1.85900000,238.40000000,1.8502
1749263739,1.85910000,442.40000000,1.8502
1749263739,1.85920000,6.90000000,1.8502
1749263739,1.85940000,262.60000000,1.8502
1749263739,1.85950000,278.00000000,1.8502
1749263739,1.85990000,238.40000000,1.8502
1749263739,1.86000000,246.50000000,1.8502
1749263739,1.86010000,4.10000000,1.8502
1749263739,1.86040000,83.90000000,1.8502
1749263739,1.86050000,22.90000000,1.8502
1749263739,1.86100000,523.90000000,1.8502
1749263739,1.86110000,555.90000000,1.8502
1749263739,1.86120000,3.00000000,1.8502
1749263739,1.86130000,305.40000000,1.8502
1749263739,1.86190000,4.10000000,1.8502
1749263739,1.86240000,7.90000000,1.8502
1749264040,1.86250000,153.50000000,1.8625
1749264040,1.86260000,5.40000000,1.8625
1749264040,1.86270000,100.80000000,1.8625
1749264040,1.86280000,55.40000000,1.8625
1749264040,1.86290000,144.50000000,1.8625
1749264040,1.86300000,5.40000000,1.8625
1749264040,1.86310000,29.30000000,1.8625
1749264040,1.86320000,239.60000000,1.8625
1749264040,1.86330000,166.00000000,1.8625
1749264040,1.86340000,783.60000000,1.8625
1749264040,1.86350000,778.80000000,1.8625
1749264040,1.86360000,531.30000000,1.8625
1749264040,1.86370000,550.30000000,1.8625
1749264040,1.86380000,278.50000000,1.8625
1749264040,1.86390000,146.10000000,1.8625
1749264040,1.86400000,522.20000000,1.8625
1749264040,1.86410000,843.20000000,1.8625
1749264040,1.86420000,181.40000000,1.8625
1749264040,1.86430000,269.10000000,1.8625
1749264040,1.86440000,524.60000000,1.8625
1749264040,1.86450000,565.50000000,1.8625
1749264040,1.86460000,650.20000000,1.8625
1749264040,1.86470000,145.70000000,1.8625
1749264040,1.86480000,144.50000000,1.8625
1749264040,1.86490000,148.60000000,1.8625
1749264040,1.86500000,540.30000000,1.8625
1749264040,1.86510000,1708.70000000,1.8625
1749264040,1.86520000,2762.00000000,1.8625
1749264040,1.86530000,900.80000000,1.8625
1749264040,1.86540000,1567.80000000,1.8625
1749264040,1.86550000,284.40000000,1.8625
1749264040,1.86560000,141.20000000,1.8625
1749264040,1.86570000,148.30000000,1.8625
1749264040,1.86580000,185.90000000,1.8625
1749264040,1.86590000,650.30000000,1.8625
1749264040,1.86600000,257.20000000,1.8625
1749264040,1.86610000,695.50000000,1.8625
1749264040,1.86620000,1210.20000000,1.8625
1749264040,1.86630000,381.90000000,1.8625
1749264040,1.86640000,401.70000000,1.8625
1749264040,1.86650000,508.50000000,1.8625
1749264040,1.86660000,705.60000000,1.8625
1749264040,1.86670000,464.70000000,1.8625
1749264040,1.86680000,546.20000000,1.8625
1749264040,1.86690000,1353.10000000,1.8625
1749264040,1.86700000,224.60000000,1.8625
1749264040,1.86710000,273.10000000,1.8625
1749264040,1.86720000,377.70000000,1.8625
1749264040,1.86730000,144.50000000,1.8625
1749264040,1.86740000,5.40000000,1.8625
1749264040,1.86750000,350.70000000,1.8625
1749264040,1.86760000,140.40000000,1.8625
1749264040,1.86770000,4964.90000000,1.8625
1749264040,1.86780000,143.40000000,1.8625
1749264040,1.86790000,16.10000000,1.8625
1749264040,1.86800000,140.40000000,1.8625
1749264040,1.86810000,283.40000000,1.8625
1749264040,1.86820000,144.50000000,1.8625
1749264040,1.86830000,5.40000000,1.8625
1749264040,1.86840000,386.70000000,1.8625
1749264040,1.86850000,283.30000000,1.8625
1749264040,1.86860000,140.40000000,1.8625
1749264040,1.86870000,9.90000000,1.8625
1749264040,1.86880000,223.50000000,1.8625
1749264040,1.86890000,241.80000000,1.8625
1749264040,1.86900000,143.40000000,1.8625
1749264040,1.86910000,245.90000000,1.8625
1749264040,1.86920000,140.40000000,1.8625
1749264040,1.86930000,5.40000000,1.8625
1749264040,1.86940000,140.40000000,1.8625
1749264040,1.86950000,5.40000000,1.8625
1749264040,1.86960000,424.30000000,1.8625
1749264040,1.86970000,283.40000000,1.8625
1749264040,1.86980000,140.40000000,1.8625
1749264040,1.86990000,8.20000000,1.8625
1749264040,1.87000000,835.80000000,1.8625
1749264040,1.87020000,97.00000000,1.8625
1749264040,1.87040000,237.00000000,1.8625
1749264040,1.87070000,13170.80000000,1.8625
1749264040,1.87080000,81.60000000,1.8625
1749264040,1.87090000,4.10000000,1.8625
1749264040,1.87120000,278.00000000,1.8625
1749264040,1.87140000,236.60000000,1.8625
1749264040,1.87150000,277.90000000,1.8625
1749264040,1.87170000,542.40000000,1.8625
1749264040,1.87180000,4.10000000,1.8625
1749264040,1.87200000,464.60000000,1.8625
1749264040,1.87210000,83.90000000,1.8625
1749264040,1.87220000,164.20000000,1.8625
1749264040,1.87240000,163.30000000,1.8625
1749264040,1.87260000,1006.00000000,1.8625
1749264040,1.87270000,4.10000000,1.8625
1749264040,1.87300000,354.70000000,1.8625
1749264040,1.87320000,335.90000000,1.8625
1749264040,1.87330000,6.80000000,1.8625
1749264040,1.87360000,282.10000000,1.8625
1749264040,1.87380000,3.00000000,1.8625
1749264040,1.87410000,73.10000000,1.8625
1749264040,1.87430000,8.00000000,1.8625
1749264040,1.87450000,282.00000000,1.8625
1749264342,1.86450000,8.40000000,1.8648
1749264342,1.86460000,5.40000000,1.8648
1749264342,1.86470000,5.40000000,1.8648
1749264342,1.86480000,58.40000000,1.8648
1749264342,1.86490000,9.50000000,1.8648
1749264342,1.86500000,24.00000000,1.8648
1749264342,1.86510000,193.30000000,1.8648
1749264342,1.86520000,455.40000000,1.8648
1749264342,1.86530000,59.80000000,1.8648
1749264342,1.86540000,143.40000000,1.8648
1749264342,1.86550000,13.60000000,1.8648
1749264342,1.86560000,20.30000000,1.8648
1749264342,1.86570000,229.90000000,1.8648
1749264342,1.86580000,5.40000000,1.8648
1749264342,1.86590000,258.40000000,1.8648
1749264342,1.86600000,805.10000000,1.8648
1749264342,1.86610000,9.50000000,1.8648
1749264342,1.86620000,502.50000000,1.8648
1749264342,1.86630000,1086.00000000,1.8648
1749264342,1.86640000,144.50000000,1.8648
1749264342,1.86650000,9.50000000,1.8648
1749264342,1.86660000,143.40000000,1.8648
1749264342,1.86670000,476.20000000,1.8648
1749264342,1.86680000,2369.30000000,1.8648
1749264342,1.86690000,2246.90000000,1.8648
1749264342,1.86700000,140.40000000,1.8648
1749264342,1.86710000,9.50000000,1.8648
1749264342,1.86720000,257.30000000,1.8648
1749264342,1.86730000,383.60000000,1.8648
1749264342,1.86740000,140.40000000,1.8648
1749264342,1.86750000,5.40000000,1.8648
1749264342,1.86760000,1747.50000000,1.8648
1749264342,1.86770000,5556.60000000,1.8648
1749264342,1.86780000,421.40000000,1.8648
1749264342,1.86790000,129.10000000,1.8648
1749264342,1.86800000,637.90000000,1.8648
1749264342,1.86810000,870.40000000,1.8648
1749264342,1.86820000,144.50000000,1.8648
1749264342,1.86830000,283.30000000,1.8648
1749264342,1.86840000,386.70000000,1.8648
1749264342,1.86850000,5.40000000,1.8648
1749264342,1.86860000,5.40000000,1.8648
1749264342,1.86870000,89.30000000,1.8648
1749264342,1.86880000,376.70000000,1.8648
1749264342,1.86890000,5.40000000,1.8648
1749264342,1.86900000,143.40000000,1.8648
1749264342,1.86910000,9.50000000,1.8648
1749264342,1.86920000,376.70000000,1.8648
1749264342,1.86930000,283.40000000,1.8648
1749264342,1.86940000,144.90000000,1.8648
1749264342,1.86950000,5.40000000,1.8648
1749264342,1.86960000,424.80000000,1.8648
1749264342,1.86970000,5.40000000,1.8648
1749264342,1.86980000,5.40000000,1.8648
1749264342,1.86990000,8.20000000,1.8648
1749264342,1.87000000,758.50000000,1.8648
1749264342,1.87010000,241.60000000,1.8648
1749264342,1.87020000,237.40000000,1.8648
1749264342,1.87030000,5.40000000,1.8648
1749264342,1.87040000,5.40000000,1.8648
1749264342,1.87050000,5.40000000,1.8648
1749264342,1.87060000,376.60000000,1.8648
1749264342,1.87070000,5.40000000,1.8648
1749264342,1.87080000,87.00000000,1.8648
1749264342,1.87090000,832.50000000,1.8648
1749264342,1.87100000,5.40000000,1.8648
1749264342,1.87110000,5.40000000,1.8648
1749264342,1.87120000,283.40000000,1.8648
1749264342,1.87130000,5.40000000,1.8648
1749264342,1.87140000,242.20000000,1.8648
1749264342,1.87150000,328.00000000,1.8648
1749264342,1.87160000,5.40000000,1.8648
1749264342,1.87170000,547.60000000,1.8648
1749264342,1.87180000,9.50000000,1.8648
1749264342,1.87190000,5.40000000,1.8648
1749264342,1.87200000,210.40000000,1.8648
1749264342,1.87210000,5.40000000,1.8648
1749264342,1.87220000,236.80000000,1.8648
1749264342,1.87240000,518.00000000,1.8648
1749264342,1.87250000,236.60000000,1.8648
1749264342,1.87260000,259.60000000,1.8648
1749264342,1.87270000,4.10000000,1.8648
1749264342,1.87280000,12106.30000000,1.8648
1749264342,1.87310000,236.50000000,1.8648
1749264342,1.87320000,335.90000000,1.8648
1749264342,1.87330000,6.80000000,1.8648
1749264342,1.87360000,282.10000000,1.8648
1749264342,1.87380000,1188.00000000,1.8648
1749264342,1.87410000,73.10000000,1.8648
1749264342,1.87430000,8.00000000,1.8648
1749264342,1.87450000,282.00000000,1.8648
1749264342,1.87500000,33.90000000,1.8648
1749264342,1.87510000,278.00000000,1.8648
1749264342,1.87540000,4.10000000,1.8648
1749264342,1.87560000,3.00000000,1.8648
1749264342,1.87630000,4.10000000,1.8648
1749264342,1.87670000,278.00000000,1.8648
1749264342,1.87720000,4.10000000,1.8648
1749264342,1.87740000,3.00000000,1.8648
1749264342,1.87750000,277.90000000,1.8648
1749264644,1.86670000,51.40000000,1.8662
1749264644,1.86680000,96.80000000,1.8662
1749264644,1.86690000,144.50000000,1.8662
1749264644,1.86700000,55.40000000,1.8662
1749264644,1.86710000,139.10000000,1.8662
1749264644,1.86720000,8.40000000,1.8662
1749264644,1.86730000,147.50000000,1.8662
1749264644,1.86740000,171.50000000,1.8662
1749264644,1.86750000,386.90000000,1.8662
1749264644,1.86760000,195.90000000,1.8662
1749264644,1.86770000,285.00000000,1.8662
1749264644,1.86780000,198.90000000,1.8662
1749264644,1.86790000,285.10000000,1.8662
1749264644,1.86800000,196.00000000,1.8662
1749264644,1.86810000,450.60000000,1.8662
1749264644,1.86820000,150.10000000,1.8662
1749264644,1.86830000,1174.70000000,1.8662
1749264644,1.86840000,585.30000000,1.8662
1749264644,1.86850000,150.00000000,1.8662
1749264644,1.86860000,280.90000000,1.8662
1749264644,1.86870000,343.30000000,1.8662
1749264644,1.86880000,850.40000000,1.8662
1749264644,1.86890000,1028.70000000,1.8662
1749264644,1.86900000,686.60000000,1.8662
1749264644,1.86910000,289.00000000,1.8662
1749264644,1.86920000,145.50000000,1.8662
1749264644,1.86930000,287.30000000,1.8662
1749264644,1.86940000,256.90000000,1.8662
1749264644,1.86950000,284.30000000,1.8662
1749264644,1.86960000,429.00000000,1.8662
1749264644,1.86970000,404.70000000,1.8662
1749264644,1.86980000,401.30000000,1.8662
1749264644,1.86990000,2500.10000000,1.8662
1749264644,1.87000000,595.90000000,1.8662
1749264644,1.87010000,1606.30000000,1.8662
1749264644,1.87020000,511.50000000,1.8662
1749264644,1.87030000,958.60000000,1.8662
1749264644,1.87040000,671.50000000,1.8662
1749264644,1.87050000,380.50000000,1.8662
1749264644,1.87060000,279.40000000,1.8662
1749264644,1.87070000,549.90000000,1.8662
1749264644,1.87080000,1351.70000000,1.8662
1749264644,1.87090000,148.50000000,1.8662
1749264644,1.87100000,1150.20000000,1.8662
1749264644,1.87110000,144.20000000,1.8662
1749264644,1.87120000,281.00000000,1.8662
1749264644,1.87130000,382.00000000,1.8662
1749264644,1.87140000,284.00000000,1.8662
1749264644,1.87150000,190.50000000,1.8662
1749264644,1.87160000,5733.30000000,1.8662
1749264644,1.87170000,241.30000000,1.8662
1749264644,1.87180000,9.50000000,1.8662
1749264644,1.87190000,580.10000000,1.8662
1749264644,1.87200000,286.40000000,1.8662
1749264644,1.87210000,140.40000000,1.8662
1749264644,1.87220000,241.20000000,1.8662
1749264644,1.87230000,140.40000000,1.8662
1749264644,1.87240000,168.70000000,1.8662
1749264644,1.87250000,140.40000000,1.8662
1749264644,1.87260000,248.70000000,1.8662
1749264644,1.87270000,144.50000000,1.8662
1749264644,1.87280000,5.40000000,1.8662
1749264644,1.87290000,5.40000000,1.8662
1749264644,1.87300000,5.40000000,1.8662
1749264644,1.87310000,5.40000000,1.8662
1749264644,1.87320000,5.40000000,1.8662
1749264644,1.87330000,382.80000000,1.8662
1749264644,1.87340000,49.90000000,1.8662
1749264644,1.87350000,241.10000000,1.8662
1749264644,1.87360000,565.40000000,1.8662
1749264644,1.87370000,5.40000000,1.8662
1749264644,1.87380000,1118.50000000,1.8662
1749264644,1.87390000,5.40000000,1.8662
1749264644,1.87400000,5.40000000,1.8662
1749264644,1.87410000,78.50000000,1.8662
1749264644,1.87420000,5.40000000,1.8662
1749264644,1.87430000,8.00000000,1.8662
1749264644,1.87440000,322.60000000,1.8662
1749264644,1.87450000,4.10000000,1.8662
1749264644,1.87460000,235.80000000,1.8662
1749264644,1.87470000,305.40000000,1.8662
1749264644,1.87480000,875.50000000,1.8662
1749264644,1.87490000,12120.40000000,1.8662
1749264644,1.87500000,270.10000000,1.8662
1749264644,1.87510000,278.00000000,1.8662
1749264644,1.87540000,4.10000000,1.8662
1749264644,1.87560000,3.00000000,1.8662
1749264644,1.87580000,259.60000000,1.8662
1749264644,1.87590000,236.20000000,1.8662
1749264644,1.87600000,277.90000000,1.8662
1749264644,1.87630000,4.10000000,1.8662
1749264644,1.87670000,278.00000000,1.8662
1749264644,1.87720000,4.10000000,1.8662
1749264644,1.87740000,3.00000000,1.8662
1749264644,1.87750000,277.90000000,1.8662
1749264644,1.87770000,317.90000000,1.8662
1749264644,1.87780000,85.30000000,1.8662
1749264644,1.87800000,152.40000000,1.8662
1749264644,1.87810000,168.60000000,1.8662
1749264644,1.87830000,957.00000000,1.8662
1749264950,1.87930000,163.20000000,1.8793
1749264950,1.87940000,166.00000000,1.8793
1749264950,1.87950000,362.80000000,1.8793
1749264950,1.87960000,67.20000000,1.8793
1749264950,1.87970000,144.40000000,1.8793
1749264950,1.87980000,29.40000000,1.8793
1749264950,1.87990000,1370.70000000,1.8793
1749264950,1.88000000,5039.70000000,1.8793
1749264950,1.88010000,501.80000000,1.8793
1749264950,1.88020000,1021.30000000,1.8793
1749264950,1.88030000,291.50000000,1.8793
1749264950,1.88040000,453.90000000,1.8793
1749264950,1.88050000,1325.30000000,1.8793
1749264950,1.88060000,1504.20000000,1.8793
1749264950,1.88070000,1054.00000000,1.8793
1749264950,1.88080000,770.40000000,1.8793
1749264950,1.88090000,296.00000000,1.8793
1749264950,1.88100000,204.30000000,1.8793
1749264950,1.88110000,296.00000000,1.8793
1749264950,1.88120000,607.60000000,1.8793
1749264950,1.88130000,1501.90000000,1.8793
1749264950,1.88140000,243.50000000,1.8793
1749264950,1.88150000,296.20000000,1.8793
1749264950,1.88160000,691.20000000,1.8793
1749264950,1.88170000,296.30000000,1.8793
1749264950,1.88180000,164.00000000,1.8793
1749264950,1.88190000,292.20000000,1.8793
1749264950,1.88200000,2501.70000000,1.8793
1749264950,1.88210000,526.90000000,1.8793
1749264950,1.88220000,283.90000000,1.8793
1749264950,1.88230000,570.20000000,1.8793
1749264950,1.88240000,157.20000000,1.8793
1749264950,1.88250000,386.30000000,1.8793
1749264950,1.88260000,161.30000000,1.8793
1749264950,1.88270000,614.20000000,1.8793
1749264950,1.88280000,2377.30000000,1.8793
1749264950,1.88290000,336.60000000,1.8793
1749264950,1.88300000,157.20000000,1.8793
1749264950,1.88310000,303.20000000,1.8793
1749264950,1.88320000,760.60000000,1.8793
1749264950,1.88330000,297.30000000,1.8793
1749264950,1.88340000,246.70000000,1.8793
1749264950,1.88350000,296.30000000,1.8793
1749264950,1.88360000,157.20000000,1.8793
1749264950,1.88370000,292.20000000,1.8793
1749264950,1.88380000,416.80000000,1.8793
1749264950,1.88390000,897.10000000,1.8793
1749264950,1.88400000,5096.60000000,1.8793
1749264950,1.88410000,373.20000000,1.8793
1749264950,1.88420000,27.00000000,1.8793
1749264950,1.88430000,73.30000000,1.8793
1749264950,1.88440000,1062.60000000,1.8793
1749264950,1.88450000,5.40000000,1.8793
1749264950,1.88460000,8.40000000,1.8793
1749264950,1.88470000,240.40000000,1.8793
1749264950,1.88480000,49.80000000,1.8793
1749264950,1.88490000,5.40000000,1.8793
1749264950,1.88500000,5.40000000,1.8793
1749264950,1.88510000,5.40000000,1.8793
1749264950,1.88520000,9.90000000,1.8793
1749264950,1.88530000,9.50000000,1.8793
1749264950,1.88540000,240.40000000,1.8793
1749264950,1.88550000,283.40000000,1.8793
1749264950,1.88560000,283.30000000,1.8793
1749264950,1.88570000,5.40000000,1.8793
1749264950,1.88580000,240.40000000,1.8793
1749264950,1.88590000,947.30000000,1.8793
1749264950,1.88600000,37.00000000,1.8793
1749264950,1.88610000,5.40000000,1.8793
1749264950,1.88620000,9.50000000,1.8793
1749264950,1.88630000,5.40000000,1.8793
1749264950,1.88640000,12.30000000,1.8793
1749264950,1.88650000,5.40000000,1.8793
1749264950,1.88660000,5.40000000,1.8793
1749264950,1.88670000,240.30000000,1.8793
1749264950,1.88680000,12353.50000000,1.8793
1749264950,1.88700000,234.90000000,1.8793
1749264950,1.88710000,282.00000000,1.8793
1749264950,1.88730000,354.70000000,1.8793
1749264950,1.88750000,278.00000000,1.8793
1749264950,1.88760000,144.50000000,1.8793
1749264950,1.88770000,10.50000000,1.8793
1749264950,1.88790000,3.30000000,1.8793
1749264950,1.88800000,10.20000000,1.8793
1749264950,1.88810000,171.40000000,1.8793
1749264950,1.88820000,22.00000000,1.8793
1749264950,1.88850000,98.80000000,1.8793
1749264950,1.88890000,4.10000000,1.8793
1749264950,1.88900000,1167.00000000,1.8793
1749264950,1.88910000,278.00000000,1.8793
1749264950,1.88930000,147.50000000,1.8793
1749264950,1.88980000,4.10000000,1.8793
1749264950,1.88990000,3058.10000000,1.8793
1749264950,1.89000000,4394.20000000,1.8793
1749264950,1.89020000,6.80000000,1.8793
1749264950,1.89070000,4.10000000,1.8793
1749264950,1.89080000,56.10000000,1.8793
1749264950,1.89110000,106.10000000,1.8793
1749264950,1.89120000,280.80000000,1.8793
1749264950,1.89160000,4.10000000,1.8793
1749265252,1.86450000,5.40000000,1.8649
1749265252,1.86460000,5.40000000,1.8649
1749265252,1.86470000,9.50000000,1.8649
1749265252,1.86480000,55.40000000,1.8649
1749265252,1.86490000,116.20000000,1.8649
1749265252,1.86500000,55.40000000,1.8649
1749265252,1.86510000,302.80000000,1.8649
1749265252,1.86520000,460.40000000,1.8649
1749265252,1.86530000,182.40000000,1.8649
1749265252,1.86540000,546.90000000,1.8649
1749265252,1.86550000,952.50000000,1.8649
1749265252,1.86560000,415.70000000,1.8649
1749265252,1.86570000,1483.90000000,1.8649
1749265252,1.86580000,1460.60000000,1.8649
1749265252,1.86590000,1056.10000000,1.8649
1749265252,1.86600000,1133.80000000,1.8649
1749265252,1.86610000,1359.90000000,1.8649
1749265252,1.86620000,616.10000000,1.8649
1749265252,1.86630000,764.80000000,1.8649
1749265252,1.86640000,810.30000000,1.8649
1749265252,1.86650000,169.30000000,1.8649
1749265252,1.86660000,303.20000000,1.8649
1749265252,1.86670000,285.30000000,1.8649
1749265252,1.86680000,300.20000000,1.8649
1749265252,1.86690000,1332.40000000,1.8649
1749265252,1.86700000,4122.50000000,1.8649
1749265252,1.86710000,524.70000000,1.8649
1749265252,1.86720000,446.20000000,1.8649
1749265252,1.86730000,535.00000000,1.8649
1749265252,1.86740000,880.30000000,1.8649
1749265252,1.86750000,2485.20000000,1.8649
1749265252,1.86760000,297.60000000,1.8649
1749265252,1.86770000,207.20000000,1.8649
1749265252,1.86780000,387.10000000,1.8649
1749265252,1.86790000,440.50000000,1.8649
1749265252,1.86800000,297.60000000,1.8649
1749265252,1.86810000,162.60000000,1.8649
1749265252,1.86820000,301.70000000,1.8649
1749265252,1.86830000,485.40000000,1.8649
1749265252,1.86840000,300.60000000,1.8649
1749265252,1.86850000,398.80000000,1.8649
1749265252,1.86860000,297.60000000,1.8649
1749265252,1.86870000,440.60000000,1.8649
1749265252,1.86880000,162.60000000,1.8649
1749265252,1.86890000,5596.90000000,1.8649
1749265252,1.86900000,165.60000000,1.8649
1749265252,1.86910000,538.00000000,1.8649
1749265252,1.86920000,5.40000000,1.8649
1749265252,1.86930000,407.60000000,1.8649
1749265252,1.86940000,283.30000000,1.8649
1749265252,1.86950000,140.40000000,1.8649
1749265252,1.86960000,53.10000000,1.8649
1749265252,1.86970000,376.50000000,1.8649
1749265252,1.86980000,59.90000000,1.8649
1749265252,1.86990000,140.40000000,1.8649
1749265252,1.87000000,245.70000000,1.8649
1749265252,1.87010000,140.40000000,1.8649
1749265252,1.87020000,16.30000000,1.8649
1749265252,1.87030000,5.40000000,1.8649
1749265252,1.87040000,287.90000000,1.8649
1749265252,1.87050000,140.40000000,1.8649
1749265252,1.87060000,241.30000000,1.8649
1749265252,1.87070000,140.40000000,1.8649
1749265252,1.87080000,5.40000000,1.8649
1749265252,1.87090000,9.50000000,1.8649
1749265252,1.87100000,283.30000000,1.8649
1749265252,1.87110000,828.40000000,1.8649
1749265252,1.87120000,5.40000000,1.8649
1749265252,1.87130000,241.50000000,1.8649
1749265252,1.87140000,5.40000000,1.8649
1749265252,1.87150000,50.00000000,1.8649
1749265252,1.87160000,5.40000000,1.8649
1749265252,1.87170000,5.40000000,1.8649
1749265252,1.87180000,245.30000000,1.8649
1749265252,1.87190000,5.40000000,1.8649
1749265252,1.87200000,14.50000000,1.8649
1749265252,1.87210000,1411.30000000,1.8649
1749265252,1.87220000,278.00000000,1.8649
1749265252,1.87230000,236.70000000,1.8649
1749265252,1.87240000,1126.00000000,1.8649
1749265252,1.87250000,12041.60000000,1.8649
1749265252,1.87260000,1025.50000000,1.8649
1749265252,1.87270000,4.10000000,1.8649
1749265252,1.87280000,277.90000000,1.8649
1749265252,1.87300000,354.70000000,1.8649
1749265252,1.87330000,6.80000000,1.8649
1749265252,1.87360000,4.10000000,1.8649
1749265252,1.87370000,278.00000000,1.8649
1749265252,1.87380000,239.50000000,1.8649
1749265252,1.87390000,305.40000000,1.8649
1749265252,1.87410000,244.50000000,1.8649
1749265252,1.87450000,4.10000000,1.8649
1749265252,1.87500000,164.50000000,1.8649
1749265252,1.87520000,277.90000000,1.8649
1749265252,1.87540000,282.10000000,1.8649
1749265252,1.87560000,3.00000000,1.8649
1749265252,1.87580000,54.50000000,1.8649
1749265252,1.87630000,4.00000000,1.8649
1749265252,1.87670000,277.90000000,1.8649
1749265252,1.87690000,278.00000000,1.8649
1749265553,1.87020000,18.20000000,1.8702
1749265553,1.87030000,5.40000000,1.8702
1749265553,1.87040000,5.40000000,1.8702
1749265553,1.87050000,8.40000000,1.8702
1749265553,1.87060000,5.40000000,1.8702
1749265553,1.87070000,140.40000000,1.8702
1749265553,1.87080000,12.50000000,1.8702
1749265553,1.87090000,302.30000000,1.8702
1749265553,1.87100000,167.30000000,1.8702
1749265553,1.87110000,343.30000000,1.8702
1749265553,1.87120000,167.30000000,1.8702
1749265553,1.87130000,301.20000000,1.8702
1749265553,1.87140000,535.00000000,1.8702
1749265553,1.87150000,1764.20000000,1.8702
1749265553,1.87160000,1762.00000000,1.8702
1749265553,1.87170000,883.50000000,1.8702
1749265553,1.87180000,1038.50000000,1.8702
1749265553,1.87190000,1207.70000000,1.8702
1749265553,1.87200000,170.30000000,1.8702
1749265553,1.87210000,616.00000000,1.8702
1749265553,1.87220000,999.70000000,1.8702
1749265553,1.87230000,430.40000000,1.8702
1749265553,1.87240000,445.20000000,1.8702
1749265553,1.87250000,163.10000000,1.8702
1749265553,1.87260000,305.40000000,1.8702
1749265553,1.87270000,630.90000000,1.8702
1749265553,1.87280000,1593.20000000,1.8702
1749265553,1.87290000,1332.30000000,1.8702
1749265553,1.87300000,3112.40000000,1.8702
1749265553,1.87310000,418.70000000,1.8702
1749265553,1.87320000,401.40000000,1.8702
1749265553,1.87330000,620.40000000,1.8702
1749265553,1.87340000,1236.50000000,1.8702
1749265553,1.87350000,165.90000000,1.8702
1749265553,1.87360000,437.50000000,1.8702
1749265553,1.87370000,584.40000000,1.8702
1749265553,1.87380000,442.00000000,1.8702
1749265553,1.87390000,441.00000000,1.8702
1749265553,1.87400000,298.00000000,1.8702
1749265553,1.87410000,236.10000000,1.8702
1749265553,1.87420000,298.00000000,1.8702
1749265553,1.87430000,398.50000000,1.8702
1749265553,1.87440000,6129.70000000,1.8702
1749265553,1.87450000,167.10000000,1.8702
1749265553,1.87460000,298.00000000,1.8702
1749265553,1.87470000,163.00000000,1.8702
1749265553,1.87480000,352.50000000,1.8702
1749265553,1.87490000,1389.20000000,1.8702
1749265553,1.87500000,143.40000000,1.8702
1749265553,1.87510000,5.40000000,1.8702
1749265553,1.87520000,422.80000000,1.8702
1749265553,1.87530000,285.50000000,1.8702
1749265553,1.87540000,422.50000000,1.8702
1749265553,1.87550000,5.40000000,1.8702
1749265553,1.87560000,143.40000000,1.8702
1749265553,1.87570000,5.40000000,1.8702
1749265553,1.87580000,375.90000000,1.8702
1749265553,1.87590000,5.40000000,1.8702
1749265553,1.87600000,1985.40000000,1.8702
1749265553,1.87610000,5.40000000,1.8702
1749265553,1.87620000,5.40000000,1.8702
1749265553,1.87630000,9.40000000,1.8702
1749265553,1.87640000,5.40000000,1.8702
1749265553,1.87650000,265.00000000,1.8702
1749265553,1.87660000,375.90000000,1.8702
1749265553,1.87670000,283.30000000,1.8702
1749265553,1.87680000,5.40000000,1.8702
1749265553,1.87690000,283.40000000,1.8702
1749265553,1.87700000,5.40000000,1.8702
1749265553,1.87710000,5.40000000,1.8702
1749265553,1.87720000,9.40000000,1.8702
1749265553,1.87730000,241.50000000,1.8702
1749265553,1.87740000,1134.40000000,1.8702
1749265553,1.87750000,5.40000000,1.8702
1749265553,1.87760000,240.90000000,1.8702
1749265553,1.87770000,12015.40000000,1.8702
1749265553,1.87780000,305.40000000,1.8702
1749265553,1.87800000,152.40000000,1.8702
1749265553,1.87810000,4.00000000,1.8702
1749265553,1.87830000,164.50000000,1.8702
1749265553,1.87840000,612.20000000,1.8702
1749265553,1.87850000,513.50000000,1.8702
1749265553,1.87860000,4380.00000000,1.8702
1749265553,1.87870000,48.40000000,1.8702
1749265553,1.87900000,4.00000000,1.8702
1749265553,1.87920000,3.00000000,1.8702
1749265553,1.87950000,235.90000000,1.8702
1749265553,1.87960000,354.70000000,1.8702
1749265553,1.87970000,171.40000000,1.8702
1749265553,1.87990000,4.00000000,1.8702
1749265553,1.88000000,356.50000000,1.8702
1749265553,1.88010000,278.00000000,1.8702
1749265553,1.88060000,2.80000000,1.8702
1749265553,1.88080000,4.00000000,1.8702
1749265553,1.88100000,3.00000000,1.8702
1749265553,1.88170000,560.00000000,1.8702
1749265553,1.88180000,6.80000000,1.8702
1749265553,1.88200000,70.00000000,1.8702
1749265553,1.88220000,123.70000000,1.8702
1749265553,1.88250000,94.10000000,1.8702
1749265855,1.86970000,163.20000000,1.8696
1749265855,1.86980000,279.30000000,1.8696
1749265855,1.86990000,71.40000000,1.8696
1749265855,1.87000000,144.50000000,1.8696
1749265855,1.87010000,41.40000000,1.8696
1749265855,1.87020000,131.30000000,1.8696
1749265855,1.87030000,140.40000000,1.8696
1749265855,1.87040000,181.80000000,1.8696
1749265855,1.87050000,619.90000000,1.8696
1749265855,1.87060000,707.90000000,1.8696
1749265855,1.87070000,162.70000000,1.8696
1749265855,1.87080000,304.80000000,1.8696
1749265855,1.87090000,311.00000000,1.8696
1749265855,1.87100000,480.80000000,1.8696
1749265855,1.87110000,282.10000000,1.8696
1749265855,1.87120000,388.20000000,1.8696
1749265855,1.87130000,338.80000000,1.8696
1749265855,1.87140000,552.20000000,1.8696
1749265855,1.87150000,242.20000000,1.8696
1749265855,1.87160000,300.70000000,1.8696
1749265855,1.87170000,575.90000000,1.8696
1749265855,1.87180000,1494.20000000,1.8696
1749265855,1.87190000,397.40000000,1.8696
1749265855,1.87200000,829.40000000,1.8696
1749265855,1.87210000,1888.90000000,1.8696
1749265855,1.87220000,901.40000000,1.8696
1749265855,1.87230000,1454.60000000,1.8696
1749265855,1.87240000,1293.60000000,1.8696
1749265855,1.87250000,3132.70000000,1.8696
1749265855,1.87260000,845.00000000,1.8696
1749265855,1.87270000,508.10000000,1.8696
1749265855,1.87280000,679.80000000,1.8696
1749265855,1.87290000,710.70000000,1.8696
1749265855,1.87300000,1368.90000000,1.8696
1749265855,1.87310000,322.70000000,1.8696
1749265855,1.87320000,844.60000000,1.8696
1749265855,1.87330000,1158.40000000,1.8696
1749265855,1.87340000,916.10000000,1.8696
1749265855,1.87350000,397.40000000,1.8696
1749265855,1.87360000,301.00000000,1.8696
1749265855,1.87370000,161.90000000,1.8696
1749265855,1.87380000,751.90000000,1.8696
1749265855,1.87390000,1621.60000000,1.8696
1749265855,1.87400000,502.50000000,1.8696
1749265855,1.87410000,397.30000000,1.8696
1749265855,1.87420000,296.90000000,1.8696
1749265855,1.87430000,58.80000000,1.8696
1749265855,1.87440000,143.40000000,1.8696
1749265855,1.87450000,287.40000000,1.8696
1749265855,1.87460000,1869.80000000,1.8696
1749265855,1.87470000,4823.40000000,1.8696
1749265855,1.87480000,140.40000000,1.8696
1749265855,1.87490000,5.40000000,1.8696
1749265855,1.87500000,513.30000000,1.8696
1749265855,1.87510000,5.40000000,1.8696
1749265855,1.87520000,140.40000000,1.8696
1749265855,1.87530000,49.90000000,1.8696
1749265855,1.87540000,427.00000000,1.8696
1749265855,1.87550000,5.40000000,1.8696
1749265855,1.87560000,8.40000000,1.8696
1749265855,1.87570000,240.70000000,1.8696
1749265855,1.87580000,5.40000000,1.8696
1749265855,1.87590000,5.40000000,1.8696
1749265855,1.87600000,5.40000000,1.8696
1749265855,1.87610000,69.80000000,1.8696
1749265855,1.87620000,8.40000000,1.8696
1749265855,1.87630000,9.40000000,1.8696
1749265855,1.87640000,240.70000000,1.8696
1749265855,1.87650000,5.40000000,1.8696
1749265855,1.87660000,5.40000000,1.8696
1749265855,1.87670000,1060.60000000,1.8696
1749265855,1.87680000,5.40000000,1.8696
1749265855,1.87690000,561.30000000,1.8696
1749265855,1.87700000,5.40000000,1.8696
1749265855,1.87710000,5.40000000,1.8696
1749265855,1.87720000,244.50000000,1.8696
1749265855,1.87740000,3.00000000,1.8696
1749265855,1.87750000,22.00000000,1.8696
1749265855,1.87780000,236.10000000,1.8696
1749265855,1.87800000,316.90000000,1.8696
1749265855,1.87810000,4.00000000,1.8696
1749265855,1.87830000,259.60000000,1.8696
1749265855,1.87840000,612.50000000,1.8696
1749265855,1.87850000,278.00000000,1.8696
1749265855,1.87860000,235.80000000,1.8696
1749265855,1.87870000,12425.80000000,1.8696
1749265855,1.87900000,545.30000000,1.8696
1749265855,1.87910000,1075.00000000,1.8696
1749265855,1.87920000,3.00000000,1.8696
1749265855,1.87940000,171.40000000,1.8696
1749265855,1.87950000,235.90000000,1.8696
1749265855,1.87960000,354.70000000,1.8696
1749265855,1.87990000,4.00000000,1.8696
1749265855,1.88000000,625.50000000,1.8696
1749265855,1.88010000,278.00000000,1.8696
1749265855,1.88060000,2.80000000,1.8696
1749265855,1.88080000,4.00000000,1.8696
1749265855,1.88100000,3.00000000,1.8696
1749265855,1.88170000,560.00000000,1.8696
1749265855,1.88180000,6.80000000,1.8696
1749266156,1.86930000,140.40000000,1.8696
1749266156,1.86940000,251.60000000,1.8696
1749266156,1.86950000,370.50000000,1.8696
1749266156,1.86960000,9.50000000,1.8696
1749266156,1.86970000,34.80000000,1.8696
1749266156,1.86980000,197.50000000,1.8696
1749266156,1.86990000,121.70000000,1.8696
1749266156,1.87000000,559.90000000,1.8696
1749266156,1.87010000,323.80000000,1.8696
1749266156,1.87020000,225.10000000,1.8696
1749266156,1.87030000,449.80000000,1.8696
1749266156,1.87040000,383.80000000,1.8696
1749266156,1.87050000,257.10000000,1.8696
1749266156,1.87060000,526.60000000,1.8696
1749266156,1.87070000,1304.80000000,1.8696
1749266156,1.87080000,1833.40000000,1.8696
1749266156,1.87090000,1965.20000000,1.8696
1749266156,1.87100000,428.30000000,1.8696
1749266156,1.87110000,433.70000000,1.8696
1749266156,1.87120000,874.10000000,1.8696
1749266156,1.87130000,388.90000000,1.8696
1749266156,1.87140000,297.00000000,1.8696
1749266156,1.87150000,346.00000000,1.8696
1749266156,1.87160000,170.60000000,1.8696
1749266156,1.87170000,428.50000000,1.8696
1749266156,1.87180000,893.30000000,1.8696
1749266156,1.87190000,2971.70000000,1.8696
1749266156,1.87200000,4413.40000000,1.8696
1749266156,1.87210000,374.90000000,1.8696
1749266156,1.87220000,305.60000000,1.8696
1749266156,1.87230000,342.70000000,1.8696
1749266156,1.87240000,2075.20000000,1.8696
1749266156,1.87250000,5112.90000000,1.8696
1749266156,1.87260000,674.80000000,1.8696
1749266156,1.87270000,1271.30000000,1.8696
1749266156,1.87280000,300.60000000,1.8696
1749266156,1.87290000,252.10000000,1.8696
1749266156,1.87300000,421.00000000,1.8696
1749266156,1.87310000,515.30000000,1.8696
1749266156,1.87320000,463.90000000,1.8696
1749266156,1.87330000,534.50000000,1.8696
1749266156,1.87340000,476.50000000,1.8696
1749266156,1.87350000,548.80000000,1.8696
1749266156,1.87360000,753.90000000,1.8696
1749266156,1.87370000,485.80000000,1.8696
1749266156,1.87380000,301.70000000,1.8696
1749266156,1.87390000,5.40000000,1.8696
1749266156,1.87400000,140.40000000,1.8696
1749266156,1.87410000,5.40000000,1.8696
1749266156,1.87420000,375.90000000,1.8696
1749266156,1.87430000,5.40000000,1.8696
1749266156,1.87440000,143.40000000,1.8696
1749266156,1.87450000,9.50000000,1.8696
1749266156,1.87460000,375.90000000,1.8696
1749266156,1.87470000,538.40000000,1.8696
1749266156,1.87480000,140.40000000,1.8696
1749266156,1.87490000,5.40000000,1.8696
1749266156,1.87500000,147.90000000,1.8696
1749266156,1.87510000,561.30000000,1.8696
1749266156,1.87520000,140.40000000,1.8696
1749266156,1.87530000,285.10000000,1.8696
1749266156,1.87540000,144.50000000,1.8696
1749266156,1.87550000,5.40000000,1.8696
1749266156,1.87560000,243.60000000,1.8696
1749266156,1.87570000,5.40000000,1.8696
1749266156,1.87580000,5.40000000,1.8696
1749266156,1.87590000,5.40000000,1.8696
1749266156,1.87600000,5.40000000,1.8696
1749266156,1.87610000,5.40000000,1.8696
1749266156,1.87620000,5.40000000,1.8696
1749266156,1.87630000,9.40000000,1.8696
1749266156,1.87640000,240.60000000,1.8696
1749266156,1.87650000,825.40000000,1.8696
1749266156,1.87660000,561.30000000,1.8696
1749266156,1.87670000,240.50000000,1.8696
1749266156,1.87680000,5.40000000,1.8696
1749266156,1.87720000,4.00000000,1.8696
1749266156,1.87730000,235.10000000,1.8696
1749266156,1.87740000,3.00000000,1.8696
1749266156,1.87750000,235.10000000,1.8696
1749266156,1.87790000,259.60000000,1.8696
1749266156,1.87800000,204.10000000,1.8696
1749266156,1.87810000,4.00000000,1.8696
1749266156,1.87820000,12892.50000000,1.8696
1749266156,1.87830000,235.00000000,1.8696
1749266156,1.87840000,98.80000000,1.8696
1749266156,1.87870000,48.40000000,1.8696
1749266156,1.87880000,54.50000000,1.8696
1749266156,1.87890000,234.90000000,1.8696
1749266156,1.87900000,4.00000000,1.8696
1749266156,1.87920000,1088.00000000,1.8696
1749266156,1.87970000,1347.50000000,1.8696
1749266156,1.87980000,171.40000000,1.8696
1749266156,1.87990000,4.00000000,1.8696
1749266156,1.88000000,636.50000000,1.8696
1749266156,1.88010000,278.00000000,1.8696
1749266156,1.88020000,354.70000000,1.8696
1749266156,1.88060000,2.80000000,1.8696
1749266156,1.88080000,4.00000000,1.8696
1749266156,1.88100000,3.00000000,1.8696
1749266458,1.86390000,298.20000000,1.8637
1749266458,1.86400000,55.40000000,1.8637
1749266458,1.86410000,388.10000000,1.8637
1749266458,1.86420000,1121.90000000,1.8637
1749266458,1.86430000,5.40000000,1.8637
1749266458,1.86440000,144.50000000,1.8637
1749266458,1.86450000,143.40000000,1.8637
1749266458,1.86460000,227.90000000,1.8637
1749266458,1.86470000,514.20000000,1.8637
1749266458,1.86480000,365.90000000,1.8637
1749266458,1.86490000,282.10000000,1.8637
1749266458,1.86500000,481.90000000,1.8637
1749266458,1.86510000,399.50000000,1.8637
1749266458,1.86520000,492.10000000,1.8637
1749266458,1.86530000,603.10000000,1.8637
1749266458,1.86540000,568.70000000,1.8637
1749266458,1.86550000,892.20000000,1.8637
1749266458,1.86560000,770.50000000,1.8637
1749266458,1.86570000,1043.10000000,1.8637
1749266458,1.86580000,886.90000000,1.8637
1749266458,1.86590000,1892.10000000,1.8637
1749266458,1.86600000,639.50000000,1.8637
1749266458,1.86610000,984.80000000,1.8637
1749266458,1.86620000,3120.20000000,1.8637
1749266458,1.86630000,404.20000000,1.8637
1749266458,1.86640000,582.30000000,1.8637
1749266458,1.86650000,419.70000000,1.8637
1749266458,1.86660000,1226.70000000,1.8637
1749266458,1.86670000,1412.20000000,1.8637
1749266458,1.86680000,3748.70000000,1.8637
1749266458,1.86690000,1263.00000000,1.8637
1749266458,1.86700000,175.70000000,1.8637
1749266458,1.86710000,443.60000000,1.8637
1749266458,1.86720000,571.50000000,1.8637
1749266458,1.86730000,470.40000000,1.8637
1749266458,1.86740000,412.10000000,1.8637
1749266458,1.86750000,290.70000000,1.8637
1749266458,1.86760000,1947.00000000,1.8637
1749266458,1.86770000,5661.50000000,1.8637
1749266458,1.86780000,501.20000000,1.8637
1749266458,1.86790000,440.70000000,1.8637
1749266458,1.86800000,411.70000000,1.8637
1749266458,1.86810000,306.40000000,1.8637
1749266458,1.86820000,175.30000000,1.8637
1749266458,1.86830000,306.20000000,1.8637
1749266458,1.86840000,292.00000000,1.8637
1749266458,1.86850000,630.40000000,1.8637
1749266458,1.86860000,5.40000000,1.8637
1749266458,1.86870000,357.70000000,1.8637
1749266458,1.86880000,337.90000000,1.8637
1749266458,1.86890000,140.40000000,1.8637
1749266458,1.86900000,8.40000000,1.8637
1749266458,1.86910000,144.50000000,1.8637
1749266458,1.86920000,5.40000000,1.8637
1749266458,1.86930000,140.40000000,1.8637
1749266458,1.86940000,241.50000000,1.8637
1749266458,1.86950000,5.40000000,1.8637
1749266458,1.86960000,187.90000000,1.8637
1749266458,1.86970000,241.50000000,1.8637
1749266458,1.86980000,144.90000000,1.8637
1749266458,1.86990000,5.40000000,1.8637
1749266458,1.87000000,144.50000000,1.8637
1749266458,1.87010000,58.80000000,1.8637
1749266458,1.87020000,286.30000000,1.8637
1749266458,1.87030000,283.40000000,1.8637
1749266458,1.87040000,241.30000000,1.8637
1749266458,1.87050000,5.40000000,1.8637
1749266458,1.87060000,828.40000000,1.8637
1749266458,1.87070000,5.40000000,1.8637
1749266458,1.87080000,244.40000000,1.8637
1749266458,1.87090000,9.50000000,1.8637
1749266458,1.87100000,5.40000000,1.8637
1749266458,1.87110000,241.20000000,1.8637
1749266458,1.87120000,5.40000000,1.8637
1749266458,1.87130000,5.40000000,1.8637
1749266458,1.87140000,5.40000000,1.8637
1749266458,1.87160000,235.80000000,1.8637
1749266458,1.87170000,277.90000000,1.8637
1749266458,1.87180000,4.10000000,1.8637
1749266458,1.87200000,229.10000000,1.8637
1749266458,1.87240000,235.70000000,1.8637
1749266458,1.87250000,12273.80000000,1.8637
1749266458,1.87270000,239.60000000,1.8637
1749266458,1.87280000,278.00000000,1.8637
1749266458,1.87310000,495.10000000,1.8637
1749266458,1.87320000,277.90000000,1.8637
1749266458,1.87330000,1040.80000000,1.8637
1749266458,1.87360000,4.10000000,1.8637
1749266458,1.87370000,235.50000000,1.8637
1749266458,1.87380000,3.00000000,1.8637
1749266458,1.87410000,76.10000000,1.8637
1749266458,1.87450000,282.10000000,1.8637
1749266458,1.87460000,354.70000000,1.8637
1749266458,1.87510000,277.90000000,1.8637
1749266458,1.87540000,175.50000000,1.8637
1749266458,1.87560000,3.00000000,1.8637
1749266458,1.87580000,54.50000000,1.8637
1749266458,1.87630000,4.00000000,1.8637
1749266458,1.87660000,555.90000000,1.8637
1749266458,1.87680000,305.40000000,1.8637
1749266759,1.86560000,140.40000000,1.866
1749266759,1.86570000,19.50000000,1.866
1749266759,1.86580000,9.50000000,1.866
1749266759,1.86590000,140.40000000,1.866
1749266759,1.86600000,301.00000000,1.866
1749266759,1.86610000,189.70000000,1.866
1749266759,1.86620000,235.10000000,1.866
1749266759,1.86630000,319.00000000,1.866
1749266759,1.86640000,386.80000000,1.866
1749266759,1.86650000,402.50000000,1.866
1749266759,1.86660000,359.80000000,1.866
1749266759,1.86670000,405.70000000,1.866
1749266759,1.86680000,470.80000000,1.866
1749266759,1.86690000,998.80000000,1.866
1749266759,1.86700000,578.20000000,1.866
1749266759,1.86710000,555.50000000,1.866
1749266759,1.86720000,718.60000000,1.866
1749266759,1.86730000,1261.80000000,1.866
1749266759,1.86740000,1517.40000000,1.866
1749266759,1.86750000,459.60000000,1.866
1749266759,1.86760000,293.40000000,1.866
1749266759,1.86770000,360.70000000,1.866
1749266759,1.86780000,364.40000000,1.866
1749266759,1.86790000,424.50000000,1.866
1749266759,1.86800000,437.30000000,1.866
1749266759,1.86810000,555.10000000,1.866
1749266759,1.86820000,367.50000000,1.866
1749266759,1.86830000,831.60000000,1.866
1749266759,1.86840000,1091.10000000,1.866
1749266759,1.86850000,1697.60000000,1.866
1749266759,1.86860000,1616.70000000,1.866
1749266759,1.86870000,2991.40000000,1.866
1749266759,1.86880000,360.70000000,1.866
1749266759,1.86890000,528.90000000,1.866
1749266759,1.86900000,420.30000000,1.866
1749266759,1.86910000,320.40000000,1.866
1749266759,1.86920000,181.40000000,1.866
1749266759,1.86930000,316.40000000,1.866
1749266759,1.86940000,433.60000000,1.866
1749266759,1.86950000,552.40000000,1.866
1749266759,1.86960000,586.30000000,1.866
1749266759,1.86970000,1194.20000000,1.866
1749266759,1.86980000,459.40000000,1.866
1749266759,1.86990000,267.90000000,1.866
1749266759,1.87000000,185.40000000,1.866
1749266759,1.87010000,336.00000000,1.866
1749266759,1.87020000,462.20000000,1.866
1749266759,1.87030000,5.40000000,1.866
1749266759,1.87040000,241.30000000,1.866
1749266759,1.87050000,5980.30000000,1.866
1749266759,1.87060000,5.40000000,1.866
1749266759,1.87070000,5.40000000,1.866
1749266759,1.87080000,8.40000000,1.866
1749266759,1.87090000,9.50000000,1.866
1749266759,1.87100000,294.60000000,1.866
1749266759,1.87110000,5.40000000,1.866
1749266759,1.87120000,9.90000000,1.866
1749266759,1.87130000,283.40000000,1.866
1749266759,1.87140000,8.40000000,1.866
1749266759,1.87150000,285.70000000,1.866
1749266759,1.87160000,5.40000000,1.866
1749266759,1.87170000,283.30000000,1.866
1749266759,1.87180000,64.00000000,1.866
1749266759,1.87190000,5.40000000,1.866
1749266759,1.87200000,234.50000000,1.866
1749266759,1.87210000,5.40000000,1.866
1749266759,1.87220000,241.10000000,1.866
1749266759,1.87230000,5.40000000,1.866
1749266759,1.87240000,5.40000000,1.866
1749266759,1.87250000,5.40000000,1.866
1749266759,1.87260000,241.10000000,1.866
1749266759,1.87270000,9.50000000,1.866
1749266759,1.87280000,283.40000000,1.866
1749266759,1.87290000,5.40000000,1.866
1749266759,1.87300000,5.40000000,1.866
1749266759,1.87310000,241.80000000,1.866
1749266759,1.87320000,277.90000000,1.866
1749266759,1.87330000,6.80000000,1.866
1749266759,1.87360000,4.10000000,1.866
1749266759,1.87380000,3.00000000,1.866
1749266759,1.87390000,236.50000000,1.866
1749266759,1.87400000,86.50000000,1.866
1749266759,1.87410000,73.10000000,1.866
1749266759,1.87430000,12518.20000000,1.866
1749266759,1.87440000,496.20000000,1.866
1749266759,1.87450000,682.10000000,1.866
1749266759,1.87490000,236.60000000,1.866
1749266759,1.87510000,449.30000000,1.866
1749266759,1.87540000,240.60000000,1.866
1749266759,1.87560000,3.00000000,1.866
1749266759,1.87630000,4.00000000,1.866
1749266759,1.87660000,555.90000000,1.866
1749266759,1.87720000,4.00000000,1.866
1749266759,1.87740000,3.00000000,1.866
1749266759,1.87750000,164.50000000,1.866
1749266759,1.87800000,204.10000000,1.866
1749266759,1.87810000,4.00000000,1.866
1749266759,1.87820000,555.90000000,1.866
1749266759,1.87840000,98.80000000,1.866
1749266759,1.87870000,48.40000000,1.866
1749267061,1.85320000,28.20000000,1.8531
1749267061,1.85330000,5.50000000,1.8531
1749267061,1.85340000,145.80000000,1.8531
1749267061,1.85350000,140.50000000,1.8531
1749267061,1.85360000,59.60000000,1.8531
1749267061,1.85370000,143.50000000,1.8531
1749267061,1.85380000,172.30000000,1.8531
1749267061,1.85390000,626.90000000,1.8531
1749267061,1.85400000,451.00000000,1.8531
1749267061,1.85410000,444.90000000,1.8531
1749267061,1.85420000,411.90000000,1.8531
1749267061,1.85430000,322.00000000,1.8531
1749267061,1.85440000,643.90000000,1.8531
1749267061,1.85450000,1072.80000000,1.8531
1749267061,1.85460000,1580.20000000,1.8531
1749267061,1.85470000,599.20000000,1.8531
1749267061,1.85480000,1440.90000000,1.8531
1749267061,1.85490000,2692.10000000,1.8531
1749267061,1.85500000,3544.10000000,1.8531
1749267061,1.85510000,4221.80000000,1.8531
1749267061,1.85520000,961.80000000,1.8531
1749267061,1.85530000,1152.40000000,1.8531
1749267061,1.85540000,2458.40000000,1.8531
1749267061,1.85550000,1152.90000000,1.8531
1749267061,1.85560000,974.90000000,1.8531
1749267061,1.85570000,942.80000000,1.8531
1749267061,1.85580000,899.90000000,1.8531
1749267061,1.85590000,700.70000000,1.8531
1749267061,1.85600000,746.00000000,1.8531
1749267061,1.85610000,1511.10000000,1.8531
1749267061,1.85620000,350.80000000,1.8531
1749267061,1.85630000,628.80000000,1.8531
1749267061,1.85640000,278.50000000,1.8531
1749267061,1.85650000,189.00000000,1.8531
1749267061,1.85660000,323.90000000,1.8531
1749267061,1.85670000,298.30000000,1.8531
1749267061,1.85680000,505.10000000,1.8531
1749267061,1.85690000,558.70000000,1.8531
1749267061,1.85700000,575.70000000,1.8531
1749267061,1.85710000,562.70000000,1.8531
1749267061,1.85720000,461.70000000,1.8531
1749267061,1.85730000,2065.40000000,1.8531
1749267061,1.85740000,5198.70000000,1.8531
1749267061,1.85750000,711.80000000,1.8531
1749267061,1.85760000,464.50000000,1.8531
1749267061,1.85770000,405.10000000,1.8531
1749267061,1.85780000,5.40000000,1.8531
1749267061,1.85790000,140.40000000,1.8531
1749267061,1.85800000,242.90000000,1.8531
1749267061,1.85810000,140.40000000,1.8531
1749267061,1.85820000,53.20000000,1.8531
1749267061,1.85830000,144.50000000,1.8531
1749267061,1.85840000,5.40000000,1.8531
1749267061,1.85850000,140.40000000,1.8531
1749267061,1.85860000,9.90000000,1.8531
1749267061,1.85870000,283.40000000,1.8531
1749267061,1.85880000,435.30000000,1.8531
1749267061,1.85890000,5.40000000,1.8531
1749267061,1.85900000,5.40000000,1.8531
1749267061,1.85910000,283.30000000,1.8531
1749267061,1.85920000,9.50000000,1.8531
1749267061,1.85930000,243.00000000,1.8531
1749267061,1.85940000,8.40000000,1.8531
1749267061,1.85950000,5.40000000,1.8531
1749267061,1.85960000,5.40000000,1.8531
1749267061,1.85970000,296.10000000,1.8531
1749267061,1.85980000,5.40000000,1.8531
1749267061,1.85990000,5.40000000,1.8531
1749267061,1.86000000,28.40000000,1.8531
1749267061,1.86010000,246.70000000,1.8531
1749267061,1.86020000,5.40000000,1.8531
1749267061,1.86030000,5.40000000,1.8531
1749267061,1.86040000,283.40000000,1.8531
1749267061,1.86050000,5.50000000,1.8531
1749267061,1.86060000,5.50000000,1.8531
1749267061,1.86070000,283.40000000,1.8531
1749267061,1.86090000,237.20000000,1.8531
1749267061,1.86100000,12126.20000000,1.8531
1749267061,1.86110000,827.00000000,1.8531
1749267061,1.86120000,3.00000000,1.8531
1749267061,1.86140000,237.10000000,1.8531
1749267061,1.86180000,237.00000000,1.8531
1749267061,1.86190000,282.10000000,1.8531
1749267061,1.86200000,237.00000000,1.8531
1749267061,1.86220000,277.90000000,1.8531
1749267061,1.86240000,7.90000000,1.8531
1749267061,1.86270000,354.70000000,1.8531
1749267061,1.86280000,241.00000000,1.8531
1749267061,1.86290000,1080.00000000,1.8531
1749267061,1.86300000,3.00000000,1.8531
1749267061,1.86310000,236.90000000,1.8531
1749267061,1.86340000,259.60000000,1.8531
1749267061,1.86350000,278.00000000,1.8531
1749267061,1.86370000,168.60000000,1.8531
1749267061,1.86380000,236.80000000,1.8531
1749267061,1.86390000,67.90000000,1.8531
1749267061,1.86400000,6.10000000,1.8531
1749267061,1.86440000,236.80000000,1.8531
1749267061,1.86450000,277.90000000,1.8531
1749267061,1.86460000,4.10000000,1.8531
1749267362,1.85810000,28.20000000,1.8581
1749267362,1.85820000,5.40000000,1.8581
1749267362,1.85830000,107.30000000,1.8581
1749267362,1.85840000,109.20000000,1.8581
1749267362,1.85850000,72.90000000,1.8581
1749267362,1.85860000,190.40000000,1.8581
1749267362,1.85870000,287.70000000,1.8581
1749267362,1.85880000,403.00000000,1.8581
1749267362,1.85890000,326.80000000,1.8581
1749267362,1.85900000,377.10000000,1.8581
1749267362,1.85910000,576.60000000,1.8581
1749267362,1.85920000,376.80000000,1.8581
1749267362,1.85930000,449.30000000,1.8581
1749267362,1.85940000,590.70000000,1.8581
1749267362,1.85950000,326.80000000,1.8581
1749267362,1.85960000,491.20000000,1.8581
1749267362,1.85970000,953.70000000,1.8581
1749267362,1.85980000,187.90000000,1.8581
1749267362,1.85990000,464.80000000,1.8581
1749267362,1.86000000,484.10000000,1.8581
1749267362,1.86010000,538.90000000,1.8581
1749267362,1.86020000,1811.00000000,1.8581
1749267362,1.86030000,1537.80000000,1.8581
1749267362,1.86040000,3282.80000000,1.8581
1749267362,1.86050000,544.30000000,1.8581
1749267362,1.86060000,590.30000000,1.8581
1749267362,1.86070000,859.10000000,1.8581
1749267362,1.86080000,369.50000000,1.8581
1749267362,1.86090000,329.40000000,1.8581
1749267362,1.86100000,277.90000000,1.8581
1749267362,1.86110000,191.40000000,1.8581
1749267362,1.86120000,190.30000000,1.8581
1749267362,1.86130000,319.10000000,1.8581
1749267362,1.86140000,425.50000000,1.8581
1749267362,1.86150000,280.90000000,1.8581
1749267362,1.86160000,315.00000000,1.8581
1749267362,1.86170000,425.30000000,1.8581
1749267362,1.86180000,382.70000000,1.8581
1749267362,1.86190000,636.60000000,1.8581
1749267362,1.86200000,556.80000000,1.8581
1749267362,1.86210000,327.10000000,1.8581
1749267362,1.86220000,465.40000000,1.8581
1749267362,1.86230000,187.50000000,1.8581
1749267362,1.86240000,613.00000000,1.8581
1749267362,1.86250000,1382.10000000,1.8581
1749267362,1.86260000,187.80000000,1.8581
1749267362,1.86270000,188.00000000,1.8581
1749267362,1.86280000,1841.80000000,1.8581
1749267362,1.86290000,5316.50000000,1.8581
1749267362,1.86300000,8.50000000,1.8581
1749267362,1.86310000,1083.60000000,1.8581
1749267362,1.86320000,5.40000000,1.8581
1749267362,1.86330000,243.20000000,1.8581
1749267362,1.86340000,5.50000000,1.8581
1749267362,1.86350000,336.90000000,1.8581
1749267362,1.86360000,246.40000000,1.8581
1749267362,1.86370000,9.50000000,1.8581
1749267362,1.86380000,5.40000000,1.8581
1749267362,1.86390000,118.10000000,1.8581
1749267362,1.86400000,11.50000000,1.8581
1749267362,1.86410000,243.20000000,1.8581
1749267362,1.86420000,12.90000000,1.8581
1749267362,1.86430000,5.40000000,1.8581
1749267362,1.86440000,5.40000000,1.8581
1749267362,1.86450000,369.80000000,1.8581
1749267362,1.86460000,962.90000000,1.8581
1749267362,1.86470000,5.40000000,1.8581
1749267362,1.86480000,251.50000000,1.8581
1749267362,1.86490000,12.20000000,1.8581
1749267362,1.86500000,412.10000000,1.8581
1749267362,1.86510000,242.60000000,1.8581
1749267362,1.86520000,123.90000000,1.8581
1749267362,1.86530000,5.40000000,1.8581
1749267362,1.86540000,5.40000000,1.8581
1749267362,1.86550000,9.50000000,1.8581
1749267362,1.86560000,5.40000000,1.8581
1749267362,1.86580000,259.60000000,1.8581
1749267362,1.86590000,237.30000000,1.8581
1749267362,1.86600000,12411.20000000,1.8581
1749267362,1.86620000,237.60000000,1.8581
1749267362,1.86630000,1129.80000000,1.8581
1749267362,1.86640000,887.10000000,1.8581
1749267362,1.86650000,365.70000000,1.8581
1749267362,1.86660000,281.00000000,1.8581
1749267362,1.86670000,48.70000000,1.8581
1749267362,1.86690000,171.40000000,1.8581
1749267362,1.86700000,359.20000000,1.8581
1749267362,1.86710000,237.40000000,1.8581
1749267362,1.86720000,354.70000000,1.8581
1749267362,1.86730000,4.10000000,1.8581
1749267362,1.86780000,83.90000000,1.8581
1749267362,1.86790000,10.70000000,1.8581
1749267362,1.86820000,4.10000000,1.8581
1749267362,1.86830000,278.00000000,1.8581
1749267362,1.86840000,483.70000000,1.8581
1749267362,1.86870000,277.90000000,1.8581
1749267362,1.86890000,237.30000000,1.8581
1749267362,1.86900000,164.50000000,1.8581
1749267362,1.86910000,4.10000000,1.8581
1749267362,1.86980000,278.00000000,1.8581
1749267664,1.87020000,8.40000000,1.87
1749267664,1.87030000,5.40000000,1.87
1749267664,1.87040000,5.40000000,1.87
1749267664,1.87050000,9.50000000,1.87
1749267664,1.87060000,30.60000000,1.87
1749267664,1.87070000,34.70000000,1.87
1749267664,1.87080000,217.40000000,1.87
1749267664,1.87090000,508.40000000,1.87
1749267664,1.87100000,376.00000000,1.87
1749267664,1.87110000,594.70000000,1.87
1749267664,1.87120000,343.80000000,1.87
1749267664,1.87130000,650.60000000,1.87
1749267664,1.87140000,324.30000000,1.87
1749267664,1.87150000,300.20000000,1.87
1749267664,1.87160000,721.40000000,1.87
1749267664,1.87170000,402.10000000,1.87
1749267664,1.87180000,877.60000000,1.87
1749267664,1.87190000,771.10000000,1.87
1749267664,1.87200000,1397.50000000,1.87
1749267664,1.87210000,426.10000000,1.87
1749267664,1.87220000,321.30000000,1.87
1749267664,1.87230000,369.30000000,1.87
1749267664,1.87240000,484.60000000,1.87
1749267664,1.87250000,2363.90000000,1.87
1749267664,1.87260000,3005.00000000,1.87
1749267664,1.87270000,408.60000000,1.87
1749267664,1.87280000,1230.50000000,1.87
1749267664,1.87290000,2530.20000000,1.87
1749267664,1.87300000,448.10000000,1.87
1749267664,1.87310000,603.50000000,1.87
1749267664,1.87320000,688.70000000,1.87
1749267664,1.87330000,302.80000000,1.87
1749267664,1.87340000,365.80000000,1.87
1749267664,1.87350000,186.30000000,1.87
1749267664,1.87360000,325.40000000,1.87
1749267664,1.87370000,272.40000000,1.87
1749267664,1.87380000,323.90000000,1.87
1749267664,1.87390000,422.60000000,1.87
1749267664,1.87400000,5382.70000000,1.87
1749267664,1.87410000,258.00000000,1.87
1749267664,1.87420000,319.90000000,1.87
1749267664,1.87430000,192.90000000,1.87
1749267664,1.87440000,559.40000000,1.87
1749267664,1.87450000,553.50000000,1.87
1749267664,1.87460000,319.90000000,1.87
1749267664,1.87470000,313.60000000,1.87
1749267664,1.87480000,319.90000000,1.87
1749267664,1.87490000,241.60000000,1.87
1749267664,1.87500000,143.40000000,1.87
1749267664,1.87510000,606.30000000,1.87
1749267664,1.87520000,140.40000000,1.87
1749267664,1.87530000,826.40000000,1.87
1749267664,1.87540000,149.00000000,1.87
1749267664,1.87550000,5.40000000,1.87
1749267664,1.87560000,8.40000000,1.87
1749267664,1.87570000,241.30000000,1.87
