timestamp,price,volume,current_price
1749254509,1.85350000,429.50000000,1.8539
1749254509,1.85360000,5.50000000,1.8539
1749254509,1.85370000,12.60000000,1.8539
1749254509,1.85380000,9.60000000,1.8539
1749254509,1.85390000,9.60000000,1.8539
1749254509,1.85400000,169.70000000,1.8539
1749254509,1.85410000,449.60000000,1.8539
1749254509,1.85420000,374.00000000,1.8539
1749254509,1.85430000,339.30000000,1.8539
1749254509,1.85440000,356.30000000,1.8539
1749254509,1.85450000,294.50000000,1.8539
1749254509,1.85460000,463.50000000,1.8539
1749254509,1.85470000,162.70000000,1.8539
1749254509,1.85480000,341.40000000,1.8539
1749254509,1.85490000,243.20000000,1.8539
1749254509,1.85500000,286.50000000,1.8539
1749254509,1.85510000,267.70000000,1.8539
1749254509,1.85520000,627.40000000,1.8539
1749254509,1.85530000,1473.80000000,1.8539
1749254509,1.85540000,286.40000000,1.8539
1749254509,1.85550000,1571.10000000,1.8539
1749254509,1.85560000,1720.60000000,1.8539
1749254509,1.85570000,4820.70000000,1.8539
1749254509,1.85580000,882.60000000,1.8539
1749254509,1.85590000,155.50000000,1.8539
1749254509,1.85600000,286.40000000,1.8539
1749254509,1.85610000,158.50000000,1.8539
1749254509,1.85620000,266.10000000,1.8539
1749254509,1.85630000,656.00000000,1.8539
1749254509,1.85640000,1970.00000000,1.8539
1749254509,1.85650000,1740.60000000,1.8539
1749254509,1.85660000,151.60000000,1.8539
1749254509,1.85670000,286.60000000,1.8539
1749254509,1.85680000,336.60000000,1.8539
1749254509,1.85690000,517.30000000,1.8539
1749254509,1.85700000,289.50000000,1.8539
1749254509,1.85710000,151.50000000,1.8539
1749254509,1.85720000,286.60000000,1.8539
1749254509,1.85730000,413.20000000,1.8539
1749254509,1.85740000,290.50000000,1.8539
1749254509,1.85750000,412.90000000,1.8539
1749254509,1.85760000,390.40000000,1.8539
1749254509,1.85770000,151.40000000,1.8539
1749254509,1.85780000,5158.00000000,1.8539
1749254509,1.85790000,151.40000000,1.8539
1749254509,1.85800000,564.30000000,1.8539
1749254509,1.85810000,266.90000000,1.8539
1749254509,1.85820000,143.40000000,1.8539
1749254509,1.85830000,901.30000000,1.8539
1749254509,1.85840000,283.40000000,1.8539
1749254509,1.85850000,140.40000000,1.8539
1749254509,1.85860000,266.90000000,1.8539
1749254509,1.85870000,140.40000000,1.8539
1749254509,1.85880000,849.80000000,1.8539
1749254509,1.85890000,140.40000000,1.8539
1749254509,1.85900000,5.40000000,1.8539
1749254509,1.85910000,266.60000000,1.8539
1749254509,1.85920000,144.50000000,1.8539
1749254509,1.85930000,5.40000000,1.8539
1749254509,1.85940000,8.40000000,1.8539
1749254509,1.85950000,140.40000000,1.8539
1749254509,1.85960000,266.60000000,1.8539
1749254509,1.85970000,140.40000000,1.8539
1749254509,1.85980000,306.40000000,1.8539
1749254509,1.85990000,283.40000000,1.8539
1749254509,1.86000000,18.90000000,1.8539
1749254509,1.86010000,9.60000000,1.8539
1749254509,1.86020000,5.50000000,1.8539
1749254509,1.86030000,266.70000000,1.8539
1749254509,1.86040000,5.50000000,1.8539
1749254509,1.86050000,267.30000000,1.8539
1749254509,1.86060000,283.50000000,1.8539
1749254509,1.86070000,5.50000000,1.8539
1749254509,1.86080000,5.50000000,1.8539
1749254509,1.86090000,5.50000000,1.8539
1749254509,1.86100000,9.60000000,1.8539
1749254509,1.86120000,16.40000000,1.8539
1749254509,1.86150000,277.90000000,1.8539
1749254509,1.86180000,12184.30000000,1.8539
1749254509,1.86190000,4.10000000,1.8539
1749254509,1.86210000,278.00000000,1.8539
1749254509,1.86240000,13.40000000,1.8539
1749254509,1.86280000,4.10000000,1.8539
1749254509,1.86300000,280.90000000,1.8539
1749254509,1.86350000,189.40000000,1.8539
1749254509,1.86360000,13.40000000,1.8539
1749254509,1.86370000,282.10000000,1.8539
1749254509,1.86390000,1061.90000000,1.8539
1749254509,1.86400000,171.00000000,1.8539
1749254509,1.86450000,277.90000000,1.8539
1749254509,1.86460000,4.10000000,1.8539
1749254509,1.86480000,21.60000000,1.8539
1749254509,1.86490000,6.80000000,1.8539
1749254509,1.86500000,3248.50000000,1.8539
1749254509,1.86520000,278.00000000,1.8539
1749254509,1.86530000,5.10000000,1.8539
1749254509,1.86550000,4.10000000,1.8539
1749254509,1.86560000,2.80000000,1.8539
1749254509,1.86590000,44.50000000,1.8539
1749254509,1.86600000,13.40000000,1.8539
1749254815,1.85900000,261.80000000,1.8591
1749254815,1.85910000,135.00000000,1.8591
1749254815,1.85920000,280.80000000,1.8591
1749254815,1.85930000,240.40000000,1.8591
1749254815,1.85940000,79.50000000,1.8591
1749254815,1.85950000,5.40000000,1.8591
1749254815,1.85960000,214.50000000,1.8591
1749254815,1.85970000,8.40000000,1.8591
1749254815,1.85980000,752.70000000,1.8591
1749254815,1.85990000,828.70000000,1.8591
1749254815,1.86000000,464.30000000,1.8591
1749254815,1.86010000,511.70000000,1.8591
1749254815,1.86020000,376.90000000,1.8591
1749254815,1.86030000,512.20000000,1.8591
1749254815,1.86040000,150.70000000,1.8591
1749254815,1.86050000,281.60000000,1.8591
1749254815,1.86060000,384.40000000,1.8591
1749254815,1.86070000,535.70000000,1.8591
1749254815,1.86080000,355.70000000,1.8591
1749254815,1.86090000,517.80000000,1.8591
1749254815,1.86100000,1267.60000000,1.8591
1749254815,1.86110000,1110.50000000,1.8591
1749254815,1.86120000,715.80000000,1.8591
1749254815,1.86130000,946.90000000,1.8591
1749254815,1.86140000,313.60000000,1.8591
1749254815,1.86150000,542.30000000,1.8591
1749254815,1.86160000,967.20000000,1.8591
1749254815,1.86170000,2386.40000000,1.8591
1749254815,1.86180000,1131.10000000,1.8591
1749254815,1.86190000,405.40000000,1.8591
1749254815,1.86200000,974.70000000,1.8591
1749254815,1.86210000,1877.30000000,1.8591
1749254815,1.86220000,261.70000000,1.8591
1749254815,1.86230000,928.90000000,1.8591
1749254815,1.86240000,1864.90000000,1.8591
1749254815,1.86250000,1923.60000000,1.8591
1749254815,1.86260000,5535.60000000,1.8591
1749254815,1.86270000,3999.90000000,1.8591
1749254815,1.86280000,293.50000000,1.8591
1749254815,1.86290000,1098.10000000,1.8591
1749254815,1.86300000,410.40000000,1.8591
1749254815,1.86310000,146.90000000,1.8591
1749254815,1.86320000,146.90000000,1.8591
1749254815,1.86330000,234.50000000,1.8591
1749254815,1.86340000,309.10000000,1.8591
1749254815,1.86350000,1077.20000000,1.8591
1749254815,1.86360000,3099.90000000,1.8591
1749254815,1.86370000,1734.60000000,1.8591
1749254815,1.86380000,1260.80000000,1.8591
1749254815,1.86390000,487.30000000,1.8591
1749254815,1.86400000,11.50000000,1.8591
1749254815,1.86410000,283.40000000,1.8591
1749254815,1.86420000,268.00000000,1.8591
1749254815,1.86430000,287.40000000,1.8591
1749254815,1.86440000,5.40000000,1.8591
1749254815,1.86450000,5.40000000,1.8591
1749254815,1.86460000,5.40000000,1.8591
1749254815,1.86470000,265.00000000,1.8591
1749254815,1.86480000,13.60000000,1.8591
1749254815,1.86490000,12.20000000,1.8591
1749254815,1.86500000,13.40000000,1.8591
1749254815,1.86510000,122.40000000,1.8591
1749254815,1.86520000,9.50000000,1.8591
1749254815,1.86530000,419.50000000,1.8591
1749254815,1.86540000,265.00000000,1.8591
1749254815,1.86550000,5.40000000,1.8591
1749254815,1.86560000,5.40000000,1.8591
1749254815,1.86570000,831.40000000,1.8591
1749254815,1.86580000,5.40000000,1.8591
1749254815,1.86590000,265.00000000,1.8591
1749254815,1.86600000,283.30000000,1.8591
1749254815,1.86610000,9.50000000,1.8591
1749254815,1.86620000,5.40000000,1.8591
1749254815,1.86630000,5.40000000,1.8591
1749254815,1.86640000,265.00000000,1.8591
1749254815,1.86650000,544.20000000,1.8591
1749254815,1.86660000,3.00000000,1.8591
1749254815,1.86700000,96.50000000,1.8591
1749254815,1.86720000,12441.10000000,1.8591
1749254815,1.86740000,261.50000000,1.8591
1749254815,1.86750000,164.90000000,1.8591
1749254815,1.86780000,816.90000000,1.8591
1749254815,1.86790000,1545.30000000,1.8591
1749254815,1.86800000,278.00000000,1.8591
1749254815,1.86820000,260.80000000,1.8591
1749254815,1.86830000,277.90000000,1.8591
1749254815,1.86840000,1290.30000000,1.8591
1749254815,1.86880000,4.10000000,1.8591
1749254815,1.86900000,75.00000000,1.8591
1749254815,1.86910000,260.80000000,1.8591
1749254815,1.86920000,430.20000000,1.8591
1749254815,1.86970000,282.10000000,1.8591
1749254815,1.86980000,260.80000000,1.8591
1749254815,1.86990000,283.40000000,1.8591
1749254815,1.87000000,56044.70000000,1.8591
1749254815,1.87020000,3.00000000,1.8591
1749254815,1.87040000,260.80000000,1.8591
1749254815,1.87060000,4.10000000,1.8591
1749254815,1.87070000,260.50000000,1.8591
1749254815,1.87080000,81.60000000,1.8591
