timestamp,price,volume,current_price
1749258278,1.86400000,426.50000000,1.8629
1749258278,1.86410000,338.10000000,1.8629
1749258278,1.86420000,81.20000000,1.8629
1749258278,1.86430000,9.50000000,1.8629
1749258278,1.86440000,81.00000000,1.8629
1749258278,1.86450000,144.50000000,1.8629
1749258278,1.86460000,5.40000000,1.8629
1749258278,1.86470000,45.90000000,1.8629
1749258278,1.86480000,140.40000000,1.8629
1749258278,1.86490000,190.00000000,1.8629
1749258278,1.86500000,474.40000000,1.8629
1749258278,1.86510000,207.70000000,1.8629
1749258278,1.86520000,252.10000000,1.8629
1749258278,1.86530000,148.00000000,1.8629
1749258278,1.86540000,406.90000000,1.8629
1749258278,1.86550000,381.70000000,1.8629
1749258278,1.86560000,252.50000000,1.8629
1749258278,1.86570000,401.90000000,1.8629
1749258278,1.86580000,743.20000000,1.8629
1749258278,1.86590000,287.00000000,1.8629
1749258278,1.86600000,554.20000000,1.8629
1749258278,1.86610000,426.00000000,1.8629
1749258278,1.86620000,741.60000000,1.8629
1749258278,1.86630000,743.00000000,1.8629
1749258278,1.86640000,117.50000000,1.8629
1749258278,1.86650000,208.20000000,1.8629
1749258278,1.86660000,124.70000000,1.8629
1749258278,1.86670000,235.00000000,1.8629
1749258278,1.86680000,377.50000000,1.8629
1749258278,1.86690000,240.40000000,1.8629
1749258278,1.86700000,395.60000000,1.8629
1749258278,1.86710000,485.80000000,1.8629
1749258278,1.86720000,480.30000000,1.8629
1749258278,1.86730000,121.70000000,1.8629
1749258278,1.86740000,301.20000000,1.8629
1749258278,1.86750000,525.80000000,1.8629
1749258278,1.86760000,1019.70000000,1.8629
1749258278,1.86770000,3169.90000000,1.8629
1749258278,1.86780000,377.00000000,1.8629
1749258278,1.86790000,208.20000000,1.8629
1749258278,1.86800000,117.60000000,1.8629
1749258278,1.86810000,121.70000000,1.8629
1749258278,1.86820000,377.10000000,1.8629
1749258278,1.86830000,117.70000000,1.8629
1749258278,1.86840000,138.10000000,1.8629
1749258278,1.86850000,204.20000000,1.8629
1749258278,1.86860000,117.70000000,1.8629
1749258278,1.86870000,395.70000000,1.8629
1749258278,1.86880000,377.00000000,1.8629
1749258278,1.86890000,117.70000000,1.8629
1749258278,1.86900000,486.70000000,1.8629
1749258278,1.86910000,377.00000000,1.8629
1749258278,1.86920000,395.50000000,1.8629
1749258278,1.86930000,124.80000000,1.8629
1749258278,1.86940000,1180.60000000,1.8629
1749258278,1.86950000,117.70000000,1.8629
1749258278,1.86960000,134.00000000,1.8629
1749258278,1.86970000,377.10000000,1.8629
1749258278,1.86980000,117.70000000,1.8629
1749258278,1.86990000,117.70000000,1.8629
1749258278,1.87000000,117.70000000,1.8629
1749258278,1.87010000,1202.70000000,1.8629
1749258278,1.87020000,124.80000000,1.8629
1749258278,1.87030000,542.80000000,1.8629
1749258278,1.87040000,58.70000000,1.8629
1749258278,1.87050000,8.40000000,1.8629
1749258278,1.87060000,5.40000000,1.8629
1749258278,1.87070000,283.30000000,1.8629
1749258278,1.87080000,21.70000000,1.8629
1749258278,1.87090000,264.80000000,1.8629
1749258278,1.87100000,5.40000000,1.8629
1749258278,1.87110000,271.90000000,1.8629
1749258278,1.87120000,5.40000000,1.8629
1749258278,1.87130000,5.40000000,1.8629
1749258278,1.87140000,8.40000000,1.8629
1749258278,1.87150000,5.40000000,1.8629
1749258278,1.87170000,39.70000000,1.8629
1749258278,1.87180000,537.90000000,1.8629
1749258278,1.87190000,78.20000000,1.8629
1749258278,1.87200000,286.40000000,1.8629
1749258278,1.87230000,406.30000000,1.8629
1749258278,1.87240000,1153.10000000,1.8629
1749258278,1.87250000,8.00000000,1.8629
1749258278,1.87290000,53.00000000,1.8629
1749258278,1.87300000,36.70000000,1.8629
1749258278,1.87310000,220.00000000,1.8629
1749258278,1.87320000,13.30000000,1.8629
1749258278,1.87330000,3116.70000000,1.8629
1749258278,1.87340000,259.90000000,1.8629
1749258278,1.87380000,7.10000000,1.8629
1749258278,1.87390000,259.90000000,1.8629
1749258278,1.87410000,73.10000000,1.8629
1749258278,1.87420000,277.90000000,1.8629
1749258278,1.87430000,15.00000000,1.8629
1749258278,1.87440000,834.30000000,1.8629
1749258278,1.87470000,4.10000000,1.8629
1749258278,1.87480000,632.70000000,1.8629
1749258278,1.87490000,171.40000000,1.8629
1749258278,1.87560000,20.50000000,1.8629
1749258278,1.87620000,277.90000000,1.8629
1749258586,1.86860000,28.20000000,1.8686
1749258586,1.86870000,5.40000000,1.8686
1749258586,1.86880000,5.40000000,1.8686
1749258586,1.86890000,5.40000000,1.8686
1749258586,1.86900000,59.50000000,1.8686
1749258586,1.86910000,5.40000000,1.8686
1749258586,1.86920000,66.00000000,1.8686
1749258586,1.86930000,3412.90000000,1.8686
1749258586,1.86940000,55.60000000,1.8686
1749258586,1.86950000,5.40000000,1.8686
1749258586,1.86960000,169.50000000,1.8686
1749258586,1.86970000,193.70000000,1.8686
1749258586,1.86980000,122.70000000,1.8686
1749258586,1.86990000,118.60000000,1.8686
1749258586,1.87000000,126.80000000,1.8686
1749258586,1.87010000,299.70000000,1.8686
1749258586,1.87020000,673.80000000,1.8686
1749258586,1.87030000,604.00000000,1.8686
1749258586,1.87040000,432.00000000,1.8686
1749258586,1.87050000,259.50000000,1.8686
1749258586,1.87060000,572.70000000,1.8686
1749258586,1.87070000,270.70000000,1.8686
1749258586,1.87080000,385.00000000,1.8686
1749258586,1.87090000,342.20000000,1.8686
1749258586,1.87100000,756.10000000,1.8686
1749258586,1.87110000,265.10000000,1.8686
1749258586,1.87120000,478.30000000,1.8686
1749258586,1.87130000,118.50000000,1.8686
1749258586,1.87140000,384.90000000,1.8686
1749258586,1.87150000,511.70000000,1.8686
1749258586,1.87160000,384.60000000,1.8686
1749258586,1.87170000,121.30000000,1.8686
1749258586,1.87180000,1840.20000000,1.8686
1749258586,1.87190000,118.30000000,1.8686
1749258586,1.87200000,3060.90000000,1.8686
1749258586,1.87210000,651.90000000,1.8686
1749258586,1.87220000,389.10000000,1.8686
1749258586,1.87230000,121.20000000,1.8686
1749258586,1.87240000,1192.90000000,1.8686
1749258586,1.87250000,487.20000000,1.8686
1749258586,1.87260000,345.30000000,1.8686
1749258586,1.87270000,400.30000000,1.8686
1749258586,1.87280000,177.90000000,1.8686
1749258586,1.87290000,1612.00000000,1.8686
1749258586,1.87300000,118.30000000,1.8686
1749258586,1.87310000,655.10000000,1.8686
1749258586,1.87320000,121.30000000,1.8686
1749258586,1.87330000,118.30000000,1.8686
1749258586,1.87340000,131.60000000,1.8686
1749258586,1.87350000,118.30000000,1.8686
1749258586,1.87360000,122.40000000,1.8686
1749258586,1.87370000,377.10000000,1.8686
1749258586,1.87380000,176.80000000,1.8686
1749258586,1.87390000,1296.30000000,1.8686
1749258586,1.87400000,118.30000000,1.8686
1749258586,1.87410000,118.30000000,1.8686
1749258586,1.87420000,118.30000000,1.8686
1749258586,1.87430000,4817.80000000,1.8686
1749258586,1.87440000,267.20000000,1.8686
1749258586,1.87450000,830.50000000,1.8686
1749258586,1.87460000,5.40000000,1.8686
1749258586,1.87470000,542.20000000,1.8686
1749258586,1.87480000,283.30000000,1.8686
1749258586,1.87490000,5.40000000,1.8686
1749258586,1.87500000,8.40000000,1.8686
1749258586,1.87510000,264.30000000,1.8686
1749258586,1.87520000,5.40000000,1.8686
1749258586,1.87530000,5.40000000,1.8686
1749258586,1.87540000,9.50000000,1.8686
1749258586,1.87550000,5.40000000,1.8686
1749258586,1.87560000,267.10000000,1.8686
1749258586,1.87570000,5.40000000,1.8686
1749258586,1.87580000,5.40000000,1.8686
1749258586,1.87590000,5.40000000,1.8686
1749258586,1.87600000,80.60000000,1.8686
1749258586,1.87610000,263.80000000,1.8686
1749258586,1.87620000,5.40000000,1.8686
1749258586,1.87630000,17.30000000,1.8686
1749258586,1.87650000,45.20000000,1.8686
1749258586,1.87660000,258.40000000,1.8686
1749258586,1.87700000,323.20000000,1.8686
1749258586,1.87710000,258.40000000,1.8686
1749258586,1.87720000,281.90000000,1.8686
1749258586,1.87740000,3.00000000,1.8686
1749258586,1.87760000,45.10000000,1.8686
1749258586,1.87780000,90.00000000,1.8686
1749258586,1.87790000,258.30000000,1.8686
1749258586,1.87810000,4.00000000,1.8686
1749258586,1.87820000,45.00000000,1.8686
1749258586,1.87840000,1185.90000000,1.8686
1749258586,1.87850000,278.00000000,1.8686
1749258586,1.87860000,12160.00000000,1.8686
1749258586,1.87890000,277.90000000,1.8686
1749258586,1.87900000,4.00000000,1.8686
1749258586,1.87910000,926.00000000,1.8686
1749258586,1.87920000,3.00000000,1.8686
1749258586,1.87960000,83.90000000,1.8686
1749258586,1.87970000,30.00000000,1.8686
1749258586,1.87980000,220.00000000,1.8686
1749258586,1.87990000,224.00000000,1.8686
1749258911,1.86470000,188.10000000,1.8647
1749258911,1.86480000,140.40000000,1.8647
1749258911,1.86490000,61.60000000,1.8647
1749258911,1.86500000,194.50000000,1.8647
1749258911,1.86510000,56.10000000,1.8647
1749258911,1.86520000,194.50000000,1.8647
1749258911,1.86530000,5.40000000,1.8647
1749258911,1.86540000,194.50000000,1.8647
1749258911,1.86550000,218.50000000,1.8647
1749258911,1.86560000,922.00000000,1.8647
1749258911,1.86570000,855.00000000,1.8647
1749258911,1.86580000,496.90000000,1.8647
1749258911,1.86590000,178.80000000,1.8647
1749258911,1.86600000,62.50000000,1.8647
1749258911,1.86610000,327.80000000,1.8647
1749258911,1.86620000,624.80000000,1.8647
1749258911,1.86630000,140.40000000,1.8647
1749258911,1.86640000,13.60000000,1.8647
1749258911,1.86650000,5.40000000,1.8647
1749258911,1.86660000,194.50000000,1.8647
1749258911,1.86670000,265.30000000,1.8647
1749258911,1.86680000,197.50000000,1.8647
1749258911,1.86690000,138.50000000,1.8647
1749258911,1.86700000,621.10000000,1.8647
1749258911,1.86710000,705.40000000,1.8647
1749258911,1.86720000,272.40000000,1.8647
1749258911,1.86730000,287.40000000,1.8647
1749258911,1.86740000,144.50000000,1.8647
1749258911,1.86750000,218.30000000,1.8647
1749258911,1.86760000,2252.10000000,1.8647
1749258911,1.86770000,140.40000000,1.8647
1749258911,1.86780000,12.50000000,1.8647
1749258911,1.86790000,265.10000000,1.8647
1749258911,1.86800000,4200.60000000,1.8647
1749258911,1.86810000,283.40000000,1.8647
1749258911,1.86820000,148.60000000,1.8647
1749258911,1.86830000,5.40000000,1.8647
1749258911,1.86840000,4836.40000000,1.8647
1749258911,1.86850000,265.10000000,1.8647
1749258911,1.86860000,9.50000000,1.8647
1749258911,1.86870000,1075.30000000,1.8647
1749258911,1.86880000,342.90000000,1.8647
1749258911,1.86890000,5.40000000,1.8647
1749258911,1.86900000,267.80000000,1.8647
1749258911,1.86910000,9.50000000,1.8647
1749258911,1.86920000,374.40000000,1.8647
1749258911,1.86930000,5.40000000,1.8647
1749258911,1.86940000,5.40000000,1.8647
1749258911,1.86950000,5.40000000,1.8647
1749258911,1.86960000,264.80000000,1.8647
1749258911,1.86970000,5.40000000,1.8647
1749258911,1.86980000,601.80000000,1.8647
1749258911,1.86990000,8.40000000,1.8647
1749258911,1.87000000,9.50000000,1.8647
1749258911,1.87010000,2680.20000000,1.8647
1749258911,1.87020000,267.80000000,1.8647
1749258911,1.87030000,5.40000000,1.8647
1749258911,1.87040000,18.70000000,1.8647
1749258911,1.87050000,299.60000000,1.8647
1749258911,1.87060000,5.40000000,1.8647
1749258911,1.87070000,318.30000000,1.8647
1749258911,1.87080000,8.40000000,1.8647
1749258911,1.87090000,9.50000000,1.8647
1749258911,1.87100000,5.40000000,1.8647
1749258911,1.87110000,5.40000000,1.8647
1749258911,1.87120000,5.40000000,1.8647
1749258911,1.87130000,9.90000000,1.8647
1749258911,1.87140000,267.80000000,1.8647
1749258911,1.87150000,283.40000000,1.8647
1749258911,1.87160000,5.40000000,1.8647
1749258911,1.87170000,267.50000000,1.8647
1749258911,1.87180000,9.50000000,1.8647
1749258911,1.87190000,5.40000000,1.8647
1749258911,1.87200000,68.20000000,1.8647
1749258911,1.87210000,1085.50000000,1.8647
1749258911,1.87220000,5.40000000,1.8647
1749258911,1.87230000,3.00000000,1.8647
1749258911,1.87250000,267.10000000,1.8647
1749258911,1.87260000,3.00000000,1.8647
1749258911,1.87270000,4.10000000,1.8647
1749258911,1.87280000,277.90000000,1.8647
1749258911,1.87290000,3.00000000,1.8647
1749258911,1.87310000,537.10000000,1.8647
1749258911,1.87320000,15.00000000,1.8647
1749258911,1.87330000,1149.80000000,1.8647
1749258911,1.87350000,45.00000000,1.8647
1749258911,1.87360000,263.20000000,1.8647
1749258911,1.87380000,58.50000000,1.8647
1749258911,1.87400000,45.10000000,1.8647
1749258911,1.87410000,12423.90000000,1.8647
1749258911,1.87430000,258.90000000,1.8647
1749258911,1.87440000,277.90000000,1.8647
1749258911,1.87450000,4.10000000,1.8647
1749258911,1.87480000,1042.80000000,1.8647
1749258911,1.87500000,30.00000000,1.8647
1749258911,1.87510000,293.00000000,1.8647
1749258911,1.87530000,988.00000000,1.8647
1749258911,1.87540000,4.10000000,1.8647
1749258911,1.87560000,3.00000000,1.8647
1749258911,1.87590000,54.30000000,1.8647
1749259213,1.85790000,298.90000000,1.858
1749259213,1.85800000,190.40000000,1.858
1749259213,1.85810000,3.10000000,1.858
1749259213,1.85820000,190.40000000,1.858
1749259213,1.85830000,57.00000000,1.858
1749259213,1.85840000,194.50000000,1.858
1749259213,1.85850000,5.40000000,1.858
1749259213,1.85860000,123.40000000,1.858
1749259213,1.85870000,467.90000000,1.858
1749259213,1.85880000,402.50000000,1.858
1749259213,1.85890000,246.20000000,1.858
1749259213,1.85900000,473.50000000,1.858
1749259213,1.85910000,213.20000000,1.858
1749259213,1.85920000,269.90000000,1.858
1749259213,1.85930000,241.00000000,1.858
1749259213,1.85940000,529.90000000,1.858
1749259213,1.85950000,598.10000000,1.858
1749259213,1.85960000,778.10000000,1.858
1749259213,1.85970000,539.80000000,1.858
1749259213,1.85980000,332.60000000,1.858
1749259213,1.85990000,348.30000000,1.858
1749259213,1.86000000,410.80000000,1.858
1749259213,1.86010000,817.30000000,1.858
1749259213,1.86020000,367.80000000,1.858
1749259213,1.86030000,261.80000000,1.858
1749259213,1.86040000,131.00000000,1.858
1749259213,1.86050000,261.90000000,1.858
1749259213,1.86060000,217.40000000,1.858
1749259213,1.86070000,261.90000000,1.858
1749259213,1.86080000,368.30000000,1.858
1749259213,1.86090000,383.00000000,1.858
1749259213,1.86100000,403.50000000,1.858
1749259213,1.86110000,126.80000000,1.858
1749259213,1.86120000,1024.40000000,1.858
1749259213,1.86130000,2506.60000000,1.858
1749259213,1.86140000,1985.20000000,1.858
1749259213,1.86150000,1335.90000000,1.858
1749259213,1.86160000,126.80000000,1.858
1749259213,1.86170000,450.10000000,1.858
1749259213,1.86180000,261.80000000,1.858
1749259213,1.86190000,500.90000000,1.858
1749259213,1.86200000,275.20000000,1.858
1749259213,1.86210000,126.80000000,1.858
1749259213,1.86220000,230.50000000,1.858
1749259213,1.86230000,363.60000000,1.858
1749259213,1.86240000,264.80000000,1.858
1749259213,1.86250000,363.60000000,1.858
1749259213,1.86260000,1122.80000000,1.858
1749259213,1.86270000,147.90000000,1.858
1749259213,1.86280000,287.50000000,1.858
1749259213,1.86290000,5322.50000000,1.858
1749259213,1.86300000,8.40000000,1.858
1749259213,1.86310000,2690.60000000,1.858
1749259213,1.86320000,5.40000000,1.858
1749259213,1.86330000,143.40000000,1.858
1749259213,1.86340000,242.20000000,1.858
1749259213,1.86350000,140.40000000,1.858
1749259213,1.86360000,8.40000000,1.858
1749259213,1.86370000,144.50000000,1.858
1749259213,1.86380000,5.40000000,1.858
1749259213,1.86390000,245.10000000,1.858
1749259213,1.86400000,140.40000000,1.858
1749259213,1.86410000,242.20000000,1.858
1749259213,1.86420000,143.40000000,1.858
1749259213,1.86430000,5.40000000,1.858
1749259213,1.86440000,1560.30000000,1.858
1749259213,1.86450000,8.40000000,1.858
1749259213,1.86460000,159.50000000,1.858
1749259213,1.86470000,242.10000000,1.858
1749259213,1.86480000,77.30000000,1.858
1749259213,1.86490000,140.40000000,1.858
1749259213,1.86500000,28.40000000,1.858
1749259213,1.86510000,193.90000000,1.858
1749259213,1.86520000,20.40000000,1.858
1749259213,1.86530000,242.10000000,1.858
1749259213,1.86540000,5.40000000,1.858
1749259213,1.86550000,1152.80000000,1.858
1749259213,1.86560000,15.00000000,1.858
1749259213,1.86570000,236.50000000,1.858
1749259213,1.86580000,55.50000000,1.858
1749259213,1.86590000,570.90000000,1.858
1749259213,1.86600000,3.00000000,1.858
1749259213,1.86620000,236.50000000,1.858
1749259213,1.86630000,29.40000000,1.858
1749259213,1.86640000,4.10000000,1.858
1749259213,1.86660000,3.00000000,1.858
1749259213,1.86680000,55.50000000,1.858
1749259213,1.86700000,12260.50000000,1.858
1749259213,1.86720000,3.00000000,1.858
1749259213,1.86730000,4.10000000,1.858
1749259213,1.86780000,354.70000000,1.858
1749259213,1.86790000,555.90000000,1.858
1749259213,1.86820000,4.10000000,1.858
1749259213,1.86830000,824.00000000,1.858
1749259213,1.86840000,246.30000000,1.858
1749259213,1.86890000,45.00000000,1.858
1749259213,1.86910000,19.10000000,1.858
1749259213,1.86920000,203.90000000,1.858
1749259213,1.86960000,15.00000000,1.858
1749259213,1.86970000,278.00000000,1.858
