timestamp,price,volume,current_price
1749258417,0.07350000,55410.60000000,0.0735
1749258417,0.07360000,239905.70000000,0.0735
1749258417,0.07370000,147849.30000000,0.0735
1749258417,0.07380000,93246.00000000,0.0735
1749258417,0.07390000,58911.50000000,0.0735
1749258417,0.07400000,209944.60000000,0.0735
1749258417,0.07410000,327010.70000000,0.0735
1749258417,0.07420000,39345.80000000,0.0735
1749258417,0.07430000,38997.90000000,0.0735
1749258417,0.07440000,27567.90000000,0.0735
1749258417,0.07450000,11683.40000000,0.0735
1749258417,0.07460000,693773.10000000,0.0735
1749258417,0.07470000,10913.60000000,0.0735
1749258417,0.07480000,478875.90000000,0.0735
1749258417,0.07490000,10474.60000000,0.0735
1749258417,0.07500000,10637.50000000,0.0735
1749258417,0.07510000,11364.30000000,0.0735
1749258417,0.07520000,7225.10000000,0.0735
1749258417,0.07530000,19818.90000000,0.0735
1749258417,0.07540000,15438.10000000,0.0735
1749258417,0.07550000,11530.80000000,0.0735
1749258417,0.07560000,53133.50000000,0.0735
1749258417,0.07570000,19921.90000000,0.0735
1749258417,0.07580000,5742.70000000,0.0735
1749258417,0.07590000,7122.50000000,0.0735
1749258417,0.07600000,28728.90000000,0.0735
1749258417,0.07610000,7280.20000000,0.0735
1749258417,0.07620000,466.00000000,0.0735
1749258417,0.07630000,7122.50000000,0.0735
1749258417,0.07640000,22284.40000000,0.0735
1749258417,0.07650000,108733.50000000,0.0735
1749258417,0.07660000,13091.10000000,0.0735
1749258417,0.07670000,7660.30000000,0.0735
1749258417,0.07680000,21267.00000000,0.0735
1749258417,0.07690000,7206.20000000,0.0735
1749258417,0.07700000,138.20000000,0.0735
1749258417,0.07710000,30101.20000000,0.0735
1749258417,0.07720000,138.20000000,0.0735
1749258417,0.07730000,3903.00000000,0.0735
1749258417,0.07740000,7267.30000000,0.0735
1749258417,0.07750000,17359.10000000,0.0735
1749258417,0.07760000,1315.30000000,0.0735
1749258417,0.07770000,7464.10000000,0.0735
1749258417,0.07780000,138.20000000,0.0735
1749258417,0.07790000,21407.80000000,0.0735
1749258417,0.07800000,138.20000000,0.0735
1749258417,0.07810000,138.20000000,0.0735
1749258417,0.07820000,8782.80000000,0.0735
1749258417,0.07830000,591.30000000,0.0735
1749258417,0.07840000,138.20000000,0.0735
1749258417,0.07850000,231.10000000,0.0735
1749258417,0.07860000,2023.00000000,0.0735
1749258417,0.07870000,209.40000000,0.0735
1749258417,0.07880000,979.80000000,0.0735
1749258417,0.07890000,138.20000000,0.0735
1749258417,0.07900000,3159.90000000,0.0735
1749258417,0.07910000,342.90000000,0.0735
1749258417,0.07920000,1149.40000000,0.0735
1749258417,0.07930000,139.00000000,0.0735
1749258417,0.07940000,1799.10000000,0.0735
1749258417,0.07950000,138.60000000,0.0735
1749258417,0.07960000,910.60000000,0.0735
1749258417,0.07970000,276.20000000,0.0735
1749258417,0.07980000,295.60000000,0.0735
1749258417,0.07990000,78843.10000000,0.0735
1749258417,0.08000000,356220.10000000,0.0735
1749258417,0.08010000,137.40000000,0.0735
1749258417,0.08020000,137.20000000,0.0735
1749258417,0.08030000,137.10000000,0.0735
1749258417,0.08040000,404.50000000,0.0735
1749258417,0.08050000,213.70000000,0.0735
1749258417,0.08060000,463.50000000,0.0735
1749258417,0.08070000,231.30000000,0.0735
1749258417,0.08080000,267.60000000,0.0735
1749258417,0.08090000,142.30000000,0.0735
1749258417,0.08100000,1686.90000000,0.0735
1749258417,0.08120000,3000.00000000,0.0735
1749258417,0.08130000,267.60000000,0.0735
1749258417,0.08140000,79.70000000,0.0735
1749258417,0.08150000,77.00000000,0.0735
1749258417,0.08160000,1096.00000000,0.0735
1749258417,0.08180000,267.60000000,0.0735
1749258417,0.08190000,83.70000000,0.0735
1749258417,0.08200000,145.30000000,0.0735
1749258417,0.08210000,1605.80000000,0.0735
1749258417,0.08220000,267.60000000,0.0735
1749258417,0.08250000,77.00000000,0.0735
1749258417,0.08260000,1457.60000000,0.0735
1749258417,0.08270000,267.60000000,0.0735
1749258417,0.08280000,132.80000000,0.0735
1749258417,0.08290000,142.30000000,0.0735
1749258417,0.08300000,10959.30000000,0.0735
1749258417,0.08310000,267.60000000,0.0735
1749258417,0.08350000,144.10000000,0.0735
1749258417,0.08360000,267.60000000,0.0735
1749258417,0.08380000,1061.90000000,0.0735
1749258417,0.08400000,21939.10000000,0.0735
1749258417,0.08410000,267.60000000,0.0735
1749258417,0.08420000,1242.40000000,0.0735
1749258417,0.08440000,859.80000000,0.0735
1749258753,0.07330000,53561.70000000,0.0733
1749258753,0.07340000,223244.10000000,0.0733
1749258753,0.07350000,112260.80000000,0.0733
1749258753,0.07360000,59914.70000000,0.0733
1749258753,0.07370000,56621.00000000,0.0733
1749258753,0.07380000,225001.90000000,0.0733
1749258753,0.07390000,326342.50000000,0.0733
1749258753,0.07400000,39890.60000000,0.0733
1749258753,0.07410000,44481.90000000,0.0733
1749258753,0.07420000,11055.60000000,0.0733
1749258753,0.07430000,26357.00000000,0.0733
1749258753,0.07440000,698355.80000000,0.0733
1749258753,0.07450000,11343.10000000,0.0733
1749258753,0.07460000,478770.30000000,0.0733
1749258753,0.07470000,10913.60000000,0.0733
1749258753,0.07480000,11344.30000000,0.0733
1749258753,0.07490000,11913.10000000,0.0733
1749258753,0.07500000,10979.20000000,0.0733
1749258753,0.07510000,9886.60000000,0.0733
1749258753,0.07520000,15573.70000000,0.0733
1749258753,0.07530000,19818.90000000,0.0733
1749258753,0.07540000,7431.70000000,0.0733
1749258753,0.07550000,21475.70000000,0.0733
1749258753,0.07560000,58738.00000000,0.0733
1749258753,0.07570000,7330.10000000,0.0733
1749258753,0.07580000,3366.10000000,0.0733
1749258753,0.07590000,7122.50000000,0.0733
1749258753,0.07600000,25698.60000000,0.0733
1749258753,0.07610000,7280.20000000,0.0733
1749258753,0.07620000,269.40000000,0.0733
1749258753,0.07630000,7122.50000000,0.0733
1749258753,0.07640000,34822.60000000,0.0733
1749258753,0.07650000,108733.50000000,0.0733
1749258753,0.07660000,3937.10000000,0.0733
1749258753,0.07670000,7660.30000000,0.0733
1749258753,0.07680000,17882.80000000,0.0733
1749258753,0.07690000,7206.20000000,0.0733
1749258753,0.07700000,138.20000000,0.0733
1749258753,0.07710000,30101.20000000,0.0733
1749258753,0.07720000,138.20000000,0.0733
1749258753,0.07730000,3903.00000000,0.0733
1749258753,0.07740000,7267.30000000,0.0733
1749258753,0.07750000,17359.10000000,0.0733
1749258753,0.07760000,1315.30000000,0.0733
1749258753,0.07770000,7464.10000000,0.0733
1749258753,0.07780000,138.20000000,0.0733
1749258753,0.07790000,14423.50000000,0.0733
1749258753,0.07800000,138.20000000,0.0733
1749258753,0.07810000,138.20000000,0.0733
1749258753,0.07820000,1798.50000000,0.0733
1749258753,0.07830000,591.30000000,0.0733
1749258753,0.07840000,138.20000000,0.0733
1749258753,0.07850000,231.10000000,0.0733
1749258753,0.07860000,2023.00000000,0.0733
1749258753,0.07870000,209.40000000,0.0733
1749258753,0.07880000,979.80000000,0.0733
1749258753,0.07890000,138.20000000,0.0733
1749258753,0.07900000,3159.90000000,0.0733
1749258753,0.07910000,342.90000000,0.0733
1749258753,0.07920000,1149.40000000,0.0733
1749258753,0.07930000,139.00000000,0.0733
1749258753,0.07940000,1799.10000000,0.0733
1749258753,0.07950000,138.60000000,0.0733
1749258753,0.07960000,910.60000000,0.0733
1749258753,0.07970000,276.20000000,0.0733
1749258753,0.07980000,295.60000000,0.0733
1749258753,0.07990000,78749.90000000,0.0733
1749258753,0.08000000,356220.10000000,0.0733
1749258753,0.08010000,137.40000000,0.0733
1749258753,0.08020000,137.20000000,0.0733
1749258753,0.08030000,137.10000000,0.0733
1749258753,0.08040000,404.50000000,0.0733
1749258753,0.08050000,213.70000000,0.0733
1749258753,0.08060000,327.00000000,0.0733
1749258753,0.08070000,95.00000000,0.0733
1749258753,0.08080000,267.60000000,0.0733
1749258753,0.08090000,142.30000000,0.0733
1749258753,0.08100000,1686.90000000,0.0733
1749258753,0.08120000,3000.00000000,0.0733
1749258753,0.08130000,267.60000000,0.0733
1749258753,0.08140000,79.70000000,0.0733
1749258753,0.08150000,77.00000000,0.0733
1749258753,0.08160000,1096.00000000,0.0733
1749258753,0.08180000,267.60000000,0.0733
1749258753,0.08190000,83.70000000,0.0733
1749258753,0.08200000,145.30000000,0.0733
1749258753,0.08210000,1605.80000000,0.0733
1749258753,0.08220000,267.60000000,0.0733
1749258753,0.08250000,77.00000000,0.0733
1749258753,0.08260000,1457.60000000,0.0733
1749258753,0.08270000,267.60000000,0.0733
1749258753,0.08280000,132.80000000,0.0733
1749258753,0.08290000,142.30000000,0.0733
1749258753,0.08300000,10959.30000000,0.0733
1749258753,0.08310000,267.60000000,0.0733
1749258753,0.08350000,144.10000000,0.0733
1749258753,0.08360000,267.60000000,0.0733
1749258753,0.08380000,1061.90000000,0.0733
1749258753,0.08400000,21939.10000000,0.0733
1749258753,0.08410000,267.60000000,0.0733
1749259055,0.07320000,38731.80000000,0.0731
1749259055,0.07330000,275260.10000000,0.0731
1749259055,0.07340000,234062.00000000,0.0731
1749259055,0.07350000,119727.90000000,0.0731
1749259055,0.07360000,198782.00000000,0.0731
1749259055,0.07370000,52561.90000000,0.0731
1749259055,0.07380000,485520.90000000,0.0731
1749259055,0.07390000,311626.00000000,0.0731
1749259055,0.07400000,312369.60000000,0.0731
1749259055,0.07410000,59704.90000000,0.0731
1749259055,0.07420000,39049.90000000,0.0731
1749259055,0.07430000,11175.00000000,0.0731
1749259055,0.07440000,477406.70000000,0.0731
1749259055,0.07450000,11343.10000000,0.0731
1749259055,0.07460000,13770.30000000,0.0731
1749259055,0.07470000,13790.90000000,0.0731
1749259055,0.07480000,11344.30000000,0.0731
1749259055,0.07490000,11913.10000000,0.0731
1749259055,0.07500000,10979.20000000,0.0731
1749259055,0.07510000,7225.20000000,0.0731
1749259055,0.07520000,15573.70000000,0.0731
1749259055,0.07530000,19818.90000000,0.0731
1749259055,0.07540000,10082.20000000,0.0731
1749259055,0.07550000,21475.70000000,0.0731
1749259055,0.07560000,58738.00000000,0.0731
1749259055,0.07570000,7330.10000000,0.0731
1749259055,0.07580000,3168.50000000,0.0731
1749259055,0.07590000,7122.50000000,0.0731
1749259055,0.07600000,25698.60000000,0.0731
1749259055,0.07610000,7477.00000000,0.0731
1749259055,0.07620000,269.40000000,0.0731
1749259055,0.07630000,7122.50000000,0.0731
1749259055,0.07640000,34822.60000000,0.0731
1749259055,0.07650000,108733.50000000,0.0731
1749259055,0.07660000,3937.10000000,0.0731
1749259055,0.07670000,7660.30000000,0.0731
1749259055,0.07680000,17882.80000000,0.0731
1749259055,0.07690000,7206.20000000,0.0731
1749259055,0.07700000,138.20000000,0.0731
1749259055,0.07710000,30101.20000000,0.0731
1749259055,0.07720000,138.20000000,0.0731
1749259055,0.07730000,3903.00000000,0.0731
1749259055,0.07740000,7267.30000000,0.0731
1749259055,0.07750000,17359.10000000,0.0731
1749259055,0.07760000,1315.30000000,0.0731
1749259055,0.07770000,7464.10000000,0.0731
1749259055,0.07780000,138.20000000,0.0731
1749259055,0.07790000,14423.50000000,0.0731
1749259055,0.07800000,138.20000000,0.0731
1749259055,0.07810000,138.20000000,0.0731
1749259055,0.07820000,1798.50000000,0.0731
1749259055,0.07830000,591.30000000,0.0731
1749259055,0.07840000,138.20000000,0.0731
1749259055,0.07850000,231.10000000,0.0731
1749259055,0.07860000,2023.00000000,0.0731
1749259055,0.07870000,209.40000000,0.0731
1749259055,0.07880000,979.80000000,0.0731
1749259055,0.07890000,138.20000000,0.0731
1749259055,0.07900000,3159.90000000,0.0731
1749259055,0.07910000,342.90000000,0.0731
1749259055,0.07920000,1149.40000000,0.0731
1749259055,0.07930000,139.00000000,0.0731
1749259055,0.07940000,1799.10000000,0.0731
1749259055,0.07950000,138.60000000,0.0731
1749259055,0.07960000,910.60000000,0.0731
1749259055,0.07970000,276.20000000,0.0731
1749259055,0.07980000,295.60000000,0.0731
1749259055,0.07990000,78749.90000000,0.0731
1749259055,0.08000000,356220.10000000,0.0731
1749259055,0.08010000,137.40000000,0.0731
1749259055,0.08020000,137.20000000,0.0731
1749259055,0.08030000,137.10000000,0.0731
1749259055,0.08040000,404.50000000,0.0731
1749259055,0.08050000,77.00000000,0.0731
1749259055,0.08060000,327.00000000,0.0731
1749259055,0.08070000,95.00000000,0.0731
1749259055,0.08080000,267.60000000,0.0731
1749259055,0.08090000,142.30000000,0.0731
1749259055,0.08100000,1686.90000000,0.0731
1749259055,0.08120000,3000.00000000,0.0731
1749259055,0.08130000,267.60000000,0.0731
1749259055,0.08140000,79.70000000,0.0731
1749259055,0.08150000,77.00000000,0.0731
1749259055,0.08160000,1096.00000000,0.0731
1749259055,0.08180000,267.60000000,0.0731
1749259055,0.08190000,83.70000000,0.0731
1749259055,0.08200000,145.30000000,0.0731
1749259055,0.08210000,1605.80000000,0.0731
1749259055,0.08220000,267.60000000,0.0731
1749259055,0.08250000,77.00000000,0.0731
1749259055,0.08260000,1457.60000000,0.0731
1749259055,0.08270000,267.60000000,0.0731
1749259055,0.08280000,132.80000000,0.0731
1749259055,0.08290000,142.30000000,0.0731
1749259055,0.08300000,10959.30000000,0.0731
1749259055,0.08310000,267.60000000,0.0731
1749259055,0.08350000,144.10000000,0.0731
1749259055,0.08360000,267.60000000,0.0731
1749259055,0.08380000,1061.90000000,0.0731
1749259055,0.08400000,21939.10000000,0.0731
