timestamp,price,volume,current_price
1749260801,0.07320000,65957.20000000,0.0731
1749260801,0.07330000,217219.30000000,0.0731
1749260801,0.07340000,213182.00000000,0.0731
1749260801,0.07350000,85283.20000000,0.0731
1749260801,0.07360000,44303.90000000,0.0731
1749260801,0.07370000,488027.40000000,0.0731
1749260801,0.07380000,344769.10000000,0.0731
1749260801,0.07390000,39861.90000000,0.0731
1749260801,0.07400000,40417.60000000,0.0731
1749260801,0.07410000,16625.50000000,0.0731
1749260801,0.07420000,10714.40000000,0.0731
1749260801,0.07430000,10808.20000000,0.0731
1749260801,0.07440000,14954.60000000,0.0731
1749260801,0.07450000,475820.90000000,0.0731
1749260801,0.07460000,13973.30000000,0.0731
1749260801,0.07470000,15052.70000000,0.0731
1749260801,0.07480000,10717.80000000,0.0731
1749260801,0.07490000,8058.80000000,0.0731
1749260801,0.07500000,18643.90000000,0.0731
1749260801,0.07510000,9886.60000000,0.0731
1749260801,0.07520000,7225.10000000,0.0731
1749260801,0.07530000,19818.90000000,0.0731
1749260801,0.07540000,13036.20000000,0.0731
1749260801,0.07550000,21475.70000000,0.0731
1749260801,0.07560000,81382.60000000,0.0731
1749260801,0.07570000,7330.10000000,0.0731
1749260801,0.07580000,5224.30000000,0.0731
1749260801,0.07590000,7122.50000000,0.0731
1749260801,0.07600000,479.80000000,0.0731
1749260801,0.07610000,7280.20000000,0.0731
1749260801,0.07620000,12807.60000000,0.0731
1749260801,0.07630000,7122.50000000,0.0731
1749260801,0.07640000,17333.30000000,0.0731
1749260801,0.07650000,108733.50000000,0.0731
1749260801,0.07660000,3937.10000000,0.0731
1749260801,0.07670000,7660.30000000,0.0731
1749260801,0.07680000,17882.80000000,0.0731
1749260801,0.07690000,19633.60000000,0.0731
1749260801,0.07700000,138.20000000,0.0731
1749260801,0.07710000,20985.50000000,0.0731
1749260801,0.07720000,138.20000000,0.0731
1749260801,0.07730000,591.30000000,0.0731
1749260801,0.07740000,7267.30000000,0.0731
1749260801,0.07750000,17359.10000000,0.0731
1749260801,0.07760000,1315.30000000,0.0731
1749260801,0.07770000,479.80000000,0.0731
1749260801,0.07780000,138.20000000,0.0731
1749260801,0.07790000,14423.50000000,0.0731
1749260801,0.07800000,138.20000000,0.0731
1749260801,0.07810000,138.20000000,0.0731
1749260801,0.07820000,1798.50000000,0.0731
1749260801,0.07830000,591.30000000,0.0731
1749260801,0.07840000,138.20000000,0.0731
1749260801,0.07850000,231.10000000,0.0731
1749260801,0.07860000,2023.00000000,0.0731
1749260801,0.07870000,209.40000000,0.0731
1749260801,0.07880000,979.80000000,0.0731
1749260801,0.07890000,138.20000000,0.0731
1749260801,0.07900000,3159.90000000,0.0731
1749260801,0.07910000,342.90000000,0.0731
1749260801,0.07920000,1149.40000000,0.0731
1749260801,0.07930000,139.00000000,0.0731
1749260801,0.07940000,1799.10000000,0.0731
1749260801,0.07950000,138.60000000,0.0731
1749260801,0.07960000,910.60000000,0.0731
1749260801,0.07970000,276.20000000,0.0731
1749260801,0.07980000,295.60000000,0.0731
1749260801,0.07990000,78749.90000000,0.0731
1749260801,0.08000000,356220.10000000,0.0731
1749260801,0.08010000,137.40000000,0.0731
1749260801,0.08020000,137.20000000,0.0731
1749260801,0.08030000,137.10000000,0.0731
1749260801,0.08040000,404.50000000,0.0731
1749260801,0.08050000,77.00000000,0.0731
1749260801,0.08060000,327.00000000,0.0731
1749260801,0.08070000,95.00000000,0.0731
1749260801,0.08080000,267.60000000,0.0731
1749260801,0.08090000,142.30000000,0.0731
1749260801,0.08100000,1686.90000000,0.0731
1749260801,0.08120000,3000.00000000,0.0731
1749260801,0.08130000,267.60000000,0.0731
1749260801,0.08140000,79.70000000,0.0731
1749260801,0.08150000,77.00000000,0.0731
1749260801,0.08160000,1096.00000000,0.0731
1749260801,0.08180000,267.60000000,0.0731
1749260801,0.08190000,83.70000000,0.0731
1749260801,0.08200000,145.30000000,0.0731
1749260801,0.08210000,1605.80000000,0.0731
1749260801,0.08220000,267.60000000,0.0731
1749260801,0.08250000,77.00000000,0.0731
1749260801,0.08260000,1457.60000000,0.0731
1749260801,0.08270000,267.60000000,0.0731
1749260801,0.08280000,132.80000000,0.0731
1749260801,0.08290000,142.30000000,0.0731
1749260801,0.08300000,10959.30000000,0.0731
1749260801,0.08310000,267.60000000,0.0731
1749260801,0.08350000,144.10000000,0.0731
1749260801,0.08360000,267.60000000,0.0731
1749260801,0.08380000,1061.90000000,0.0731
1749260801,0.08400000,21939.10000000,0.0731
1749261121,0.07320000,57196.30000000,0.0732
1749261121,0.07330000,159050.10000000,0.0732
1749261121,0.07340000,129377.40000000,0.0732
1749261121,0.07350000,74596.20000000,0.0732
1749261121,0.07360000,44213.70000000,0.0732
1749261121,0.07370000,230138.20000000,0.0732
1749261121,0.07380000,343766.00000000,0.0732
1749261121,0.07390000,313458.90000000,0.0732
1749261121,0.07400000,314014.60000000,0.0732
1749261121,0.07410000,16625.50000000,0.0732
1749261121,0.07420000,11342.50000000,0.0732
1749261121,0.07430000,10808.20000000,0.0732
1749261121,0.07440000,12065.50000000,0.0732
1749261121,0.07450000,475820.90000000,0.0732
1749261121,0.07460000,13973.30000000,0.0732
1749261121,0.07470000,13790.90000000,0.0732
1749261121,0.07480000,10717.80000000,0.0732
1749261121,0.07490000,12197.90000000,0.0732
1749261121,0.07500000,10637.50000000,0.0732
1749261121,0.07510000,7225.20000000,0.0732
1749261121,0.07520000,15231.50000000,0.0732
1749261121,0.07530000,19818.90000000,0.0732
1749261121,0.07540000,10082.20000000,0.0732
1749261121,0.07550000,21475.70000000,0.0732
1749261121,0.07560000,58738.00000000,0.0732
1749261121,0.07570000,7330.10000000,0.0732
1749261121,0.07580000,8057.00000000,0.0732
1749261121,0.07590000,7122.50000000,0.0732
1749261121,0.07600000,25698.60000000,0.0732
1749261121,0.07610000,7477.00000000,0.0732
1749261121,0.07620000,269.40000000,0.0732
1749261121,0.07630000,7122.50000000,0.0732
1749261121,0.07640000,29871.50000000,0.0732
1749261121,0.07650000,108733.50000000,0.0732
1749261121,0.07660000,3937.10000000,0.0732
1749261121,0.07670000,7660.30000000,0.0732
1749261121,0.07680000,17882.80000000,0.0732
1749261121,0.07690000,7206.20000000,0.0732
1749261121,0.07700000,138.20000000,0.0732
1749261121,0.07710000,30101.20000000,0.0732
1749261121,0.07720000,138.20000000,0.0732
1749261121,0.07730000,3903.00000000,0.0732
1749261121,0.07740000,7267.30000000,0.0732
1749261121,0.07750000,17359.10000000,0.0732
1749261121,0.07760000,1315.30000000,0.0732
1749261121,0.07770000,479.80000000,0.0732
1749261121,0.07780000,138.20000000,0.0732
1749261121,0.07790000,14423.50000000,0.0732
1749261121,0.07800000,138.20000000,0.0732
1749261121,0.07810000,138.20000000,0.0732
1749261121,0.07820000,1798.50000000,0.0732
1749261121,0.07830000,591.30000000,0.0732
1749261121,0.07840000,138.20000000,0.0732
1749261121,0.07850000,231.10000000,0.0732
1749261121,0.07860000,2023.00000000,0.0732
1749261121,0.07870000,209.40000000,0.0732
1749261121,0.07880000,979.80000000,0.0732
1749261121,0.07890000,138.20000000,0.0732
1749261121,0.07900000,3159.90000000,0.0732
1749261121,0.07910000,342.90000000,0.0732
1749261121,0.07920000,1149.40000000,0.0732
1749261121,0.07930000,139.00000000,0.0732
1749261121,0.07940000,1799.10000000,0.0732
1749261121,0.07950000,138.60000000,0.0732
1749261121,0.07960000,910.60000000,0.0732
1749261121,0.07970000,276.20000000,0.0732
1749261121,0.07980000,295.60000000,0.0732
1749261121,0.07990000,78749.90000000,0.0732
1749261121,0.08000000,356220.10000000,0.0732
1749261121,0.08010000,137.40000000,0.0732
1749261121,0.08020000,137.20000000,0.0732
1749261121,0.08030000,137.10000000,0.0732
1749261121,0.08040000,404.50000000,0.0732
1749261121,0.08050000,77.00000000,0.0732
1749261121,0.08060000,327.00000000,0.0732
1749261121,0.08070000,95.00000000,0.0732
1749261121,0.08080000,267.60000000,0.0732
1749261121,0.08090000,142.30000000,0.0732
1749261121,0.08100000,1686.90000000,0.0732
1749261121,0.08120000,3000.00000000,0.0732
1749261121,0.08130000,267.60000000,0.0732
1749261121,0.08140000,79.70000000,0.0732
1749261121,0.08150000,77.00000000,0.0732
1749261121,0.08160000,1096.00000000,0.0732
1749261121,0.08180000,267.60000000,0.0732
1749261121,0.08190000,83.70000000,0.0732
1749261121,0.08200000,145.30000000,0.0732
1749261121,0.08210000,1605.80000000,0.0732
1749261121,0.08220000,267.60000000,0.0732
1749261121,0.08250000,77.00000000,0.0732
1749261121,0.08260000,1457.60000000,0.0732
1749261121,0.08270000,267.60000000,0.0732
1749261121,0.08280000,132.80000000,0.0732
1749261121,0.08290000,142.30000000,0.0732
1749261121,0.08300000,10959.30000000,0.0732
1749261121,0.08310000,267.60000000,0.0732
1749261121,0.08350000,144.10000000,0.0732
1749261121,0.08360000,267.60000000,0.0732
1749261121,0.08380000,1061.90000000,0.0732
1749261121,0.08400000,21939.10000000,0.0732
1749261439,0.07320000,69078.30000000,0.0732
1749261439,0.07330000,188635.20000000,0.0732
1749261439,0.07340000,223338.60000000,0.0732
1749261439,0.07350000,72749.90000000,0.0732
1749261439,0.07360000,41303.80000000,0.0732
1749261439,0.07370000,503735.20000000,0.0732
1749261439,0.07380000,342966.40000000,0.0732
1749261439,0.07390000,313458.90000000,0.0732
1749261439,0.07400000,11612.40000000,0.0732
1749261439,0.07410000,16625.50000000,0.0732
1749261439,0.07420000,10714.40000000,0.0732
1749261439,0.07430000,10808.20000000,0.0732
1749261439,0.07440000,14954.60000000,0.0732
1749261439,0.07450000,475820.90000000,0.0732
1749261439,0.07460000,13973.30000000,0.0732
1749261439,0.07470000,10913.60000000,0.0732
1749261439,0.07480000,10717.80000000,0.0732
1749261439,0.07490000,12197.90000000,0.0732
1749261439,0.07500000,18643.90000000,0.0732
1749261439,0.07510000,9886.60000000,0.0732
1749261439,0.07520000,7225.10000000,0.0732
1749261439,0.07530000,19818.90000000,0.0732
1749261439,0.07540000,13036.20000000,0.0732
1749261439,0.07550000,21475.70000000,0.0732
1749261439,0.07560000,56163.80000000,0.0732
1749261439,0.07570000,7330.10000000,0.0732
1749261439,0.07580000,5224.30000000,0.0732
1749261439,0.07590000,7122.50000000,0.0732
1749261439,0.07600000,25698.60000000,0.0732
1749261439,0.07610000,7280.20000000,0.0732
1749261439,0.07620000,12807.60000000,0.0732
1749261439,0.07630000,7122.50000000,0.0732
1749261439,0.07640000,17333.30000000,0.0732
1749261439,0.07650000,108733.50000000,0.0732
1749261439,0.07660000,3937.10000000,0.0732
1749261439,0.07670000,7660.30000000,0.0732
1749261439,0.07680000,17882.80000000,0.0732
1749261439,0.07690000,19633.60000000,0.0732
1749261439,0.07700000,138.20000000,0.0732
1749261439,0.07710000,17673.80000000,0.0732
1749261439,0.07720000,138.20000000,0.0732
1749261439,0.07730000,3903.00000000,0.0732
1749261439,0.07740000,7267.30000000,0.0732
1749261439,0.07750000,17359.10000000,0.0732
1749261439,0.07760000,1315.30000000,0.0732
1749261439,0.07770000,479.80000000,0.0732
1749261439,0.07780000,138.20000000,0.0732
1749261439,0.07790000,14423.50000000,0.0732
1749261439,0.07800000,138.20000000,0.0732
1749261439,0.07810000,138.20000000,0.0732
1749261439,0.07820000,1798.50000000,0.0732
1749261439,0.07830000,591.30000000,0.0732
1749261439,0.07840000,138.20000000,0.0732
1749261439,0.07850000,231.10000000,0.0732
1749261439,0.07860000,2023.00000000,0.0732
1749261439,0.07870000,209.40000000,0.0732
1749261439,0.07880000,979.80000000,0.0732
1749261439,0.07890000,138.20000000,0.0732
1749261439,0.07900000,3159.90000000,0.0732
1749261439,0.07910000,342.90000000,0.0732
1749261439,0.07920000,1149.40000000,0.0732
1749261439,0.07930000,139.00000000,0.0732
1749261439,0.07940000,1799.10000000,0.0732
1749261439,0.07950000,138.60000000,0.0732
1749261439,0.07960000,910.60000000,0.0732
1749261439,0.07970000,276.20000000,0.0732
1749261439,0.07980000,295.60000000,0.0732
1749261439,0.07990000,78749.90000000,0.0732
1749261439,0.08000000,356220.10000000,0.0732
1749261439,0.08010000,137.40000000,0.0732
1749261439,0.08020000,137.20000000,0.0732
1749261439,0.08030000,137.10000000,0.0732
1749261439,0.08040000,404.50000000,0.0732
1749261439,0.08050000,77.00000000,0.0732
1749261439,0.08060000,327.00000000,0.0732
1749261439,0.08070000,95.00000000,0.0732
1749261439,0.08080000,267.60000000,0.0732
1749261439,0.08090000,142.30000000,0.0732
1749261439,0.08100000,1686.90000000,0.0732
1749261439,0.08120000,3000.00000000,0.0732
1749261439,0.08130000,267.60000000,0.0732
1749261439,0.08140000,79.70000000,0.0732
1749261439,0.08150000,77.00000000,0.0732
1749261439,0.08160000,1096.00000000,0.0732
1749261439,0.08180000,267.60000000,0.0732
1749261439,0.08190000,83.70000000,0.0732
1749261439,0.08200000,145.30000000,0.0732
1749261439,0.08210000,1605.80000000,0.0732
1749261439,0.08220000,267.60000000,0.0732
1749261439,0.08250000,77.00000000,0.0732
1749261439,0.08260000,1457.60000000,0.0732
1749261439,0.08270000,267.60000000,0.0732
1749261439,0.08280000,132.80000000,0.0732
1749261439,0.08290000,142.30000000,0.0732
1749261439,0.08300000,10959.30000000,0.0732
1749261439,0.08310000,267.60000000,0.0732
1749261439,0.08350000,144.10000000,0.0732
1749261439,0.08360000,267.60000000,0.0732
1749261439,0.08380000,1061.90000000,0.0732
1749261439,0.08400000,21939.10000000,0.0732
1749261755,0.07310000,110812.60000000,0.0731
1749261755,0.07320000,111632.10000000,0.0731
1749261755,0.07330000,141363.70000000,0.0731
1749261755,0.07340000,75890.50000000,0.0731
1749261755,0.07350000,56193.70000000,0.0731
1749261755,0.07360000,470991.70000000,0.0731
1749261755,0.07370000,331938.30000000,0.0731
1749261755,0.07380000,55104.90000000,0.0731
1749261755,0.07390000,313458.90000000,0.0731
1749261755,0.07400000,11612.40000000,0.0731
1749261755,0.07410000,16625.50000000,0.0731
1749261755,0.07420000,10714.40000000,0.0731
1749261755,0.07430000,10808.20000000,0.0731
1749261755,0.07440000,479954.60000000,0.0731
1749261755,0.07450000,10820.90000000,0.0731
1749261755,0.07460000,13973.30000000,0.0731
1749261755,0.07470000,15052.70000000,0.0731
1749261755,0.07480000,10717.80000000,0.0731
1749261755,0.07490000,8058.80000000,0.0731
1749261755,0.07500000,18643.90000000,0.0731
1749261755,0.07510000,9886.60000000,0.0731
1749261755,0.07520000,7225.10000000,0.0731
1749261755,0.07530000,19818.90000000,0.0731
1749261755,0.07540000,13036.20000000,0.0731
1749261755,0.07550000,21475.70000000,0.0731
1749261755,0.07560000,56163.80000000,0.0731
1749261755,0.07570000,7330.10000000,0.0731
1749261755,0.07580000,5224.30000000,0.0731
1749261755,0.07590000,7122.50000000,0.0731
1749261755,0.07600000,25698.60000000,0.0731
1749261755,0.07610000,7280.20000000,0.0731
1749261755,0.07620000,12807.60000000,0.0731
1749261755,0.07630000,7122.50000000,0.0731
1749261755,0.07640000,17333.30000000,0.0731
1749261755,0.07650000,108733.50000000,0.0731
1749261755,0.07660000,3937.10000000,0.0731
1749261755,0.07670000,7660.30000000,0.0731
1749261755,0.07680000,17882.80000000,0.0731
1749261755,0.07690000,19633.60000000,0.0731
1749261755,0.07700000,138.20000000,0.0731
1749261755,0.07710000,20985.50000000,0.0731
1749261755,0.07720000,138.20000000,0.0731
1749261755,0.07730000,591.30000000,0.0731
1749261755,0.07740000,7267.30000000,0.0731
1749261755,0.07750000,17359.10000000,0.0731
1749261755,0.07760000,1315.30000000,0.0731
1749261755,0.07770000,479.80000000,0.0731
1749261755,0.07780000,138.20000000,0.0731
1749261755,0.07790000,14423.50000000,0.0731
1749261755,0.07800000,138.20000000,0.0731
1749261755,0.07810000,138.20000000,0.0731
1749261755,0.07820000,1798.50000000,0.0731
1749261755,0.07830000,591.30000000,0.0731
1749261755,0.07840000,138.20000000,0.0731
1749261755,0.07850000,231.10000000,0.0731
1749261755,0.07860000,2023.00000000,0.0731
1749261755,0.07870000,209.40000000,0.0731
1749261755,0.07880000,979.80000000,0.0731
1749261755,0.07890000,138.20000000,0.0731
1749261755,0.07900000,3159.90000000,0.0731
1749261755,0.07910000,342.90000000,0.0731
1749261755,0.07920000,1149.40000000,0.0731
1749261755,0.07930000,139.00000000,0.0731
1749261755,0.07940000,1799.10000000,0.0731
1749261755,0.07950000,138.60000000,0.0731
1749261755,0.07960000,910.60000000,0.0731
1749261755,0.07970000,276.20000000,0.0731
1749261755,0.07980000,295.60000000,0.0731
1749261755,0.07990000,78749.90000000,0.0731
1749261755,0.08000000,356220.10000000,0.0731
1749261755,0.08010000,137.40000000,0.0731
1749261755,0.08020000,137.20000000,0.0731
1749261755,0.08030000,137.10000000,0.0731
1749261755,0.08040000,267.60000000,0.0731
1749261755,0.08050000,77.00000000,0.0731
1749261755,0.08060000,327.00000000,0.0731
1749261755,0.08070000,95.00000000,0.0731
1749261755,0.08080000,267.60000000,0.0731
1749261755,0.08090000,142.30000000,0.0731
1749261755,0.08100000,1686.90000000,0.0731
1749261755,0.08120000,3000.00000000,0.0731
1749261755,0.08130000,267.60000000,0.0731
1749261755,0.08140000,79.70000000,0.0731
1749261755,0.08150000,77.00000000,0.0731
1749261755,0.08160000,1096.00000000,0.0731
1749261755,0.08180000,267.60000000,0.0731
1749261755,0.08190000,83.70000000,0.0731
1749261755,0.08200000,145.30000000,0.0731
1749261755,0.08210000,1605.80000000,0.0731
1749261755,0.08220000,267.60000000,0.0731
1749261755,0.08250000,77.00000000,0.0731
1749261755,0.08260000,1457.60000000,0.0731
1749261755,0.08270000,267.60000000,0.0731
1749261755,0.08280000,132.80000000,0.0731
1749261755,0.08290000,142.30000000,0.0731
1749261755,0.08300000,10959.30000000,0.0731
1749261755,0.08310000,267.60000000,0.0731
1749261755,0.08350000,144.10000000,0.0731
1749261755,0.08360000,267.60000000,0.0731
1749261755,0.08380000,1061.90000000,0.0731
1749262057,0.07320000,81735.40000000,0.0731
1749262057,0.07330000,185349.10000000,0.0731
1749262057,0.07340000,244272.60000000,0.0731
1749262057,0.07350000,117184.80000000,0.0731
1749262057,0.07360000,195621.20000000,0.0731
1749262057,0.07370000,329243.90000000,0.0731
1749262057,0.07380000,497742.10000000,0.0731
1749262057,0.07390000,312914.10000000,0.0731
1749262057,0.07400000,40448.80000000,0.0731
1749262057,0.07410000,16625.50000000,0.0731
1749262057,0.07420000,10714.40000000,0.0731
1749262057,0.07430000,10808.20000000,0.0731
1749262057,0.07440000,479954.60000000,0.0731
1749262057,0.07450000,10820.90000000,0.0731
1749262057,0.07460000,13973.30000000,0.0731
1749262057,0.07470000,15052.70000000,0.0731
1749262057,0.07480000,10717.80000000,0.0731
1749262057,0.07490000,8058.80000000,0.0731
1749262057,0.07500000,18643.90000000,0.0731
1749262057,0.07510000,9886.60000000,0.0731
1749262057,0.07520000,7225.10000000,0.0731
1749262057,0.07530000,19818.90000000,0.0731
1749262057,0.07540000,13036.20000000,0.0731
1749262057,0.07550000,21475.70000000,0.0731
1749262057,0.07560000,82705.30000000,0.0731
1749262057,0.07570000,7330.10000000,0.0731
1749262057,0.07580000,5224.30000000,0.0731
1749262057,0.07590000,7122.50000000,0.0731
1749262057,0.07600000,479.80000000,0.0731
1749262057,0.07610000,7280.20000000,0.0731
1749262057,0.07620000,12807.60000000,0.0731
1749262057,0.07630000,7122.50000000,0.0731
1749262057,0.07640000,17333.30000000,0.0731
1749262057,0.07650000,108733.50000000,0.0731
1749262057,0.07660000,3937.10000000,0.0731
1749262057,0.07670000,7660.30000000,0.0731
1749262057,0.07680000,17882.80000000,0.0731
1749262057,0.07690000,19633.60000000,0.0731
1749262057,0.07700000,138.20000000,0.0731
1749262057,0.07710000,20985.50000000,0.0731
1749262057,0.07720000,138.20000000,0.0731
1749262057,0.07730000,591.30000000,0.0731
1749262057,0.07740000,7267.30000000,0.0731
1749262057,0.07750000,17359.10000000,0.0731
1749262057,0.07760000,1315.30000000,0.0731
1749262057,0.07770000,479.80000000,0.0731
1749262057,0.07780000,138.20000000,0.0731
1749262057,0.07790000,14423.50000000,0.0731
1749262057,0.07800000,138.20000000,0.0731
1749262057,0.07810000,138.20000000,0.0731
1749262057,0.07820000,1798.50000000,0.0731
1749262057,0.07830000,591.30000000,0.0731
1749262057,0.07840000,138.20000000,0.0731
1749262057,0.07850000,231.10000000,0.0731
1749262057,0.07860000,2023.00000000,0.0731
1749262057,0.07870000,209.40000000,0.0731
1749262057,0.07880000,979.80000000,0.0731
1749262057,0.07890000,138.20000000,0.0731
1749262057,0.07900000,3159.90000000,0.0731
1749262057,0.07910000,342.90000000,0.0731
1749262057,0.07920000,1149.40000000,0.0731
1749262057,0.07930000,139.00000000,0.0731
1749262057,0.07940000,1799.10000000,0.0731
1749262057,0.07950000,138.60000000,0.0731
1749262057,0.07960000,910.60000000,0.0731
1749262057,0.07970000,276.20000000,0.0731
1749262057,0.07980000,295.60000000,0.0731
1749262057,0.07990000,78749.90000000,0.0731
1749262057,0.08000000,356220.10000000,0.0731
1749262057,0.08010000,137.40000000,0.0731
1749262057,0.08020000,137.20000000,0.0731
1749262057,0.08030000,137.10000000,0.0731
1749262057,0.08040000,404.50000000,0.0731
1749262057,0.08050000,77.00000000,0.0731
1749262057,0.08060000,327.00000000,0.0731
1749262057,0.08070000,95.00000000,0.0731
1749262057,0.08080000,267.60000000,0.0731
1749262057,0.08090000,142.30000000,0.0731
1749262057,0.08100000,1686.90000000,0.0731
1749262057,0.08120000,3000.00000000,0.0731
1749262057,0.08130000,267.60000000,0.0731
1749262057,0.08140000,79.70000000,0.0731
1749262057,0.08150000,77.00000000,0.0731
1749262057,0.08160000,1096.00000000,0.0731
1749262057,0.08180000,267.60000000,0.0731
1749262057,0.08190000,83.70000000,0.0731
1749262057,0.08200000,145.30000000,0.0731
1749262057,0.08210000,1605.80000000,0.0731
1749262057,0.08220000,267.60000000,0.0731
1749262057,0.08250000,77.00000000,0.0731
1749262057,0.08260000,1457.60000000,0.0731
1749262057,0.08270000,267.60000000,0.0731
1749262057,0.08280000,132.80000000,0.0731
1749262057,0.08290000,142.30000000,0.0731
1749262057,0.08300000,10959.30000000,0.0731
1749262057,0.08310000,267.60000000,0.0731
1749262057,0.08350000,144.10000000,0.0731
1749262057,0.08360000,267.60000000,0.0731
1749262057,0.08380000,1061.90000000,0.0731
1749262057,0.08400000,21939.10000000,0.0731
1749262363,0.07340000,11886.70000000,0.0734
1749262363,0.07350000,169139.30000000,0.0734
1749262363,0.07360000,134451.50000000,0.0734
1749262363,0.07370000,87435.70000000,0.0734
1749262363,0.07380000,53368.90000000,0.0734
1749262363,0.07390000,59255.40000000,0.0734
1749262363,0.07400000,498702.50000000,0.0734
1749262363,0.07410000,319027.70000000,0.0734
1749262363,0.07420000,11578.80000000,0.0734
1749262363,0.07430000,10808.20000000,0.0734
1749262363,0.07440000,12065.50000000,0.0734
1749262363,0.07450000,10820.90000000,0.0734
1749262363,0.07460000,13973.30000000,0.0734
1749262363,0.07470000,13790.90000000,0.0734
1749262363,0.07480000,475717.80000000,0.0734
1749262363,0.07490000,12478.70000000,0.0734
1749262363,0.07500000,10512.90000000,0.0734
1749262363,0.07510000,7225.20000000,0.0734
1749262363,0.07520000,15231.50000000,0.0734
1749262363,0.07530000,19818.90000000,0.0734
1749262363,0.07540000,10082.20000000,0.0734
1749262363,0.07550000,21475.70000000,0.0734
1749262363,0.07560000,60060.70000000,0.0734
1749262363,0.07570000,7330.10000000,0.0734
1749262363,0.07580000,8057.00000000,0.0734
1749262363,0.07590000,7122.50000000,0.0734
1749262363,0.07600000,25698.60000000,0.0734
1749262363,0.07610000,7477.00000000,0.0734
1749262363,0.07620000,269.40000000,0.0734
1749262363,0.07630000,7122.50000000,0.0734
1749262363,0.07640000,29871.50000000,0.0734
1749262363,0.07650000,108733.50000000,0.0734
1749262363,0.07660000,552.90000000,0.0734
1749262363,0.07670000,7660.30000000,0.0734
1749262363,0.07680000,21267.00000000,0.0734
1749262363,0.07690000,7206.20000000,0.0734
1749262363,0.07700000,138.20000000,0.0734
1749262363,0.07710000,30101.20000000,0.0734
1749262363,0.07720000,138.20000000,0.0734
1749262363,0.07730000,3903.00000000,0.0734
1749262363,0.07740000,7267.30000000,0.0734
1749262363,0.07750000,17359.10000000,0.0734
1749262363,0.07760000,8299.60000000,0.0734
1749262363,0.07770000,479.80000000,0.0734
1749262363,0.07780000,7122.50000000,0.0734
1749262363,0.07790000,14423.50000000,0.0734
1749262363,0.07800000,138.20000000,0.0734
1749262363,0.07810000,138.20000000,0.0734
1749262363,0.07820000,1798.50000000,0.0734
1749262363,0.07830000,591.30000000,0.0734
1749262363,0.07840000,138.20000000,0.0734
1749262363,0.07850000,231.10000000,0.0734
1749262363,0.07860000,2023.00000000,0.0734
1749262363,0.07870000,209.40000000,0.0734
1749262363,0.07880000,979.80000000,0.0734
1749262363,0.07890000,138.20000000,0.0734
1749262363,0.07900000,3159.90000000,0.0734
1749262363,0.07910000,342.90000000,0.0734
1749262363,0.07920000,1149.40000000,0.0734
1749262363,0.07930000,139.00000000,0.0734
1749262363,0.07940000,1799.10000000,0.0734
1749262363,0.07950000,138.60000000,0.0734
1749262363,0.07960000,910.60000000,0.0734
1749262363,0.07970000,276.20000000,0.0734
1749262363,0.07980000,295.60000000,0.0734
1749262363,0.07990000,78749.90000000,0.0734
1749262363,0.08000000,356220.10000000,0.0734
1749262363,0.08010000,137.40000000,0.0734
1749262363,0.08020000,137.20000000,0.0734
1749262363,0.08030000,137.10000000,0.0734
1749262363,0.08040000,404.50000000,0.0734
1749262363,0.08050000,213.70000000,0.0734
1749262363,0.08060000,463.50000000,0.0734
1749262363,0.08070000,95.00000000,0.0734
1749262363,0.08080000,267.60000000,0.0734
1749262363,0.08090000,142.30000000,0.0734
1749262363,0.08100000,1686.90000000,0.0734
1749262363,0.08120000,3000.00000000,0.0734
1749262363,0.08130000,267.60000000,0.0734
1749262363,0.08140000,79.70000000,0.0734
1749262363,0.08150000,77.00000000,0.0734
1749262363,0.08160000,1096.00000000,0.0734
1749262363,0.08180000,267.60000000,0.0734
1749262363,0.08190000,83.70000000,0.0734
1749262363,0.08200000,145.30000000,0.0734
1749262363,0.08210000,1605.80000000,0.0734
1749262363,0.08220000,267.60000000,0.0734
1749262363,0.08250000,77.00000000,0.0734
1749262363,0.08260000,1457.60000000,0.0734
1749262363,0.08270000,267.60000000,0.0734
1749262363,0.08280000,132.80000000,0.0734
1749262363,0.08290000,142.30000000,0.0734
1749262363,0.08300000,10959.30000000,0.0734
1749262363,0.08310000,267.60000000,0.0734
1749262363,0.08350000,144.10000000,0.0734
1749262363,0.08360000,267.60000000,0.0734
1749262363,0.08380000,1061.90000000,0.0734
1749262363,0.08400000,21939.10000000,0.0734
1749262363,0.08410000,267.60000000,0.0734
1749262363,0.08420000,1242.40000000,0.0734
1749262665,0.07350000,19949.60000000,0.0735
1749262665,0.07360000,185662.30000000,0.0735
1749262665,0.07370000,151021.90000000,0.0735
1749262665,0.07380000,79107.60000000,0.0735
1749262665,0.07390000,58162.40000000,0.0735
1749262665,0.07400000,226194.10000000,0.0735
1749262665,0.07410000,332694.90000000,0.0735
1749262665,0.07420000,38269.20000000,0.0735
1749262665,0.07430000,10808.20000000,0.0735
1749262665,0.07440000,12065.50000000,0.0735
1749262665,0.07450000,10820.90000000,0.0735
1749262665,0.07460000,693362.80000000,0.0735
1749262665,0.07470000,13790.90000000,0.0735
1749262665,0.07480000,475717.80000000,0.0735
1749262665,0.07490000,11086.80000000,0.0735
1749262665,0.07500000,10512.90000000,0.0735
1749262665,0.07510000,11364.30000000,0.0735
1749262665,0.07520000,15231.50000000,0.0735
1749262665,0.07530000,19818.90000000,0.0735
1749262665,0.07540000,10082.20000000,0.0735
1749262665,0.07550000,8883.90000000,0.0735
1749262665,0.07560000,54456.20000000,0.0735
1749262665,0.07570000,19921.90000000,0.0735
1749262665,0.07580000,5742.70000000,0.0735
1749262665,0.07590000,7122.50000000,0.0735
1749262665,0.07600000,28728.90000000,0.0735
1749262665,0.07610000,7477.00000000,0.0735
1749262665,0.07620000,269.40000000,0.0735
1749262665,0.07630000,7122.50000000,0.0735
1749262665,0.07640000,22235.30000000,0.0735
1749262665,0.07650000,108733.50000000,0.0735
1749262665,0.07660000,13091.10000000,0.0735
1749262665,0.07670000,7660.30000000,0.0735
1749262665,0.07680000,21267.00000000,0.0735
1749262665,0.07690000,7206.20000000,0.0735
1749262665,0.07700000,138.20000000,0.0735
1749262665,0.07710000,30101.20000000,0.0735
1749262665,0.07720000,138.20000000,0.0735
1749262665,0.07730000,3903.00000000,0.0735
1749262665,0.07740000,7267.30000000,0.0735
1749262665,0.07750000,17359.10000000,0.0735
1749262665,0.07760000,8299.60000000,0.0735
1749262665,0.07770000,479.80000000,0.0735
1749262665,0.07780000,7122.50000000,0.0735
1749262665,0.07790000,21407.80000000,0.0735
1749262665,0.07800000,138.20000000,0.0735
1749262665,0.07810000,138.20000000,0.0735
1749262665,0.07820000,1798.50000000,0.0735
1749262665,0.07830000,591.30000000,0.0735
1749262665,0.07840000,138.20000000,0.0735
1749262665,0.07850000,231.10000000,0.0735
1749262665,0.07860000,2023.00000000,0.0735
1749262665,0.07870000,209.40000000,0.0735
1749262665,0.07880000,979.80000000,0.0735
1749262665,0.07890000,138.20000000,0.0735
1749262665,0.07900000,3159.90000000,0.0735
1749262665,0.07910000,342.90000000,0.0735
1749262665,0.07920000,1149.40000000,0.0735
1749262665,0.07930000,139.00000000,0.0735
1749262665,0.07940000,1799.10000000,0.0735
1749262665,0.07950000,138.60000000,0.0735
1749262665,0.07960000,910.60000000,0.0735
1749262665,0.07970000,276.20000000,0.0735
1749262665,0.07980000,295.60000000,0.0735
1749262665,0.07990000,78657.00000000,0.0735
1749262665,0.08000000,356220.10000000,0.0735
1749262665,0.08010000,137.40000000,0.0735
1749262665,0.08020000,137.20000000,0.0735
1749262665,0.08030000,137.10000000,0.0735
1749262665,0.08040000,404.50000000,0.0735
1749262665,0.08050000,213.70000000,0.0735
1749262665,0.08060000,463.50000000,0.0735
1749262665,0.08070000,231.30000000,0.0735
1749262665,0.08080000,267.60000000,0.0735
1749262665,0.08090000,142.30000000,0.0735
1749262665,0.08100000,1686.90000000,0.0735
1749262665,0.08120000,3000.00000000,0.0735
1749262665,0.08130000,267.60000000,0.0735
1749262665,0.08140000,79.70000000,0.0735
1749262665,0.08150000,77.00000000,0.0735
1749262665,0.08160000,1096.00000000,0.0735
1749262665,0.08180000,267.60000000,0.0735
1749262665,0.08190000,83.70000000,0.0735
1749262665,0.08200000,145.30000000,0.0735
1749262665,0.08210000,1605.80000000,0.0735
1749262665,0.08220000,267.60000000,0.0735
1749262665,0.08250000,77.00000000,0.0735
1749262665,0.08260000,1457.60000000,0.0735
1749262665,0.08270000,267.60000000,0.0735
1749262665,0.08280000,132.80000000,0.0735
1749262665,0.08290000,142.30000000,0.0735
1749262665,0.08300000,10959.30000000,0.0735
1749262665,0.08310000,267.60000000,0.0735
1749262665,0.08350000,144.10000000,0.0735
1749262665,0.08360000,267.60000000,0.0735
1749262665,0.08380000,1061.90000000,0.0735
1749262665,0.08400000,21939.10000000,0.0735
1749262665,0.08410000,267.60000000,0.0735
1749262665,0.08420000,1242.40000000,0.0735
1749262665,0.08440000,859.80000000,0.0735
1749262967,0.07350000,100375.10000000,0.0734
1749262967,0.07360000,190066.50000000,0.0734
1749262967,0.07370000,85312.20000000,0.0734
1749262967,0.07380000,90111.40000000,0.0734
1749262967,0.07390000,58162.40000000,0.0734
1749262967,0.07400000,499027.50000000,0.0734
1749262967,0.07410000,332694.90000000,0.0734
1749262967,0.07420000,311120.20000000,0.0734
1749262967,0.07430000,10808.20000000,0.0734
1749262967,0.07440000,12065.50000000,0.0734
1749262967,0.07450000,10820.90000000,0.0734
1749262967,0.07460000,11235.30000000,0.0734
1749262967,0.07470000,13790.90000000,0.0734
1749262967,0.07480000,475717.80000000,0.0734
1749262967,0.07490000,11086.80000000,0.0734
1749262967,0.07500000,10512.90000000,0.0734
1749262967,0.07510000,11364.30000000,0.0734
1749262967,0.07520000,15231.50000000,0.0734
1749262967,0.07530000,19818.90000000,0.0734
1749262967,0.07540000,10082.20000000,0.0734
1749262967,0.07550000,8883.90000000,0.0734
1749262967,0.07560000,54456.20000000,0.0734
1749262967,0.07570000,19921.90000000,0.0734
1749262967,0.07580000,5742.70000000,0.0734
1749262967,0.07590000,7122.50000000,0.0734
1749262967,0.07600000,28728.90000000,0.0734
1749262967,0.07610000,7477.00000000,0.0734
1749262967,0.07620000,269.40000000,0.0734
1749262967,0.07630000,7122.50000000,0.0734
1749262967,0.07640000,22235.30000000,0.0734
1749262967,0.07650000,108733.50000000,0.0734
1749262967,0.07660000,13091.10000000,0.0734
1749262967,0.07670000,7660.30000000,0.0734
1749262967,0.07680000,21267.00000000,0.0734
1749262967,0.07690000,7206.20000000,0.0734
1749262967,0.07700000,138.20000000,0.0734
1749262967,0.07710000,30101.20000000,0.0734
1749262967,0.07720000,138.20000000,0.0734
1749262967,0.07730000,3903.00000000,0.0734
1749262967,0.07740000,7267.30000000,0.0734
1749262967,0.07750000,17359.10000000,0.0734
1749262967,0.07760000,8299.60000000,0.0734
1749262967,0.07770000,479.80000000,0.0734
1749262967,0.07780000,7122.50000000,0.0734
1749262967,0.07790000,21407.80000000,0.0734
1749262967,0.07800000,138.20000000,0.0734
1749262967,0.07810000,138.20000000,0.0734
1749262967,0.07820000,1798.50000000,0.0734
1749262967,0.07830000,591.30000000,0.0734
1749262967,0.07840000,138.20000000,0.0734
1749262967,0.07850000,231.10000000,0.0734
1749262967,0.07860000,2023.00000000,0.0734
1749262967,0.07870000,209.40000000,0.0734
1749262967,0.07880000,979.80000000,0.0734
1749262967,0.07890000,138.20000000,0.0734
1749262967,0.07900000,3159.90000000,0.0734
1749262967,0.07910000,342.90000000,0.0734
1749262967,0.07920000,1149.40000000,0.0734
1749262967,0.07930000,139.00000000,0.0734
1749262967,0.07940000,1799.10000000,0.0734
1749262967,0.07950000,138.60000000,0.0734
1749262967,0.07960000,910.60000000,0.0734
1749262967,0.07970000,276.20000000,0.0734
1749262967,0.07980000,295.60000000,0.0734
1749262967,0.07990000,78657.00000000,0.0734
1749262967,0.08000000,356220.10000000,0.0734
1749262967,0.08010000,137.40000000,0.0734
1749262967,0.08020000,137.20000000,0.0734
1749262967,0.08030000,137.10000000,0.0734
1749262967,0.08040000,404.50000000,0.0734
1749262967,0.08050000,213.70000000,0.0734
1749262967,0.08060000,463.50000000,0.0734
1749262967,0.08070000,231.30000000,0.0734
1749262967,0.08080000,267.60000000,0.0734
1749262967,0.08090000,142.30000000,0.0734
1749262967,0.08100000,1686.90000000,0.0734
1749262967,0.08120000,3000.00000000,0.0734
1749262967,0.08130000,267.60000000,0.0734
1749262967,0.08140000,79.70000000,0.0734
1749262967,0.08150000,77.00000000,0.0734
1749262967,0.08160000,1096.00000000,0.0734
1749262967,0.08180000,267.60000000,0.0734
1749262967,0.08190000,83.70000000,0.0734
1749262967,0.08200000,145.30000000,0.0734
1749262967,0.08210000,1605.80000000,0.0734
1749262967,0.08220000,267.60000000,0.0734
1749262967,0.08250000,77.00000000,0.0734
1749262967,0.08260000,1457.60000000,0.0734
1749262967,0.08270000,267.60000000,0.0734
1749262967,0.08280000,132.80000000,0.0734
1749262967,0.08290000,142.30000000,0.0734
1749262967,0.08300000,10959.30000000,0.0734
1749262967,0.08310000,267.60000000,0.0734
1749262967,0.08350000,144.10000000,0.0734
1749262967,0.08360000,267.60000000,0.0734
1749262967,0.08380000,1061.90000000,0.0734
1749262967,0.08400000,21939.10000000,0.0734
1749262967,0.08410000,267.60000000,0.0734
1749262967,0.08420000,1242.40000000,0.0734
1749262967,0.08440000,859.80000000,0.0734
1749263275,0.07370000,57422.00000000,0.0736
1749263275,0.07380000,209858.90000000,0.0736
1749263275,0.07390000,258963.00000000,0.0736
1749263275,0.07400000,122265.40000000,0.0736
1749263275,0.07410000,214843.90000000,0.0736
1749263275,0.07420000,73014.30000000,0.0736
1749263275,0.07430000,480920.40000000,0.0736
1749263275,0.07440000,29365.40000000,0.0736
1749263275,0.07450000,39773.50000000,0.0736
1749263275,0.07460000,11235.30000000,0.0736
1749263275,0.07470000,11015.50000000,0.0736
1749263275,0.07480000,690065.30000000,0.0736
1749263275,0.07490000,11086.80000000,0.0736
1749263275,0.07500000,13378.50000000,0.0736
1749263275,0.07510000,476364.30000000,0.0736
1749263275,0.07520000,7225.10000000,0.0736
1749263275,0.07530000,19818.90000000,0.0736
1749263275,0.07540000,15438.10000000,0.0736
1749263275,0.07550000,8883.90000000,0.0736
1749263275,0.07560000,54456.20000000,0.0736
1749263275,0.07570000,9969.80000000,0.0736
1749263275,0.07580000,5844.50000000,0.0736
1749263275,0.07590000,19714.30000000,0.0736
1749263275,0.07600000,479.80000000,0.0736
1749263275,0.07610000,7280.20000000,0.0736
1749263275,0.07620000,3299.70000000,0.0736
1749263275,0.07630000,7122.50000000,0.0736
1749263275,0.07640000,47454.10000000,0.0736
1749263275,0.07650000,109007.90000000,0.0736
1749263275,0.07660000,13169.40000000,0.0736
1749263275,0.07670000,7738.50000000,0.0736
1749263275,0.07680000,17960.90000000,0.0736
1749263275,0.07690000,7284.20000000,0.0736
1749263275,0.07700000,3600.30000000,0.0736
1749263275,0.07710000,17751.60000000,0.0736
1749263275,0.07720000,215.90000000,0.0736
1749263275,0.07730000,13096.30000000,0.0736
1749263275,0.07740000,7344.80000000,0.0736
1749263275,0.07750000,20748.20000000,0.0736
1749263275,0.07760000,8376.90000000,0.0736
1749263275,0.07770000,557.00000000,0.0736
1749263275,0.07780000,7199.60000000,0.0736
1749263275,0.07790000,21484.80000000,0.0736
1749263275,0.07800000,215.10000000,0.0736
1749263275,0.07810000,138.20000000,0.0736
1749263275,0.07820000,8782.80000000,0.0736
1749263275,0.07830000,591.30000000,0.0736
1749263275,0.07840000,7122.50000000,0.0736
1749263275,0.07850000,231.10000000,0.0736
1749263275,0.07860000,2023.00000000,0.0736
1749263275,0.07870000,209.40000000,0.0736
1749263275,0.07880000,979.80000000,0.0736
1749263275,0.07890000,138.20000000,0.0736
1749263275,0.07900000,3159.90000000,0.0736
1749263275,0.07910000,342.90000000,0.0736
1749263275,0.07920000,1149.40000000,0.0736
1749263275,0.07930000,139.00000000,0.0736
1749263275,0.07940000,1799.10000000,0.0736
1749263275,0.07950000,138.60000000,0.0736
1749263275,0.07960000,910.60000000,0.0736
1749263275,0.07970000,276.20000000,0.0736
1749263275,0.07980000,295.60000000,0.0736
1749263275,0.07990000,78657.00000000,0.0736
1749263275,0.08000000,356220.10000000,0.0736
1749263275,0.08010000,137.40000000,0.0736
1749263275,0.08020000,137.20000000,0.0736
1749263275,0.08030000,137.10000000,0.0736
1749263275,0.08040000,404.50000000,0.0736
1749263275,0.08050000,213.70000000,0.0736
1749263275,0.08060000,463.50000000,0.0736
1749263275,0.08070000,231.30000000,0.0736
1749263275,0.08080000,403.70000000,0.0736
1749263275,0.08090000,278.20000000,0.0736
1749263275,0.08100000,1686.90000000,0.0736
1749263275,0.08120000,3000.00000000,0.0736
1749263275,0.08130000,267.60000000,0.0736
1749263275,0.08140000,79.70000000,0.0736
1749263275,0.08150000,77.00000000,0.0736
1749263275,0.08160000,1096.00000000,0.0736
1749263275,0.08180000,267.60000000,0.0736
1749263275,0.08190000,83.70000000,0.0736
1749263275,0.08200000,145.30000000,0.0736
1749263275,0.08210000,1605.80000000,0.0736
1749263275,0.08220000,267.60000000,0.0736
1749263275,0.08250000,77.00000000,0.0736
1749263275,0.08260000,1457.60000000,0.0736
1749263275,0.08270000,267.60000000,0.0736
1749263275,0.08280000,132.80000000,0.0736
1749263275,0.08290000,142.30000000,0.0736
1749263275,0.08300000,10959.30000000,0.0736
1749263275,0.08310000,267.60000000,0.0736
1749263275,0.08350000,144.10000000,0.0736
1749263275,0.08360000,267.60000000,0.0736
1749263275,0.08380000,1061.90000000,0.0736
1749263275,0.08400000,21939.10000000,0.0736
1749263275,0.08410000,267.60000000,0.0736
1749263275,0.08420000,1242.40000000,0.0736
1749263275,0.08440000,859.80000000,0.0736
1749263275,0.08450000,446.80000000,0.0736
1749263275,0.08460000,6415.70000000,0.0736
1749263577,0.07360000,107550.80000000,0.0736
1749263577,0.07370000,190879.90000000,0.0736
1749263577,0.07380000,226227.40000000,0.0736
1749263577,0.07390000,93923.90000000,0.0736
1749263577,0.07400000,58921.10000000,0.0736
1749263577,0.07410000,487664.30000000,0.0736
1749263577,0.07420000,339623.80000000,0.0736
1749263577,0.07430000,39768.20000000,0.0736
1749263577,0.07440000,29365.40000000,0.0736
1749263577,0.07450000,10820.90000000,0.0736
1749263577,0.07460000,11235.30000000,0.0736
1749263577,0.07470000,11015.50000000,0.0736
1749263577,0.07480000,10717.80000000,0.0736
1749263577,0.07490000,476086.80000000,0.0736
1749263577,0.07500000,13571.10000000,0.0736
1749263577,0.07510000,11364.30000000,0.0736
1749263577,0.07520000,7225.10000000,0.0736
1749263577,0.07530000,19818.90000000,0.0736
1749263577,0.07540000,15438.10000000,0.0736
1749263577,0.07550000,8883.90000000,0.0736
1749263577,0.07560000,54456.20000000,0.0736
1749263577,0.07570000,22561.60000000,0.0736
1749263577,0.07580000,5844.50000000,0.0736
1749263577,0.07590000,7122.50000000,0.0736
1749263577,0.07600000,3510.10000000,0.0736
1749263577,0.07610000,7280.20000000,0.0736
1749263577,0.07620000,269.40000000,0.0736
1749263577,0.07630000,7122.50000000,0.0736
1749263577,0.07640000,47454.10000000,0.0736
1749263577,0.07650000,109007.90000000,0.0736
1749263577,0.07660000,13169.40000000,0.0736
1749263577,0.07670000,7738.50000000,0.0736
1749263577,0.07680000,21345.10000000,0.0736
1749263577,0.07690000,7284.20000000,0.0736
1749263577,0.07700000,216.10000000,0.0736
1749263577,0.07710000,17751.60000000,0.0736
1749263577,0.07720000,215.90000000,0.0736
1749263577,0.07730000,13096.30000000,0.0736
1749263577,0.07740000,7344.80000000,0.0736
1749263577,0.07750000,20748.20000000,0.0736
1749263577,0.07760000,8376.90000000,0.0736
1749263577,0.07770000,557.00000000,0.0736
1749263577,0.07780000,7199.60000000,0.0736
1749263577,0.07790000,21484.80000000,0.0736
1749263577,0.07800000,215.10000000,0.0736
1749263577,0.07810000,138.20000000,0.0736
1749263577,0.07820000,1798.50000000,0.0736
1749263577,0.07830000,591.30000000,0.0736
1749263577,0.07840000,138.20000000,0.0736
1749263577,0.07850000,231.10000000,0.0736
1749263577,0.07860000,2023.00000000,0.0736
1749263577,0.07870000,209.40000000,0.0736
1749263577,0.07880000,979.80000000,0.0736
1749263577,0.07890000,138.20000000,0.0736
1749263577,0.07900000,3159.90000000,0.0736
1749263577,0.07910000,342.90000000,0.0736
1749263577,0.07920000,1149.40000000,0.0736
1749263577,0.07930000,139.00000000,0.0736
1749263577,0.07940000,1799.10000000,0.0736
1749263577,0.07950000,138.60000000,0.0736
1749263577,0.07960000,910.60000000,0.0736
1749263577,0.07970000,276.20000000,0.0736
1749263577,0.07980000,295.60000000,0.0736
1749263577,0.07990000,78471.90000000,0.0736
1749263577,0.08000000,356220.10000000,0.0736
1749263577,0.08010000,137.40000000,0.0736
1749263577,0.08020000,137.20000000,0.0736
1749263577,0.08030000,137.10000000,0.0736
1749263577,0.08040000,404.50000000,0.0736
1749263577,0.08050000,213.70000000,0.0736
1749263577,0.08060000,463.50000000,0.0736
1749263577,0.08070000,231.30000000,0.0736
1749263577,0.08080000,403.70000000,0.0736
1749263577,0.08090000,142.30000000,0.0736
1749263577,0.08100000,1686.90000000,0.0736
1749263577,0.08120000,3000.00000000,0.0736
1749263577,0.08130000,267.60000000,0.0736
1749263577,0.08140000,79.70000000,0.0736
1749263577,0.08150000,77.00000000,0.0736
1749263577,0.08160000,1096.00000000,0.0736
1749263577,0.08180000,267.60000000,0.0736
1749263577,0.08190000,83.70000000,0.0736
1749263577,0.08200000,145.30000000,0.0736
1749263577,0.08210000,1605.80000000,0.0736
1749263577,0.08220000,267.60000000,0.0736
1749263577,0.08250000,77.00000000,0.0736
1749263577,0.08260000,1457.60000000,0.0736
1749263577,0.08270000,267.60000000,0.0736
1749263577,0.08280000,132.80000000,0.0736
1749263577,0.08290000,142.30000000,0.0736
1749263577,0.08300000,10959.30000000,0.0736
1749263577,0.08310000,267.60000000,0.0736
1749263577,0.08350000,144.10000000,0.0736
1749263577,0.08360000,267.60000000,0.0736
1749263577,0.08380000,1061.90000000,0.0736
1749263577,0.08400000,21939.10000000,0.0736
1749263577,0.08410000,267.60000000,0.0736
1749263577,0.08420000,1242.40000000,0.0736
1749263577,0.08440000,859.80000000,0.0736
1749263577,0.08450000,446.80000000,0.0736
1749263878,0.07380000,113955.00000000,0.0737
1749263878,0.07390000,216241.10000000,0.0737
1749263878,0.07400000,214038.20000000,0.0737
1749263878,0.07410000,129176.10000000,0.0737
1749263878,0.07420000,227336.10000000,0.0737
1749263878,0.07430000,325826.20000000,0.0737
1749263878,0.07440000,184365.40000000,0.0737
1749263878,0.07450000,39304.90000000,0.0737
1749263878,0.07460000,11235.30000000,0.0737
1749263878,0.07470000,10908.40000000,0.0737
1749263878,0.07480000,689958.30000000,0.0737
1749263878,0.07490000,11086.80000000,0.0737
1749263878,0.07500000,478571.10000000,0.0737
1749263878,0.07510000,11364.30000000,0.0737
1749263878,0.07520000,7225.10000000,0.0737
1749263878,0.07530000,19818.90000000,0.0737
1749263878,0.07540000,15305.50000000,0.0737
1749263878,0.07550000,8883.90000000,0.0737
1749263878,0.07560000,54456.20000000,0.0737
1749263878,0.07570000,22455.90000000,0.0737
1749263878,0.07580000,5844.50000000,0.0737
1749263878,0.07590000,7122.50000000,0.0737
1749263878,0.07600000,3510.10000000,0.0737
1749263878,0.07610000,7280.20000000,0.0737
1749263878,0.07620000,138.20000000,0.0737
1749263878,0.07630000,7122.50000000,0.0737
1749263878,0.07640000,47454.10000000,0.0737
1749263878,0.07650000,109007.90000000,0.0737
1749263878,0.07660000,13169.40000000,0.0737
1749263878,0.07670000,7738.50000000,0.0737
1749263878,0.07680000,17960.90000000,0.0737
1749263878,0.07690000,7284.20000000,0.0737
1749263878,0.07700000,10584.60000000,0.0737
1749263878,0.07710000,17751.60000000,0.0737
1749263878,0.07720000,215.90000000,0.0737
1749263878,0.07730000,13096.30000000,0.0737
1749263878,0.07740000,7344.80000000,0.0737
1749263878,0.07750000,20748.20000000,0.0737
1749263878,0.07760000,8376.90000000,0.0737
1749263878,0.07770000,557.00000000,0.0737
1749263878,0.07780000,7199.60000000,0.0737
1749263878,0.07790000,21484.80000000,0.0737
1749263878,0.07800000,215.10000000,0.0737
1749263878,0.07810000,138.20000000,0.0737
1749263878,0.07820000,8782.80000000,0.0737
1749263878,0.07830000,591.30000000,0.0737
1749263878,0.07840000,138.20000000,0.0737
1749263878,0.07850000,231.10000000,0.0737
1749263878,0.07860000,2023.00000000,0.0737
1749263878,0.07870000,209.40000000,0.0737
1749263878,0.07880000,979.80000000,0.0737
1749263878,0.07890000,138.20000000,0.0737
1749263878,0.07900000,3159.90000000,0.0737
1749263878,0.07910000,342.90000000,0.0737
1749263878,0.07920000,1149.40000000,0.0737
1749263878,0.07930000,139.00000000,0.0737
1749263878,0.07940000,1799.10000000,0.0737
1749263878,0.07950000,138.60000000,0.0737
1749263878,0.07960000,910.60000000,0.0737
1749263878,0.07970000,276.20000000,0.0737
1749263878,0.07980000,295.60000000,0.0737
1749263878,0.07990000,78471.90000000,0.0737
1749263878,0.08000000,356220.10000000,0.0737
1749263878,0.08010000,137.40000000,0.0737
1749263878,0.08020000,137.20000000,0.0737
1749263878,0.08030000,137.10000000,0.0737
1749263878,0.08040000,404.50000000,0.0737
1749263878,0.08050000,213.70000000,0.0737
1749263878,0.08060000,463.50000000,0.0737
1749263878,0.08070000,231.30000000,0.0737
1749263878,0.08080000,403.70000000,0.0737
1749263878,0.08090000,278.20000000,0.0737
1749263878,0.08100000,1822.70000000,0.0737
1749263878,0.08120000,3000.00000000,0.0737
1749263878,0.08130000,267.60000000,0.0737
1749263878,0.08140000,79.70000000,0.0737
1749263878,0.08150000,77.00000000,0.0737
1749263878,0.08160000,1096.00000000,0.0737
1749263878,0.08180000,267.60000000,0.0737
1749263878,0.08190000,83.70000000,0.0737
1749263878,0.08200000,145.30000000,0.0737
1749263878,0.08210000,1605.80000000,0.0737
1749263878,0.08220000,267.60000000,0.0737
1749263878,0.08250000,77.00000000,0.0737
1749263878,0.08260000,1457.60000000,0.0737
1749263878,0.08270000,267.60000000,0.0737
1749263878,0.08280000,132.80000000,0.0737
1749263878,0.08290000,142.30000000,0.0737
1749263878,0.08300000,10959.30000000,0.0737
1749263878,0.08310000,267.60000000,0.0737
1749263878,0.08350000,144.10000000,0.0737
1749263878,0.08360000,267.60000000,0.0737
1749263878,0.08380000,1061.90000000,0.0737
1749263878,0.08400000,21939.10000000,0.0737
1749263878,0.08410000,267.60000000,0.0737
1749263878,0.08420000,1242.40000000,0.0737
1749263878,0.08440000,859.80000000,0.0737
1749263878,0.08450000,446.80000000,0.0737
1749263878,0.08460000,6415.70000000,0.0737
1749263878,0.08470000,66.10000000,0.0737
1749264180,0.07360000,19439.90000000,0.0736
1749264180,0.07370000,143615.00000000,0.0736
1749264180,0.07380000,158553.60000000,0.0736
1749264180,0.07390000,86005.40000000,0.0736
1749264180,0.07400000,74329.70000000,0.0736
1749264180,0.07410000,214843.90000000,0.0736
1749264180,0.07420000,345743.60000000,0.0736
1749264180,0.07430000,311044.00000000,0.0736
1749264180,0.07440000,301104.40000000,0.0736
1749264180,0.07450000,10713.50000000,0.0736
1749264180,0.07460000,11235.30000000,0.0736
1749264180,0.07470000,10908.40000000,0.0736
1749264180,0.07480000,10712.50000000,0.0736
1749264180,0.07490000,473339.60000000,0.0736
1749264180,0.07500000,13571.10000000,0.0736
1749264180,0.07510000,11364.30000000,0.0736
1749264180,0.07520000,9958.50000000,0.0736
1749264180,0.07530000,19818.90000000,0.0736
1749264180,0.07540000,15305.50000000,0.0736
1749264180,0.07550000,8883.90000000,0.0736
1749264180,0.07560000,53133.50000000,0.0736
1749264180,0.07570000,22455.90000000,0.0736
1749264180,0.07580000,5844.50000000,0.0736
1749264180,0.07590000,7122.50000000,0.0736
1749264180,0.07600000,3510.10000000,0.0736
1749264180,0.07610000,7280.20000000,0.0736
1749264180,0.07620000,138.20000000,0.0736
1749264180,0.07630000,7122.50000000,0.0736
1749264180,0.07640000,47454.10000000,0.0736
1749264180,0.07650000,109007.90000000,0.0736
1749264180,0.07660000,13169.40000000,0.0736
1749264180,0.07670000,7738.50000000,0.0736
1749264180,0.07680000,21345.10000000,0.0736
1749264180,0.07690000,7284.20000000,0.0736
1749264180,0.07700000,7200.40000000,0.0736
1749264180,0.07710000,17751.60000000,0.0736
1749264180,0.07720000,215.90000000,0.0736
1749264180,0.07730000,13096.30000000,0.0736
1749264180,0.07740000,7344.80000000,0.0736
1749264180,0.07750000,20748.20000000,0.0736
1749264180,0.07760000,8376.90000000,0.0736
1749264180,0.07770000,557.00000000,0.0736
1749264180,0.07780000,7199.60000000,0.0736
1749264180,0.07790000,21484.80000000,0.0736
1749264180,0.07800000,215.10000000,0.0736
1749264180,0.07810000,138.20000000,0.0736
1749264180,0.07820000,8782.80000000,0.0736
1749264180,0.07830000,591.30000000,0.0736
1749264180,0.07840000,138.20000000,0.0736
1749264180,0.07850000,231.10000000,0.0736
1749264180,0.07860000,2023.00000000,0.0736
1749264180,0.07870000,209.40000000,0.0736
1749264180,0.07880000,979.80000000,0.0736
1749264180,0.07890000,138.20000000,0.0736
1749264180,0.07900000,3159.90000000,0.0736
1749264180,0.07910000,342.90000000,0.0736
1749264180,0.07920000,1149.40000000,0.0736
1749264180,0.07930000,139.00000000,0.0736
1749264180,0.07940000,1799.10000000,0.0736
1749264180,0.07950000,138.60000000,0.0736
1749264180,0.07960000,910.60000000,0.0736
1749264180,0.07970000,276.20000000,0.0736
1749264180,0.07980000,295.60000000,0.0736
1749264180,0.07990000,78471.90000000,0.0736
1749264180,0.08000000,356220.10000000,0.0736
1749264180,0.08010000,137.40000000,0.0736
1749264180,0.08020000,137.20000000,0.0736
1749264180,0.08030000,137.10000000,0.0736
1749264180,0.08040000,404.50000000,0.0736
1749264180,0.08050000,213.70000000,0.0736
1749264180,0.08060000,463.50000000,0.0736
1749264180,0.08070000,231.30000000,0.0736
1749264180,0.08080000,403.70000000,0.0736
1749264180,0.08090000,142.30000000,0.0736
1749264180,0.08100000,1686.90000000,0.0736
1749264180,0.08120000,3000.00000000,0.0736
1749264180,0.08130000,267.60000000,0.0736
1749264180,0.08140000,79.70000000,0.0736
1749264180,0.08150000,77.00000000,0.0736
1749264180,0.08160000,1096.00000000,0.0736
1749264180,0.08180000,267.60000000,0.0736
1749264180,0.08190000,83.70000000,0.0736
1749264180,0.08200000,145.30000000,0.0736
1749264180,0.08210000,1605.80000000,0.0736
1749264180,0.08220000,267.60000000,0.0736
1749264180,0.08250000,77.00000000,0.0736
1749264180,0.08260000,1457.60000000,0.0736
1749264180,0.08270000,267.60000000,0.0736
1749264180,0.08280000,132.80000000,0.0736
1749264180,0.08290000,142.30000000,0.0736
1749264180,0.08300000,10959.30000000,0.0736
1749264180,0.08310000,267.60000000,0.0736
1749264180,0.08350000,144.10000000,0.0736
1749264180,0.08360000,267.60000000,0.0736
1749264180,0.08380000,1061.90000000,0.0736
1749264180,0.08400000,21939.10000000,0.0736
1749264180,0.08410000,267.60000000,0.0736
1749264180,0.08420000,1242.40000000,0.0736
1749264180,0.08440000,859.80000000,0.0736
1749264180,0.08450000,446.80000000,0.0736
1749264481,0.07370000,77320.50000000,0.0736
1749264481,0.07380000,161177.90000000,0.0736
1749264481,0.07390000,285826.10000000,0.0736
1749264481,0.07400000,97868.00000000,0.0736
1749264481,0.07410000,59843.90000000,0.0736
1749264481,0.07420000,499035.20000000,0.0736
1749264481,0.07430000,327059.20000000,0.0736
1749264481,0.07440000,184365.40000000,0.0736
1749264481,0.07450000,10713.50000000,0.0736
1749264481,0.07460000,11235.30000000,0.0736
1749264481,0.07470000,10908.40000000,0.0736
1749264481,0.07480000,10712.50000000,0.0736
1749264481,0.07490000,11057.90000000,0.0736
1749264481,0.07500000,478378.50000000,0.0736
1749264481,0.07510000,11364.30000000,0.0736
1749264481,0.07520000,7225.10000000,0.0736
1749264481,0.07530000,19818.90000000,0.0736
1749264481,0.07540000,15305.50000000,0.0736
1749264481,0.07550000,8883.90000000,0.0736
1749264481,0.07560000,53133.50000000,0.0736
1749264481,0.07570000,22455.90000000,0.0736
1749264481,0.07580000,5844.50000000,0.0736
1749264481,0.07590000,7122.50000000,0.0736
1749264481,0.07600000,3510.10000000,0.0736
1749264481,0.07610000,7280.20000000,0.0736
1749264481,0.07620000,138.20000000,0.0736
1749264481,0.07630000,7122.50000000,0.0736
1749264481,0.07640000,47454.10000000,0.0736
1749264481,0.07650000,109007.90000000,0.0736
1749264481,0.07660000,13169.40000000,0.0736
1749264481,0.07670000,7738.50000000,0.0736
1749264481,0.07680000,21345.10000000,0.0736
1749264481,0.07690000,7284.20000000,0.0736
1749264481,0.07700000,7200.40000000,0.0736
1749264481,0.07710000,17751.60000000,0.0736
1749264481,0.07720000,215.90000000,0.0736
1749264481,0.07730000,13096.30000000,0.0736
1749264481,0.07740000,7344.80000000,0.0736
1749264481,0.07750000,20748.20000000,0.0736
1749264481,0.07760000,8376.90000000,0.0736
1749264481,0.07770000,557.00000000,0.0736
1749264481,0.07780000,7199.60000000,0.0736
1749264481,0.07790000,21484.80000000,0.0736
1749264481,0.07800000,215.10000000,0.0736
1749264481,0.07810000,138.20000000,0.0736
1749264481,0.07820000,1798.50000000,0.0736
1749264481,0.07830000,591.30000000,0.0736
1749264481,0.07840000,138.20000000,0.0736
1749264481,0.07850000,231.10000000,0.0736
1749264481,0.07860000,2023.00000000,0.0736
1749264481,0.07870000,209.40000000,0.0736
1749264481,0.07880000,979.80000000,0.0736
1749264481,0.07890000,138.20000000,0.0736
1749264481,0.07900000,3159.90000000,0.0736
1749264481,0.07910000,342.90000000,0.0736
1749264481,0.07920000,1149.40000000,0.0736
1749264481,0.07930000,139.00000000,0.0736
1749264481,0.07940000,1799.10000000,0.0736
1749264481,0.07950000,138.60000000,0.0736
1749264481,0.07960000,910.60000000,0.0736
1749264481,0.07970000,276.20000000,0.0736
1749264481,0.07980000,295.60000000,0.0736
1749264481,0.07990000,78471.90000000,0.0736
1749264481,0.08000000,356220.10000000,0.0736
1749264481,0.08010000,137.40000000,0.0736
1749264481,0.08020000,137.20000000,0.0736
1749264481,0.08030000,137.10000000,0.0736
1749264481,0.08040000,404.50000000,0.0736
1749264481,0.08050000,213.70000000,0.0736
1749264481,0.08060000,463.50000000,0.0736
1749264481,0.08070000,231.30000000,0.0736
1749264481,0.08080000,403.70000000,0.0736
1749264481,0.08090000,278.20000000,0.0736
1749264481,0.08100000,1686.90000000,0.0736
1749264481,0.08120000,3000.00000000,0.0736
1749264481,0.08130000,267.60000000,0.0736
1749264481,0.08140000,79.70000000,0.0736
1749264481,0.08150000,77.00000000,0.0736
1749264481,0.08160000,1096.00000000,0.0736
1749264481,0.08180000,267.60000000,0.0736
1749264481,0.08190000,83.70000000,0.0736
1749264481,0.08200000,145.30000000,0.0736
1749264481,0.08210000,1605.80000000,0.0736
1749264481,0.08220000,267.60000000,0.0736
1749264481,0.08250000,77.00000000,0.0736
1749264481,0.08260000,1457.60000000,0.0736
1749264481,0.08270000,267.60000000,0.0736
1749264481,0.08280000,132.80000000,0.0736
1749264481,0.08290000,142.30000000,0.0736
1749264481,0.08300000,10959.30000000,0.0736
1749264481,0.08310000,267.60000000,0.0736
1749264481,0.08350000,144.10000000,0.0736
1749264481,0.08360000,267.60000000,0.0736
1749264481,0.08380000,1061.90000000,0.0736
1749264481,0.08400000,21939.10000000,0.0736
1749264481,0.08410000,267.60000000,0.0736
1749264481,0.08420000,1242.40000000,0.0736
1749264481,0.08440000,859.80000000,0.0736
1749264481,0.08450000,446.80000000,0.0736
1749264481,0.08460000,6415.70000000,0.0736
1749264783,0.07380000,53670.50000000,0.0738
1749264783,0.07390000,259483.40000000,0.0738
1749264783,0.07400000,239551.80000000,0.0738
1749264783,0.07410000,123511.00000000,0.0738
1749264783,0.07420000,210680.00000000,0.0738
1749264783,0.07430000,60153.90000000,0.0738
1749264783,0.07440000,487650.20000000,0.0738
1749264783,0.07450000,38986.30000000,0.0738
1749264783,0.07460000,40136.20000000,0.0738
1749264783,0.07470000,10787.90000000,0.0738
1749264783,0.07480000,10712.50000000,0.0738
1749264783,0.07490000,685711.10000000,0.0738
1749264783,0.07500000,16763.70000000,0.0738
1749264783,0.07510000,7225.20000000,0.0738
1749264783,0.07520000,474903.10000000,0.0738
1749264783,0.07530000,23958.00000000,0.0738
1749264783,0.07540000,7299.10000000,0.0738
1749264783,0.07550000,8883.90000000,0.0738
1749264783,0.07560000,61139.90000000,0.0738
1749264783,0.07570000,9864.10000000,0.0738
1749264783,0.07580000,7224.30000000,0.0738
1749264783,0.07590000,19714.30000000,0.0738
1749264783,0.07600000,6084.30000000,0.0738
1749264783,0.07610000,7122.50000000,0.0738
1749264783,0.07620000,3168.50000000,0.0738
1749264783,0.07630000,7122.50000000,0.0738
1749264783,0.07640000,47454.10000000,0.0738
1749264783,0.07650000,109007.90000000,0.0738
1749264783,0.07660000,631.20000000,0.0738
1749264783,0.07670000,7738.50000000,0.0738
1749264783,0.07680000,30499.10000000,0.0738
1749264783,0.07690000,7284.20000000,0.0738
1749264783,0.07700000,10584.60000000,0.0738
1749264783,0.07710000,17751.60000000,0.0738
1749264783,0.07720000,215.90000000,0.0738
1749264783,0.07730000,13096.30000000,0.0738
1749264783,0.07740000,7344.80000000,0.0738
1749264783,0.07750000,20748.20000000,0.0738
1749264783,0.07760000,8376.90000000,0.0738
1749264783,0.07770000,557.00000000,0.0738
1749264783,0.07780000,7199.60000000,0.0738
1749264783,0.07790000,21484.80000000,0.0738
1749264783,0.07800000,215.10000000,0.0738
1749264783,0.07810000,138.20000000,0.0738
1749264783,0.07820000,8782.80000000,0.0738
1749264783,0.07830000,591.30000000,0.0738
1749264783,0.07840000,138.20000000,0.0738
1749264783,0.07850000,231.10000000,0.0738
1749264783,0.07860000,2023.00000000,0.0738
1749264783,0.07870000,209.40000000,0.0738
1749264783,0.07880000,979.80000000,0.0738
1749264783,0.07890000,138.20000000,0.0738
1749264783,0.07900000,3159.90000000,0.0738
1749264783,0.07910000,342.90000000,0.0738
1749264783,0.07920000,1149.40000000,0.0738
1749264783,0.07930000,139.00000000,0.0738
1749264783,0.07940000,1799.10000000,0.0738
1749264783,0.07950000,138.60000000,0.0738
1749264783,0.07960000,910.60000000,0.0738
1749264783,0.07970000,276.20000000,0.0738
1749264783,0.07980000,295.60000000,0.0738
1749264783,0.07990000,78471.90000000,0.0738
1749264783,0.08000000,356220.10000000,0.0738
1749264783,0.08010000,137.40000000,0.0738
1749264783,0.08020000,137.20000000,0.0738
1749264783,0.08030000,137.10000000,0.0738
1749264783,0.08040000,404.50000000,0.0738
1749264783,0.08050000,213.70000000,0.0738
1749264783,0.08060000,463.50000000,0.0738
1749264783,0.08070000,231.30000000,0.0738
1749264783,0.08080000,403.70000000,0.0738
1749264783,0.08090000,278.20000000,0.0738
1749264783,0.08100000,1822.70000000,0.0738
1749264783,0.08120000,3000.00000000,0.0738
1749264783,0.08130000,267.60000000,0.0738
1749264783,0.08140000,79.70000000,0.0738
1749264783,0.08150000,77.00000000,0.0738
1749264783,0.08160000,1096.00000000,0.0738
1749264783,0.08180000,267.60000000,0.0738
1749264783,0.08190000,83.70000000,0.0738
1749264783,0.08200000,145.30000000,0.0738
1749264783,0.08210000,1605.80000000,0.0738
1749264783,0.08220000,267.60000000,0.0738
1749264783,0.08250000,77.00000000,0.0738
1749264783,0.08260000,1457.60000000,0.0738
1749264783,0.08270000,267.60000000,0.0738
1749264783,0.08280000,132.80000000,0.0738
1749264783,0.08290000,142.30000000,0.0738
1749264783,0.08300000,10959.30000000,0.0738
1749264783,0.08310000,267.60000000,0.0738
1749264783,0.08350000,144.10000000,0.0738
1749264783,0.08360000,267.60000000,0.0738
1749264783,0.08380000,1061.90000000,0.0738
1749264783,0.08400000,21939.10000000,0.0738
1749264783,0.08410000,267.60000000,0.0738
1749264783,0.08420000,1242.40000000,0.0738
1749264783,0.08440000,859.80000000,0.0738
1749264783,0.08450000,446.80000000,0.0738
1749264783,0.08460000,6415.70000000,0.0738
1749264783,0.08470000,66.10000000,0.0738
1749265085,0.07390000,90915.90000000,0.0739
1749265085,0.07400000,214318.00000000,0.0739
1749265085,0.07410000,125852.60000000,0.0739
1749265085,0.07420000,78688.60000000,0.0739
1749265085,0.07430000,59072.30000000,0.0739
1749265085,0.07440000,201461.40000000,0.0739
1749265085,0.07450000,325636.50000000,0.0739
1749265085,0.07460000,326491.20000000,0.0739
1749265085,0.07470000,38881.30000000,0.0739
1749265085,0.07480000,10712.50000000,0.0739
1749265085,0.07490000,8307.70000000,0.0739
1749265085,0.07500000,13898.10000000,0.0739
1749265085,0.07510000,10610.40000000,0.0739
1749265085,0.07520000,478288.30000000,0.0739
1749265085,0.07530000,22792.40000000,0.0739
1749265085,0.07540000,7299.10000000,0.0739
1749265085,0.07550000,13023.00000000,0.0739
1749265085,0.07560000,61139.90000000,0.0739
1749265085,0.07570000,7224.40000000,0.0739
1749265085,0.07580000,7224.30000000,0.0739
1749265085,0.07590000,7224.10000000,0.0739
1749265085,0.07600000,15697.60000000,0.0739
1749265085,0.07610000,19714.30000000,0.0739
1749265085,0.07620000,138.20000000,0.0739
1749265085,0.07630000,7122.50000000,0.0739
1749265085,0.07640000,50484.40000000,0.0739
1749265085,0.07650000,108811.90000000,0.0739
1749265085,0.07660000,631.20000000,0.0739
1749265085,0.07670000,7738.50000000,0.0739
1749265085,0.07680000,30850.50000000,0.0739
1749265085,0.07690000,7284.20000000,0.0739
1749265085,0.07700000,7200.40000000,0.0739
1749265085,0.07710000,17751.60000000,0.0739
1749265085,0.07720000,3600.10000000,0.0739
1749265085,0.07730000,668.90000000,0.0739
1749265085,0.07740000,7344.80000000,0.0739
1749265085,0.07750000,29863.90000000,0.0739
1749265085,0.07760000,8376.90000000,0.0739
1749265085,0.07770000,10853.00000000,0.0739
1749265085,0.07780000,8627.60000000,0.0739
1749265085,0.07790000,21484.80000000,0.0739
1749265085,0.07800000,215.10000000,0.0739
1749265085,0.07810000,138.20000000,0.0739
1749265085,0.07820000,1990.30000000,0.0739
1749265085,0.07830000,591.30000000,0.0739
1749265085,0.07840000,138.20000000,0.0739
1749265085,0.07850000,231.10000000,0.0739
1749265085,0.07860000,2023.00000000,0.0739
1749265085,0.07870000,209.40000000,0.0739
1749265085,0.07880000,979.80000000,0.0739
1749265085,0.07890000,138.20000000,0.0739
1749265085,0.07900000,3159.90000000,0.0739
1749265085,0.07910000,342.90000000,0.0739
1749265085,0.07920000,1149.40000000,0.0739
1749265085,0.07930000,139.00000000,0.0739
1749265085,0.07940000,1799.10000000,0.0739
1749265085,0.07950000,138.60000000,0.0739
1749265085,0.07960000,910.60000000,0.0739
1749265085,0.07970000,276.20000000,0.0739
1749265085,0.07980000,295.60000000,0.0739
1749265085,0.07990000,78471.90000000,0.0739
1749265085,0.08000000,356220.10000000,0.0739
1749265085,0.08010000,137.40000000,0.0739
1749265085,0.08020000,137.20000000,0.0739
1749265085,0.08030000,137.10000000,0.0739
1749265085,0.08040000,404.50000000,0.0739
1749265085,0.08050000,213.70000000,0.0739
1749265085,0.08060000,463.50000000,0.0739
1749265085,0.08070000,231.30000000,0.0739
1749265085,0.08080000,403.70000000,0.0739
1749265085,0.08090000,278.20000000,0.0739
1749265085,0.08100000,1491.90000000,0.0739
1749265085,0.08110000,135.60000000,0.0739
1749265085,0.08120000,3000.00000000,0.0739
1749265085,0.08130000,267.60000000,0.0739
1749265085,0.08140000,79.70000000,0.0739
1749265085,0.08150000,77.00000000,0.0739
1749265085,0.08160000,1096.00000000,0.0739
1749265085,0.08180000,267.60000000,0.0739
1749265085,0.08190000,83.70000000,0.0739
1749265085,0.08200000,145.30000000,0.0739
1749265085,0.08210000,1605.80000000,0.0739
1749265085,0.08220000,267.60000000,0.0739
1749265085,0.08250000,77.00000000,0.0739
1749265085,0.08260000,1457.60000000,0.0739
1749265085,0.08270000,267.60000000,0.0739
1749265085,0.08280000,132.80000000,0.0739
1749265085,0.08290000,142.30000000,0.0739
1749265085,0.08300000,10959.30000000,0.0739
1749265085,0.08310000,267.60000000,0.0739
1749265085,0.08350000,144.10000000,0.0739
1749265085,0.08360000,267.60000000,0.0739
1749265085,0.08380000,1061.90000000,0.0739
1749265085,0.08400000,21939.10000000,0.0739
1749265085,0.08410000,267.60000000,0.0739
1749265085,0.08420000,1242.40000000,0.0739
1749265085,0.08440000,859.80000000,0.0739
1749265085,0.08450000,446.80000000,0.0739
1749265085,0.08460000,6415.70000000,0.0739
1749265085,0.08470000,66.10000000,0.0739
1749265389,0.07380000,109018.90000000,0.0737
1749265389,0.07390000,190058.20000000,0.0737
1749265389,0.07400000,239901.30000000,0.0737
1749265389,0.07410000,140775.10000000,0.0737
1749265389,0.07420000,244201.80000000,0.0737
1749265389,0.07430000,331144.00000000,0.0737
1749265389,0.07440000,486177.20000000,0.0737
1749265389,0.07450000,309621.30000000,0.0737
1749265389,0.07460000,40735.30000000,0.0737
1749265389,0.07470000,10787.90000000,0.0737
1749265389,0.07480000,10712.50000000,0.0737
1749265389,0.07490000,8307.70000000,0.0737
1749265389,0.07500000,481763.70000000,0.0737
1749265389,0.07510000,10610.40000000,0.0737
1749265389,0.07520000,13288.30000000,0.0737
1749265389,0.07530000,24077.50000000,0.0737
1749265389,0.07540000,7299.10000000,0.0737
1749265389,0.07550000,8883.90000000,0.0737
1749265389,0.07560000,61139.90000000,0.0737
1749265389,0.07570000,9864.10000000,0.0737
1749265389,0.07580000,7224.30000000,0.0737
1749265389,0.07590000,19815.90000000,0.0737
1749265389,0.07600000,13068.60000000,0.0737
1749265389,0.07610000,7122.50000000,0.0737
1749265389,0.07620000,3168.50000000,0.0737
1749265389,0.07630000,7122.50000000,0.0737
1749265389,0.07640000,47454.10000000,0.0737
1749265389,0.07650000,109007.90000000,0.0737
1749265389,0.07660000,631.20000000,0.0737
1749265389,0.07670000,7738.50000000,0.0737
1749265389,0.07680000,30655.30000000,0.0737
1749265389,0.07690000,7284.20000000,0.0737
1749265389,0.07700000,10584.60000000,0.0737
1749265389,0.07710000,17751.60000000,0.0737
1749265389,0.07720000,215.90000000,0.0737
1749265389,0.07730000,668.90000000,0.0737
1749265389,0.07740000,7344.80000000,0.0737
1749265389,0.07750000,29863.90000000,0.0737
1749265389,0.07760000,8376.90000000,0.0737
1749265389,0.07770000,10853.00000000,0.0737
1749265389,0.07780000,8627.60000000,0.0737
1749265389,0.07790000,14500.50000000,0.0737
1749265389,0.07800000,215.10000000,0.0737
1749265389,0.07810000,138.20000000,0.0737
1749265389,0.07820000,1990.30000000,0.0737
1749265389,0.07830000,591.30000000,0.0737
1749265389,0.07840000,138.20000000,0.0737
1749265389,0.07850000,231.10000000,0.0737
1749265389,0.07860000,2023.00000000,0.0737
1749265389,0.07870000,209.40000000,0.0737
1749265389,0.07880000,979.80000000,0.0737
1749265389,0.07890000,138.20000000,0.0737
1749265389,0.07900000,3159.90000000,0.0737
1749265389,0.07910000,342.90000000,0.0737
1749265389,0.07920000,1149.40000000,0.0737
1749265389,0.07930000,139.00000000,0.0737
1749265389,0.07940000,1799.10000000,0.0737
1749265389,0.07950000,138.60000000,0.0737
1749265389,0.07960000,910.60000000,0.0737
1749265389,0.07970000,276.20000000,0.0737
1749265389,0.07980000,295.60000000,0.0737
1749265389,0.07990000,78471.90000000,0.0737
1749265389,0.08000000,356220.10000000,0.0737
1749265389,0.08010000,137.40000000,0.0737
1749265389,0.08020000,137.20000000,0.0737
1749265389,0.08030000,137.10000000,0.0737
1749265389,0.08040000,404.50000000,0.0737
1749265389,0.08050000,213.70000000,0.0737
1749265389,0.08060000,463.50000000,0.0737
1749265389,0.08070000,231.30000000,0.0737
1749265389,0.08080000,403.70000000,0.0737
1749265389,0.08090000,278.20000000,0.0737
1749265389,0.08100000,1491.70000000,0.0737
1749265389,0.08120000,3000.00000000,0.0737
1749265389,0.08130000,267.60000000,0.0737
1749265389,0.08140000,79.70000000,0.0737
1749265389,0.08150000,77.00000000,0.0737
1749265389,0.08160000,1096.00000000,0.0737
1749265389,0.08180000,267.60000000,0.0737
1749265389,0.08190000,83.70000000,0.0737
1749265389,0.08200000,145.30000000,0.0737
1749265389,0.08210000,1605.80000000,0.0737
1749265389,0.08220000,267.60000000,0.0737
1749265389,0.08250000,77.00000000,0.0737
1749265389,0.08260000,1457.60000000,0.0737
1749265389,0.08270000,267.60000000,0.0737
1749265389,0.08280000,132.80000000,0.0737
1749265389,0.08290000,142.30000000,0.0737
1749265389,0.08300000,10959.30000000,0.0737
1749265389,0.08310000,267.60000000,0.0737
1749265389,0.08350000,144.10000000,0.0737
1749265389,0.08360000,267.60000000,0.0737
1749265389,0.08380000,1061.90000000,0.0737
1749265389,0.08400000,21939.10000000,0.0737
1749265389,0.08410000,267.60000000,0.0737
1749265389,0.08420000,1242.40000000,0.0737
1749265389,0.08440000,859.80000000,0.0737
1749265389,0.08450000,446.80000000,0.0737
1749265389,0.08460000,6415.70000000,0.0737
1749265389,0.08470000,66.10000000,0.0737
1749265691,0.07410000,64735.60000000,0.074
1749265691,0.07420000,192907.00000000,0.074
1749265691,0.07430000,236923.20000000,0.074
1749265691,0.07440000,73911.70000000,0.074
1749265691,0.07450000,63871.20000000,0.074
1749265691,0.07460000,483835.30000000,0.074
1749265691,0.07470000,340881.20000000,0.074
1749265691,0.07480000,38831.70000000,0.074
1749265691,0.07490000,11692.90000000,0.074
1749265691,0.07500000,13999.60000000,0.074
1749265691,0.07510000,10711.70000000,0.074
1749265691,0.07520000,11940.00000000,0.074
1749265691,0.07530000,22792.40000000,0.074
1749265691,0.07540000,472299.10000000,0.074
1749265691,0.07550000,15718.50000000,0.074
1749265691,0.07560000,53133.50000000,0.074
1749265691,0.07570000,7224.40000000,0.074
1749265691,0.07580000,15230.70000000,0.074
1749265691,0.07590000,7224.10000000,0.074
1749265691,0.07600000,10194.60000000,0.074
1749265691,0.07610000,7223.80000000,0.074
1749265691,0.07620000,12727.00000000,0.074
1749265691,0.07630000,19714.30000000,0.074
1749265691,0.07640000,45582.40000000,0.074
1749265691,0.07650000,108811.90000000,0.074
1749265691,0.07660000,631.20000000,0.074
1749265691,0.07670000,7738.50000000,0.074
1749265691,0.07680000,18312.30000000,0.074
1749265691,0.07690000,7284.20000000,0.074
1749265691,0.07700000,50521.40000000,0.074
1749265691,0.07710000,17751.60000000,0.074
1749265691,0.07720000,215.90000000,0.074
1749265691,0.07730000,668.90000000,0.074
1749265691,0.07740000,10729.00000000,0.074
1749265691,0.07750000,17436.50000000,0.074
1749265691,0.07760000,1392.60000000,0.074
1749265691,0.07770000,12984.40000000,0.074
1749265691,0.07780000,1643.30000000,0.074
1749265691,0.07790000,17812.20000000,0.074
1749265691,0.07800000,215.10000000,0.074
1749265691,0.07810000,138.20000000,0.074
1749265691,0.07820000,1990.30000000,0.074
1749265691,0.07830000,591.30000000,0.074
1749265691,0.07840000,138.20000000,0.074
1749265691,0.07850000,231.10000000,0.074
1749265691,0.07860000,2023.00000000,0.074
1749265691,0.07870000,209.40000000,0.074
1749265691,0.07880000,979.80000000,0.074
1749265691,0.07890000,138.20000000,0.074
1749265691,0.07900000,3159.90000000,0.074
1749265691,0.07910000,342.90000000,0.074
1749265691,0.07920000,1149.40000000,0.074
1749265691,0.07930000,139.00000000,0.074
1749265691,0.07940000,1799.10000000,0.074
1749265691,0.07950000,138.60000000,0.074
1749265691,0.07960000,910.60000000,0.074
1749265691,0.07970000,276.20000000,0.074
1749265691,0.07980000,295.60000000,0.074
1749265691,0.07990000,78196.10000000,0.074
1749265691,0.08000000,356220.10000000,0.074
1749265691,0.08010000,137.40000000,0.074
1749265691,0.08020000,137.20000000,0.074
1749265691,0.08030000,137.10000000,0.074
1749265691,0.08040000,404.50000000,0.074
1749265691,0.08050000,213.70000000,0.074
1749265691,0.08060000,463.50000000,0.074
1749265691,0.08070000,231.30000000,0.074
1749265691,0.08080000,403.70000000,0.074
1749265691,0.08090000,278.20000000,0.074
1749265691,0.08100000,1491.70000000,0.074
1749265691,0.08110000,135.60000000,0.074
1749265691,0.08120000,3135.40000000,0.074
1749265691,0.08130000,402.80000000,0.074
1749265691,0.08140000,79.70000000,0.074
1749265691,0.08150000,77.00000000,0.074
1749265691,0.08160000,1096.00000000,0.074
1749265691,0.08180000,267.60000000,0.074
1749265691,0.08190000,83.70000000,0.074
1749265691,0.08200000,145.30000000,0.074
1749265691,0.08210000,1605.80000000,0.074
1749265691,0.08220000,267.60000000,0.074
1749265691,0.08250000,77.00000000,0.074
1749265691,0.08260000,1457.60000000,0.074
1749265691,0.08270000,267.60000000,0.074
1749265691,0.08280000,132.80000000,0.074
1749265691,0.08290000,142.30000000,0.074
1749265691,0.08300000,10959.30000000,0.074
1749265691,0.08310000,267.60000000,0.074
1749265691,0.08350000,144.10000000,0.074
1749265691,0.08360000,267.60000000,0.074
1749265691,0.08380000,1061.90000000,0.074
1749265691,0.08400000,21939.10000000,0.074
1749265691,0.08410000,267.60000000,0.074
1749265691,0.08420000,1242.40000000,0.074
1749265691,0.08440000,859.80000000,0.074
1749265691,0.08450000,446.80000000,0.074
1749265691,0.08460000,6415.70000000,0.074
1749265691,0.08470000,66.10000000,0.074
1749265691,0.08480000,500.00000000,0.074
1749265691,0.08490000,2691.80000000,0.074
1749265993,0.07450000,108480.90000000,0.0744
1749265993,0.07460000,199639.30000000,0.0744
1749265993,0.07470000,211757.10000000,0.0744
1749265993,0.07480000,100547.10000000,0.0744
1749265993,0.07490000,78473.10000000,0.0744
1749265993,0.07500000,477433.10000000,0.0744
1749265993,0.07510000,329515.20000000,0.0744
1749265993,0.07520000,32952.40000000,0.0744
1749265993,0.07530000,23424.70000000,0.0744
1749265993,0.07540000,10785.20000000,0.0744
1749265993,0.07550000,8984.70000000,0.0744
1749265993,0.07560000,59361.10000000,0.0744
1749265993,0.07570000,7224.40000000,0.0744
1749265993,0.07580000,475493.20000000,0.0744
1749265993,0.07590000,11363.20000000,0.0744
1749265993,0.07600000,15572.00000000,0.0744
1749265993,0.07610000,7508.60000000,0.0744
1749265993,0.07620000,7223.70000000,0.0744
1749265993,0.07630000,9842.00000000,0.0744
1749265993,0.07640000,17434.20000000,0.0744
1749265993,0.07650000,121504.50000000,0.0744
1749265993,0.07660000,6235.70000000,0.0744
1749265993,0.07670000,7738.50000000,0.0744
1749265993,0.07680000,46366.20000000,0.0744
1749265993,0.07690000,7284.20000000,0.0744
1749265993,0.07700000,12163.20000000,0.0744
1749265993,0.07710000,17946.00000000,0.0744
1749265993,0.07720000,7200.20000000,0.0744
1749265993,0.07730000,668.90000000,0.0744
1749265993,0.07740000,19883.00000000,0.0744
1749265993,0.07750000,17436.50000000,0.0744
1749265993,0.07760000,11761.10000000,0.0744
1749265993,0.07770000,557.00000000,0.0744
1749265993,0.07780000,8627.60000000,0.0744
1749265993,0.07790000,26927.90000000,0.0744
1749265993,0.07800000,215.10000000,0.0744
1749265993,0.07810000,3449.90000000,0.0744
1749265993,0.07820000,1990.30000000,0.0744
1749265993,0.07830000,591.30000000,0.0744
1749265993,0.07840000,138.20000000,0.0744
1749265993,0.07850000,231.10000000,0.0744
1749265993,0.07860000,2023.00000000,0.0744
1749265993,0.07870000,209.40000000,0.0744
1749265993,0.07880000,979.80000000,0.0744
1749265993,0.07890000,138.20000000,0.0744
1749265993,0.07900000,3159.90000000,0.0744
1749265993,0.07910000,342.90000000,0.0744
1749265993,0.07920000,1149.40000000,0.0744
1749265993,0.07930000,139.00000000,0.0744
1749265993,0.07940000,1799.10000000,0.0744
1749265993,0.07950000,138.60000000,0.0744
1749265993,0.07960000,910.60000000,0.0744
1749265993,0.07970000,276.20000000,0.0744
1749265993,0.07980000,295.60000000,0.0744
1749265993,0.07990000,78196.10000000,0.0744
1749265993,0.08000000,356220.10000000,0.0744
1749265993,0.08010000,137.40000000,0.0744
1749265993,0.08020000,137.20000000,0.0744
1749265993,0.08030000,137.10000000,0.0744
1749265993,0.08040000,404.50000000,0.0744
1749265993,0.08050000,213.70000000,0.0744
1749265993,0.08060000,463.50000000,0.0744
1749265993,0.08070000,231.30000000,0.0744
1749265993,0.08080000,403.70000000,0.0744
1749265993,0.08090000,278.20000000,0.0744
1749265993,0.08100000,1491.70000000,0.0744
1749265993,0.08110000,135.60000000,0.0744
1749265993,0.08120000,3135.40000000,0.0744
1749265993,0.08130000,402.80000000,0.0744
1749265993,0.08140000,214.70000000,0.0744
1749265993,0.08150000,211.80000000,0.0744
1749265993,0.08160000,1230.70000000,0.0744
1749265993,0.08170000,134.50000000,0.0744
1749265993,0.08180000,267.60000000,0.0744
1749265993,0.08190000,83.70000000,0.0744
1749265993,0.08200000,145.30000000,0.0744
1749265993,0.08210000,1605.80000000,0.0744
1749265993,0.08220000,267.60000000,0.0744
1749265993,0.08250000,77.00000000,0.0744
1749265993,0.08260000,1457.60000000,0.0744
1749265993,0.08270000,267.60000000,0.0744
1749265993,0.08280000,132.80000000,0.0744
1749265993,0.08290000,142.30000000,0.0744
1749265993,0.08300000,10959.30000000,0.0744
1749265993,0.08310000,267.60000000,0.0744
1749265993,0.08350000,144.10000000,0.0744
1749265993,0.08360000,267.60000000,0.0744
1749265993,0.08380000,1061.90000000,0.0744
1749265993,0.08400000,47759.10000000,0.0744
1749265993,0.08410000,267.60000000,0.0744
1749265993,0.08420000,1242.40000000,0.0744
1749265993,0.08440000,859.80000000,0.0744
1749265993,0.08450000,446.80000000,0.0744
1749265993,0.08460000,6415.70000000,0.0744
1749265993,0.08470000,66.10000000,0.0744
1749265993,0.08480000,500.00000000,0.0744
1749265993,0.08490000,2691.80000000,0.0744
1749265993,0.08500000,72951.20000000,0.0744
1749265993,0.08520000,5068.40000000,0.0744
1749265993,0.08530000,3269.60000000,0.0744
1749266299,0.07450000,74650.70000000,0.0745
1749266299,0.07460000,116603.90000000,0.0745
1749266299,0.07470000,150862.00000000,0.0745
1749266299,0.07480000,100856.20000000,0.0745
1749266299,0.07490000,58221.80000000,0.0745
1749266299,0.07500000,476418.90000000,0.0745
1749266299,0.07510000,331444.60000000,0.0745
1749266299,0.07520000,301253.40000000,0.0745
1749266299,0.07530000,39301.00000000,0.0745
1749266299,0.07540000,11021.50000000,0.0745
1749266299,0.07550000,12369.90000000,0.0745
1749266299,0.07560000,56619.40000000,0.0745
1749266299,0.07570000,7224.40000000,0.0745
1749266299,0.07580000,475493.20000000,0.0745
1749266299,0.07590000,14194.20000000,0.0745
1749266299,0.07600000,7565.60000000,0.0745
1749266299,0.07610000,7508.60000000,0.0745
1749266299,0.07620000,15230.10000000,0.0745
1749266299,0.07630000,7223.60000000,0.0745
1749266299,0.07640000,17434.20000000,0.0745
1749266299,0.07650000,108912.70000000,0.0745
1749266299,0.07660000,15928.60000000,0.0745
1749266299,0.07670000,20330.30000000,0.0745
1749266299,0.07680000,21147.40000000,0.0745
1749266299,0.07690000,7284.20000000,0.0745
1749266299,0.07700000,12163.20000000,0.0745
1749266299,0.07710000,17751.60000000,0.0745
1749266299,0.07720000,32419.00000000,0.0745
1749266299,0.07730000,668.90000000,0.0745
1749266299,0.07740000,20076.70000000,0.0745
1749266299,0.07750000,17436.50000000,0.0745
1749266299,0.07760000,4776.80000000,0.0745
1749266299,0.07770000,557.00000000,0.0745
1749266299,0.07780000,1643.30000000,0.0745
1749266299,0.07790000,14500.50000000,0.0745
1749266299,0.07800000,215.10000000,0.0745
1749266299,0.07810000,15877.30000000,0.0745
1749266299,0.07820000,1990.30000000,0.0745
1749266299,0.07830000,591.30000000,0.0745
1749266299,0.07840000,721.70000000,0.0745
1749266299,0.07850000,231.10000000,0.0745
1749266299,0.07860000,2023.00000000,0.0745
1749266299,0.07870000,209.40000000,0.0745
1749266299,0.07880000,979.80000000,0.0745
1749266299,0.07890000,138.20000000,0.0745
1749266299,0.07900000,3159.90000000,0.0745
1749266299,0.07910000,342.90000000,0.0745
1749266299,0.07920000,1149.40000000,0.0745
1749266299,0.07930000,139.00000000,0.0745
1749266299,0.07940000,1799.10000000,0.0745
1749266299,0.07950000,138.60000000,0.0745
1749266299,0.07960000,910.60000000,0.0745
1749266299,0.07970000,276.20000000,0.0745
1749266299,0.07980000,295.60000000,0.0745
1749266299,0.07990000,78196.10000000,0.0745
1749266299,0.08000000,356220.10000000,0.0745
1749266299,0.08010000,137.40000000,0.0745
1749266299,0.08020000,137.20000000,0.0745
1749266299,0.08030000,137.10000000,0.0745
1749266299,0.08040000,404.50000000,0.0745
1749266299,0.08050000,213.70000000,0.0745
1749266299,0.08060000,463.50000000,0.0745
1749266299,0.08070000,231.30000000,0.0745
1749266299,0.08080000,403.70000000,0.0745
1749266299,0.08090000,278.20000000,0.0745
1749266299,0.08100000,1491.70000000,0.0745
1749266299,0.08110000,135.60000000,0.0745
1749266299,0.08120000,3135.40000000,0.0745
1749266299,0.08130000,402.80000000,0.0745
1749266299,0.08140000,214.70000000,0.0745
1749266299,0.08150000,211.80000000,0.0745
1749266299,0.08160000,1230.70000000,0.0745
1749266299,0.08170000,134.50000000,0.0745
1749266299,0.08180000,267.60000000,0.0745
1749266299,0.08190000,83.70000000,0.0745
1749266299,0.08200000,145.30000000,0.0745
1749266299,0.08210000,1605.80000000,0.0745
1749266299,0.08220000,267.60000000,0.0745
1749266299,0.08250000,77.00000000,0.0745
1749266299,0.08260000,1457.60000000,0.0745
1749266299,0.08270000,267.60000000,0.0745
1749266299,0.08280000,132.80000000,0.0745
1749266299,0.08290000,142.30000000,0.0745
1749266299,0.08300000,10959.30000000,0.0745
1749266299,0.08310000,267.60000000,0.0745
1749266299,0.08350000,144.10000000,0.0745
1749266299,0.08360000,267.60000000,0.0745
1749266299,0.08380000,1061.90000000,0.0745
1749266299,0.08400000,47759.10000000,0.0745
1749266299,0.08410000,267.60000000,0.0745
1749266299,0.08420000,1242.40000000,0.0745
1749266299,0.08440000,859.80000000,0.0745
1749266299,0.08450000,446.80000000,0.0745
1749266299,0.08460000,6415.70000000,0.0745
1749266299,0.08470000,66.10000000,0.0745
1749266299,0.08480000,500.00000000,0.0745
1749266299,0.08490000,2691.80000000,0.0745
1749266299,0.08500000,72951.20000000,0.0745
1749266299,0.08520000,5068.40000000,0.0745
1749266299,0.08530000,3269.60000000,0.0745
1749266605,0.07470000,119702.40000000,0.0746
1749266605,0.07480000,217912.50000000,0.0746
1749266605,0.07490000,240870.40000000,0.0746
1749266605,0.07500000,225279.70000000,0.0746
1749266605,0.07510000,58534.00000000,0.0746
1749266605,0.07520000,478593.40000000,0.0746
1749266605,0.07530000,336134.30000000,0.0746
1749266605,0.07540000,34591.00000000,0.0746
1749266605,0.07550000,12369.90000000,0.0746
1749266605,0.07560000,56619.40000000,0.0746
1749266605,0.07570000,7224.40000000,0.0746
1749266605,0.07580000,13878.40000000,0.0746
1749266605,0.07590000,14194.20000000,0.0746
1749266605,0.07600000,472565.60000000,0.0746
1749266605,0.07610000,7508.60000000,0.0746
1749266605,0.07620000,15230.10000000,0.0746
1749266605,0.07630000,7223.60000000,0.0746
1749266605,0.07640000,17434.20000000,0.0746
1749266605,0.07650000,109017.30000000,0.0746
1749266605,0.07660000,15928.60000000,0.0746
1749266605,0.07670000,20330.30000000,0.0746
1749266605,0.07680000,18117.10000000,0.0746
1749266605,0.07690000,7284.20000000,0.0746
1749266605,0.07700000,15193.50000000,0.0746
1749266605,0.07710000,17751.60000000,0.0746
1749266605,0.07720000,32419.00000000,0.0746
1749266605,0.07730000,668.90000000,0.0746
1749266605,0.07740000,20076.70000000,0.0746
1749266605,0.07750000,10452.20000000,0.0746
1749266605,0.07760000,4776.80000000,0.0746
1749266605,0.07770000,557.00000000,0.0746
1749266605,0.07780000,1643.30000000,0.0746
1749266605,0.07790000,14500.50000000,0.0746
1749266605,0.07800000,343.30000000,0.0746
1749266605,0.07810000,15877.30000000,0.0746
1749266605,0.07820000,1990.30000000,0.0746
1749266605,0.07830000,1175.60000000,0.0746
1749266605,0.07840000,138.20000000,0.0746
1749266605,0.07850000,231.10000000,0.0746
1749266605,0.07860000,2023.00000000,0.0746
1749266605,0.07870000,209.40000000,0.0746
1749266605,0.07880000,979.80000000,0.0746
1749266605,0.07890000,138.20000000,0.0746
1749266605,0.07900000,3159.90000000,0.0746
1749266605,0.07910000,342.90000000,0.0746
1749266605,0.07920000,1149.40000000,0.0746
1749266605,0.07930000,139.00000000,0.0746
1749266605,0.07940000,1799.10000000,0.0746
1749266605,0.07950000,138.60000000,0.0746
1749266605,0.07960000,910.60000000,0.0746
1749266605,0.07970000,276.20000000,0.0746
1749266605,0.07980000,295.60000000,0.0746
1749266605,0.07990000,77741.40000000,0.0746
1749266605,0.08000000,356220.10000000,0.0746
1749266605,0.08010000,137.40000000,0.0746
1749266605,0.08020000,137.20000000,0.0746
1749266605,0.08030000,137.10000000,0.0746
1749266605,0.08040000,404.50000000,0.0746
1749266605,0.08050000,213.70000000,0.0746
1749266605,0.08060000,463.50000000,0.0746
1749266605,0.08070000,231.30000000,0.0746
1749266605,0.08080000,403.70000000,0.0746
1749266605,0.08090000,278.20000000,0.0746
1749266605,0.08100000,1491.70000000,0.0746
1749266605,0.08110000,135.60000000,0.0746
1749266605,0.08120000,3135.40000000,0.0746
1749266605,0.08130000,402.80000000,0.0746
1749266605,0.08140000,214.70000000,0.0746
1749266605,0.08150000,211.80000000,0.0746
1749266605,0.08160000,1230.70000000,0.0746
1749266605,0.08170000,134.30000000,0.0746
1749266605,0.08180000,401.90000000,0.0746
1749266605,0.08190000,217.80000000,0.0746
1749266605,0.08200000,145.30000000,0.0746
1749266605,0.08210000,1605.80000000,0.0746
1749266605,0.08220000,267.60000000,0.0746
1749266605,0.08250000,77.00000000,0.0746
1749266605,0.08260000,1457.60000000,0.0746
1749266605,0.08270000,267.60000000,0.0746
1749266605,0.08280000,132.80000000,0.0746
1749266605,0.08290000,142.30000000,0.0746
1749266605,0.08300000,10959.30000000,0.0746
1749266605,0.08310000,267.60000000,0.0746
1749266605,0.08350000,144.10000000,0.0746
1749266605,0.08360000,267.60000000,0.0746
1749266605,0.08380000,1061.90000000,0.0746
1749266605,0.08400000,47759.10000000,0.0746
1749266605,0.08410000,267.60000000,0.0746
1749266605,0.08420000,1242.40000000,0.0746
1749266605,0.08440000,859.80000000,0.0746
1749266605,0.08450000,446.80000000,0.0746
1749266605,0.08460000,6415.70000000,0.0746
1749266605,0.08470000,66.10000000,0.0746
1749266605,0.08480000,500.00000000,0.0746
1749266605,0.08490000,2691.80000000,0.0746
1749266605,0.08500000,72951.20000000,0.0746
1749266605,0.08520000,5068.40000000,0.0746
1749266605,0.08530000,3269.60000000,0.0746
1749266605,0.08540000,16299.10000000,0.0746
1749266605,0.08550000,3422.60000000,0.0746
1749266907,0.07490000,51631.90000000,0.0749
1749266907,0.07500000,199714.50000000,0.0749
1749266907,0.07510000,252630.50000000,0.0749
1749266907,0.07520000,84718.90000000,0.0749
1749266907,0.07530000,71073.60000000,0.0749
1749266907,0.07540000,476736.20000000,0.0749
1749266907,0.07550000,341718.90000000,0.0749
1749266907,0.07560000,86855.40000000,0.0749
1749266907,0.07570000,10710.10000000,0.0749
1749266907,0.07580000,11232.10000000,0.0749
1749266907,0.07590000,11275.70000000,0.0749
1749266907,0.07600000,10950.80000000,0.0749
1749266907,0.07610000,14324.60000000,0.0749
1749266907,0.07620000,475043.40000000,0.0749
1749266907,0.07630000,7223.60000000,0.0749
1749266907,0.07640000,25440.60000000,0.0749
1749266907,0.07650000,109017.30000000,0.0749
1749266907,0.07660000,7716.20000000,0.0749
1749266907,0.07670000,7839.00000000,0.0749
1749266907,0.07680000,23822.00000000,0.0749
1749266907,0.07690000,22573.70000000,0.0749
1749266907,0.07700000,7200.40000000,0.0749
1749266907,0.07710000,17751.60000000,0.0749
1749266907,0.07720000,35449.30000000,0.0749
1749266907,0.07730000,668.90000000,0.0749
1749266907,0.07740000,7344.80000000,0.0749
1749266907,0.07750000,17436.50000000,0.0749
1749266907,0.07760000,13355.40000000,0.0749
1749266907,0.07770000,749.90000000,0.0749
1749266907,0.07780000,14181.50000000,0.0749
1749266907,0.07790000,14500.50000000,0.0749
1749266907,0.07800000,3727.50000000,0.0749
1749266907,0.07810000,138.20000000,0.0749
1749266907,0.07820000,1990.30000000,0.0749
1749266907,0.07830000,16330.40000000,0.0749
1749266907,0.07840000,138.20000000,0.0749
1749266907,0.07850000,231.10000000,0.0749
1749266907,0.07860000,1456.90000000,0.0749
1749266907,0.07870000,1756.30000000,0.0749
1749266907,0.07880000,979.80000000,0.0749
1749266907,0.07890000,138.20000000,0.0749
1749266907,0.07900000,3159.90000000,0.0749
1749266907,0.07910000,342.90000000,0.0749
1749266907,0.07920000,1149.40000000,0.0749
1749266907,0.07930000,139.00000000,0.0749
1749266907,0.07940000,1799.10000000,0.0749
1749266907,0.07950000,138.60000000,0.0749
1749266907,0.07960000,910.60000000,0.0749
1749266907,0.07970000,276.20000000,0.0749
1749266907,0.07980000,295.60000000,0.0749
1749266907,0.07990000,77741.40000000,0.0749
1749266907,0.08000000,356220.10000000,0.0749
1749266907,0.08010000,137.40000000,0.0749
1749266907,0.08020000,137.20000000,0.0749
1749266907,0.08030000,137.10000000,0.0749
1749266907,0.08040000,404.50000000,0.0749
1749266907,0.08050000,213.70000000,0.0749
1749266907,0.08060000,463.50000000,0.0749
1749266907,0.08070000,231.30000000,0.0749
1749266907,0.08080000,403.70000000,0.0749
1749266907,0.08090000,278.20000000,0.0749
1749266907,0.08100000,1491.70000000,0.0749
1749266907,0.08110000,135.60000000,0.0749
1749266907,0.08120000,3135.40000000,0.0749
1749266907,0.08130000,402.80000000,0.0749
1749266907,0.08140000,214.70000000,0.0749
1749266907,0.08150000,211.80000000,0.0749
1749266907,0.08160000,1230.70000000,0.0749
1749266907,0.08170000,134.30000000,0.0749
1749266907,0.08180000,401.90000000,0.0749
1749266907,0.08190000,217.80000000,0.0749
1749266907,0.08200000,279.20000000,0.0749
1749266907,0.08210000,1739.60000000,0.0749
1749266907,0.08220000,267.60000000,0.0749
1749266907,0.08250000,77.00000000,0.0749
1749266907,0.08260000,1457.60000000,0.0749
1749266907,0.08270000,267.60000000,0.0749
1749266907,0.08280000,132.80000000,0.0749
1749266907,0.08290000,142.30000000,0.0749
1749266907,0.08300000,10959.30000000,0.0749
1749266907,0.08310000,267.60000000,0.0749
1749266907,0.08350000,144.10000000,0.0749
1749266907,0.08360000,267.60000000,0.0749
1749266907,0.08380000,1061.90000000,0.0749
1749266907,0.08400000,47759.10000000,0.0749
1749266907,0.08410000,267.60000000,0.0749
1749266907,0.08420000,1242.40000000,0.0749
1749266907,0.08440000,859.80000000,0.0749
1749266907,0.08450000,446.80000000,0.0749
1749266907,0.08460000,6415.70000000,0.0749
1749266907,0.08470000,66.10000000,0.0749
1749266907,0.08480000,500.00000000,0.0749
1749266907,0.08490000,2691.80000000,0.0749
1749266907,0.08500000,72951.20000000,0.0749
1749266907,0.08520000,5068.40000000,0.0749
1749266907,0.08530000,3269.60000000,0.0749
1749266907,0.08540000,16299.10000000,0.0749
1749266907,0.08550000,3422.60000000,0.0749
1749266907,0.08580000,1184.50000000,0.0749
1749266907,0.08590000,11641.40000000,0.0749
1749267208,0.07490000,22136.30000000,0.0748
1749267208,0.07500000,197305.90000000,0.0748
1749267208,0.07510000,232900.20000000,0.0748
1749267208,0.07520000,82676.10000000,0.0748
1749267208,0.07530000,72186.90000000,0.0748
1749267208,0.07540000,210251.90000000,0.0748
1749267208,0.07550000,342076.90000000,0.0748
1749267208,0.07560000,86597.40000000,0.0748
1749267208,0.07570000,10710.10000000,0.0748
1749267208,0.07580000,11232.10000000,0.0748
1749267208,0.07590000,15414.80000000,0.0748
1749267208,0.07600000,680293.30000000,0.0748
1749267208,0.07610000,10185.50000000,0.0748
1749267208,0.07620000,475043.40000000,0.0748
1749267208,0.07630000,7223.60000000,0.0748
1749267208,0.07640000,25440.60000000,0.0748
1749267208,0.07650000,109017.30000000,0.0748
1749267208,0.07660000,7716.20000000,0.0748
1749267208,0.07670000,7839.00000000,0.0748
1749267208,0.07680000,23822.00000000,0.0748
1749267208,0.07690000,22573.70000000,0.0748
1749267208,0.07700000,10230.70000000,0.0748
1749267208,0.07710000,17751.60000000,0.0748
1749267208,0.07720000,32419.00000000,0.0748
1749267208,0.07730000,668.90000000,0.0748
1749267208,0.07740000,7344.80000000,0.0748
1749267208,0.07750000,10452.20000000,0.0748
1749267208,0.07760000,18909.30000000,0.0748
1749267208,0.07770000,749.90000000,0.0748
1749267208,0.07780000,5027.50000000,0.0748
1749267208,0.07790000,14500.50000000,0.0748
1749267208,0.07800000,343.30000000,0.0748
1749267208,0.07810000,12565.60000000,0.0748
1749267208,0.07820000,1990.30000000,0.0748
1749267208,0.07830000,3903.00000000,0.0748
1749267208,0.07840000,138.20000000,0.0748
1749267208,0.07850000,231.10000000,0.0748
1749267208,0.07860000,1456.90000000,0.0748
1749267208,0.07870000,2256.30000000,0.0748
1749267208,0.07880000,979.80000000,0.0748
1749267208,0.07890000,138.20000000,0.0748
1749267208,0.07900000,3159.90000000,0.0748
1749267208,0.07910000,342.90000000,0.0748
1749267208,0.07920000,1149.40000000,0.0748
1749267208,0.07930000,139.00000000,0.0748
1749267208,0.07940000,1799.10000000,0.0748
1749267208,0.07950000,138.60000000,0.0748
1749267208,0.07960000,910.60000000,0.0748
1749267208,0.07970000,276.20000000,0.0748
1749267208,0.07980000,295.60000000,0.0748
1749267208,0.07990000,77741.40000000,0.0748
1749267208,0.08000000,356220.10000000,0.0748
1749267208,0.08010000,137.40000000,0.0748
1749267208,0.08020000,137.20000000,0.0748
1749267208,0.08030000,137.10000000,0.0748
1749267208,0.08040000,404.50000000,0.0748
1749267208,0.08050000,213.70000000,0.0748
1749267208,0.08060000,463.50000000,0.0748
1749267208,0.08070000,231.30000000,0.0748
1749267208,0.08080000,403.70000000,0.0748
1749267208,0.08090000,278.20000000,0.0748
1749267208,0.08100000,1491.70000000,0.0748
1749267208,0.08110000,135.60000000,0.0748
1749267208,0.08120000,3135.40000000,0.0748
1749267208,0.08130000,402.80000000,0.0748
1749267208,0.08140000,214.70000000,0.0748
1749267208,0.08150000,211.80000000,0.0748
1749267208,0.08160000,1230.70000000,0.0748
1749267208,0.08170000,134.30000000,0.0748
1749267208,0.08180000,401.90000000,0.0748
1749267208,0.08190000,217.80000000,0.0748
1749267208,0.08200000,279.20000000,0.0748
1749267208,0.08210000,1739.60000000,0.0748
1749267208,0.08220000,267.60000000,0.0748
1749267208,0.08250000,77.00000000,0.0748
1749267208,0.08260000,1457.60000000,0.0748
1749267208,0.08270000,267.60000000,0.0748
1749267208,0.08280000,132.80000000,0.0748
1749267208,0.08290000,142.30000000,0.0748
1749267208,0.08300000,10959.30000000,0.0748
1749267208,0.08310000,267.60000000,0.0748
1749267208,0.08350000,144.10000000,0.0748
1749267208,0.08360000,267.60000000,0.0748
1749267208,0.08380000,1061.90000000,0.0748
1749267208,0.08400000,47759.10000000,0.0748
1749267208,0.08410000,267.60000000,0.0748
1749267208,0.08420000,1242.40000000,0.0748
1749267208,0.08440000,859.80000000,0.0748
1749267208,0.08450000,446.80000000,0.0748
1749267208,0.08460000,6415.70000000,0.0748
1749267208,0.08470000,66.10000000,0.0748
1749267208,0.08480000,500.00000000,0.0748
1749267208,0.08490000,2691.80000000,0.0748
1749267208,0.08500000,72951.20000000,0.0748
1749267208,0.08520000,5068.40000000,0.0748
1749267208,0.08530000,3269.60000000,0.0748
1749267208,0.08540000,16299.10000000,0.0748
1749267208,0.08550000,3422.60000000,0.0748
1749267208,0.08580000,1184.50000000,0.0748
1749267208,0.08590000,11641.40000000,0.0748
1749267510,0.07510000,98002.20000000,0.0751
1749267510,0.07520000,276682.10000000,0.0751
1749267510,0.07530000,259267.90000000,0.0751
1749267510,0.07540000,120122.90000000,0.0751
1749267510,0.07550000,217782.30000000,0.0751
1749267510,0.07560000,374340.90000000,0.0751
1749267510,0.07570000,340208.20000000,0.0751
1749267510,0.07580000,196605.30000000,0.0751
1749267510,0.07590000,11275.70000000,0.0751
1749267510,0.07600000,11050.90000000,0.0751
1749267510,0.07610000,11747.70000000,0.0751
1749267510,0.07620000,13428.60000000,0.0751
1749267510,0.07630000,7223.60000000,0.0751
1749267510,0.07640000,485180.70000000,0.0751
1749267510,0.07650000,109017.30000000,0.0751
1749267510,0.07660000,15722.60000000,0.0751
1749267510,0.07670000,7839.00000000,0.0751
1749267510,0.07680000,18217.50000000,0.0751
1749267510,0.07690000,9981.90000000,0.0751
1749267510,0.07700000,12905.00000000,0.0751
1749267510,0.07710000,30443.40000000,0.0751
1749267510,0.07720000,7200.20000000,0.0751
1749267510,0.07730000,668.90000000,0.0751
1749267510,0.07740000,10375.10000000,0.0751
1749267510,0.07750000,10452.20000000,0.0751
1749267510,0.07760000,31589.90000000,0.0751
1749267510,0.07770000,749.90000000,0.0751
1749267510,0.07780000,14181.50000000,0.0751
1749267510,0.07790000,14500.50000000,0.0751
1749267510,0.07800000,3727.50000000,0.0751
1749267510,0.07810000,138.20000000,0.0751
1749267510,0.07820000,1990.30000000,0.0751
1749267510,0.07830000,13018.70000000,0.0751
1749267510,0.07840000,138.20000000,0.0751
1749267510,0.07850000,3542.80000000,0.0751
1749267510,0.07860000,1456.90000000,0.0751
1749267510,0.07870000,209.40000000,0.0751
1749267510,0.07880000,3024.70000000,0.0751
1749267510,0.07890000,138.20000000,0.0751
1749267510,0.07900000,3159.90000000,0.0751
1749267510,0.07910000,342.90000000,0.0751
1749267510,0.07920000,1149.40000000,0.0751
1749267510,0.07930000,139.00000000,0.0751
1749267510,0.07940000,1799.10000000,0.0751
1749267510,0.07950000,138.60000000,0.0751
1749267510,0.07960000,910.60000000,0.0751
1749267510,0.07970000,276.20000000,0.0751
1749267510,0.07980000,295.60000000,0.0751
1749267510,0.07990000,77115.00000000,0.0751
1749267510,0.08000000,356220.10000000,0.0751
1749267510,0.08010000,137.40000000,0.0751
1749267510,0.08020000,137.20000000,0.0751
1749267510,0.08030000,137.10000000,0.0751
1749267510,0.08040000,404.50000000,0.0751
1749267510,0.08050000,213.70000000,0.0751
1749267510,0.08060000,463.50000000,0.0751
1749267510,0.08070000,231.30000000,0.0751
1749267510,0.08080000,403.70000000,0.0751
1749267510,0.08090000,278.20000000,0.0751
1749267510,0.08100000,1491.70000000,0.0751
1749267510,0.08110000,135.60000000,0.0751
1749267510,0.08120000,3135.40000000,0.0751
1749267510,0.08130000,402.80000000,0.0751
1749267510,0.08140000,214.70000000,0.0751
1749267510,0.08150000,211.80000000,0.0751
1749267510,0.08160000,1230.70000000,0.0751
1749267510,0.08170000,134.30000000,0.0751
1749267510,0.08180000,401.90000000,0.0751
1749267510,0.08190000,217.80000000,0.0751
1749267510,0.08200000,279.20000000,0.0751
1749267510,0.08210000,1739.60000000,0.0751
1749267510,0.08220000,401.20000000,0.0751
1749267510,0.08230000,133.20000000,0.0751
1749267510,0.08250000,77.00000000,0.0751
1749267510,0.08260000,1457.60000000,0.0751
1749267510,0.08270000,267.60000000,0.0751
1749267510,0.08280000,132.80000000,0.0751
