timestamp,price,volume,current_price
1749254529,0.81500000,57155.98000000,0.815
1749254529,0.81600000,276304.90000000,0.815
1749254529,0.81700000,278085.11000000,0.815
1749254529,0.81800000,84317.91000000,0.815
1749254529,0.81900000,139885.00000000,0.815
1749254529,0.82000000,41243.10000000,0.815
1749254529,0.82100000,32622.95000000,0.815
1749254529,0.82200000,68489.98000000,0.815
1749254529,0.82300000,66902.23000000,0.815
1749254529,0.82400000,47803.07000000,0.815
1749254529,0.82500000,47915.50000000,0.815
1749254529,0.82600000,79384.56000000,0.815
1749254529,0.82700000,36246.43000000,0.815
1749254529,0.82800000,11346.69000000,0.815
1749254529,0.82900000,11683.45000000,0.815
1749254529,0.83000000,19890.76000000,0.815
1749254529,0.83100000,10811.95000000,0.815
1749254529,0.83200000,8391.52000000,0.815
1749254529,0.83300000,12281.67000000,0.815
1749254529,0.83400000,8365.18000000,0.815
1749254529,0.83500000,9516.34000000,0.815
1749254529,0.83600000,8525.47000000,0.815
1749254529,0.83700000,102096.38000000,0.815
1749254529,0.83800000,35633.83000000,0.815
1749254529,0.83900000,8980.30000000,0.815
1749254529,0.84000000,8817.74000000,0.815
1749254529,0.84100000,8225.36000000,0.815
1749254529,0.84200000,9778.71000000,0.815
1749254529,0.84300000,8346.51000000,0.815
1749254529,0.84400000,9104.50000000,0.815
1749254529,0.84500000,9550.75000000,0.815
1749254529,0.84600000,8580.88000000,0.815
1749254529,0.84700000,32314.74000000,0.815
1749254529,0.84800000,8305.90000000,0.815
1749254529,0.84900000,8222.52000000,0.815
1749254529,0.85000000,9414.60000000,0.815
1749254529,0.85100000,9638.46000000,0.815
1749254529,0.85200000,7101.20000000,0.815
1749254529,0.85300000,3356.37000000,0.815
1749254529,0.85400000,7608.38000000,0.815
1749254529,0.85500000,39728.97000000,0.815
1749254529,0.85600000,279.60000000,0.815
1749254529,0.85700000,64.78000000,0.815
1749254529,0.85800000,2305.34000000,0.815
1749254529,0.85900000,22362.00000000,0.815
1749254529,0.86000000,3496.53000000,0.815
1749254529,0.86100000,540.65000000,0.815
1749254529,0.86200000,92.32000000,0.815
1749254529,0.86300000,214.10000000,0.815
1749254529,0.86400000,84531.10000000,0.815
1749254529,0.86500000,3090.24000000,0.815
1749254529,0.86600000,269.21000000,0.815
1749254529,0.86700000,1278.87000000,0.815
1749254529,0.86800000,346.82000000,0.815
1749254529,0.86900000,77.38000000,0.815
1749254529,0.87000000,4223.54000000,0.815
1749254529,0.87100000,344.48000000,0.815
1749254529,0.87200000,107.22000000,0.815
1749254529,0.87300000,1199.79000000,0.815
1749254529,0.87400000,218.51000000,0.815
1749254529,0.87500000,3499.02000000,0.815
1749254529,0.87600000,21582.02000000,0.815
1749254529,0.87700000,41255.18000000,0.815
1749254529,0.87800000,8198.98000000,0.815
1749254529,0.87900000,10025.12000000,0.815
1749254529,0.88000000,22790.42000000,0.815
1749254529,0.88100000,1632.83000000,0.815
1749254529,0.88200000,344.27000000,0.815
1749254529,0.88300000,1245.74000000,0.815
1749254529,0.88400000,1219.02000000,0.815
1749254529,0.88500000,6865.02000000,0.815
1749254529,0.88600000,1922.27000000,0.815
1749254529,0.88700000,332.54000000,0.815
1749254529,0.88800000,13644.32000000,0.815
1749254529,0.88900000,4543.75000000,0.815
1749254529,0.89000000,10520.51000000,0.815
1749254529,0.89100000,4482.76000000,0.815
1749254529,0.89200000,2408.50000000,0.815
1749254529,0.89300000,4639.71000000,0.815
1749254529,0.89400000,1089.41000000,0.815
1749254529,0.89500000,4390.38000000,0.815
1749254529,0.89600000,643.57000000,0.815
1749254529,0.89700000,303.28000000,0.815
1749254529,0.89800000,146.94000000,0.815
1749254529,0.89900000,5123.89000000,0.815
1749254529,0.90000000,67626.73000000,0.815
1749254529,0.90100000,2329.28000000,0.815
1749254529,0.90200000,2373.67000000,0.815
1749254529,0.90300000,86.10000000,0.815
1749254529,0.90400000,1290.21000000,0.815
1749254529,0.90500000,1843.90000000,0.815
1749254529,0.90600000,1342.86000000,0.815
1749254529,0.90700000,2490.66000000,0.815
1749254529,0.90800000,1133.18000000,0.815
1749254529,0.90900000,1047.40000000,0.815
1749254529,0.91000000,84465.84000000,0.815
1749254529,0.91100000,1390.73000000,0.815
1749254529,0.91200000,237.56000000,0.815
1749254529,0.91300000,160.68000000,0.815
1749254529,0.91400000,1199.16000000,0.815
1749254834,0.81600000,42900.57000000,0.816
1749254834,0.81700000,286964.68000000,0.816
1749254834,0.81800000,262884.23000000,0.816
1749254834,0.81900000,258082.63000000,0.816
1749254834,0.82000000,34254.36000000,0.816
1749254834,0.82100000,54845.62000000,0.816
1749254834,0.82200000,114334.45000000,0.816
1749254834,0.82300000,20451.11000000,0.816
1749254834,0.82400000,54328.91000000,0.816
1749254834,0.82500000,71633.24000000,0.816
1749254834,0.82600000,51922.72000000,0.816
1749254834,0.82700000,84299.44000000,0.816
1749254834,0.82800000,13017.10000000,0.816
1749254834,0.82900000,11683.45000000,0.816
1749254834,0.83000000,19890.76000000,0.816
1749254834,0.83100000,10990.08000000,0.816
1749254834,0.83200000,8254.95000000,0.816
1749254834,0.83300000,12281.67000000,0.816
1749254834,0.83400000,8325.25000000,0.816
1749254834,0.83500000,9516.34000000,0.816
1749254834,0.83600000,8525.47000000,0.816
1749254834,0.83700000,11290.48000000,0.816
1749254834,0.83800000,8233.83000000,0.816
1749254834,0.83900000,8980.30000000,0.816
1749254834,0.84000000,8817.74000000,0.816
1749254834,0.84100000,8225.36000000,0.816
1749254834,0.84200000,9778.71000000,0.816
1749254834,0.84300000,8346.51000000,0.816
1749254834,0.84400000,9104.50000000,0.816
1749254834,0.84500000,9834.64000000,0.816
1749254834,0.84600000,53983.83000000,0.816
1749254834,0.84700000,32314.74000000,0.816
1749254834,0.84800000,8305.90000000,0.816
1749254834,0.84900000,8222.52000000,0.816
1749254834,0.85000000,7029.60000000,0.816
1749254834,0.85100000,7253.46000000,0.816
1749254834,0.85200000,7101.20000000,0.816
1749254834,0.85300000,3356.37000000,0.816
1749254834,0.85400000,7641.21000000,0.816
1749254834,0.85500000,40093.27000000,0.816
1749254834,0.85600000,6335.99000000,0.816
1749254834,0.85700000,76.45000000,0.816
1749254834,0.85800000,2305.34000000,0.816
1749254834,0.85900000,22362.00000000,0.816
1749254834,0.86000000,3473.27000000,0.816
1749254834,0.86100000,529.04000000,0.816
1749254834,0.86200000,92.32000000,0.816
1749254834,0.86300000,214.10000000,0.816
1749254834,0.86400000,84531.10000000,0.816
1749254834,0.86500000,3090.24000000,0.816
1749254834,0.86600000,269.21000000,0.816
1749254834,0.86700000,1278.87000000,0.816
1749254834,0.86800000,346.82000000,0.816
1749254834,0.86900000,457.33000000,0.816
1749254834,0.87000000,4223.54000000,0.816
1749254834,0.87100000,344.48000000,0.816
1749254834,0.87200000,107.22000000,0.816
1749254834,0.87300000,1199.79000000,0.816
1749254834,0.87400000,218.51000000,0.816
1749254834,0.87500000,3499.02000000,0.816
1749254834,0.87600000,21582.02000000,0.816
1749254834,0.87700000,41255.18000000,0.816
1749254834,0.87800000,8198.98000000,0.816
1749254834,0.87900000,10025.12000000,0.816
1749254834,0.88000000,22790.42000000,0.816
1749254834,0.88100000,1632.83000000,0.816
1749254834,0.88200000,344.27000000,0.816
1749254834,0.88300000,1245.74000000,0.816
1749254834,0.88400000,1219.02000000,0.816
1749254834,0.88500000,6865.02000000,0.816
1749254834,0.88600000,1922.27000000,0.816
1749254834,0.88700000,332.54000000,0.816
1749254834,0.88800000,13644.32000000,0.816
1749254834,0.88900000,4543.75000000,0.816
1749254834,0.89000000,10520.51000000,0.816
1749254834,0.89100000,4495.02000000,0.816
1749254834,0.89200000,2408.50000000,0.816
1749254834,0.89300000,4639.71000000,0.816
1749254834,0.89400000,1089.41000000,0.816
1749254834,0.89500000,4390.38000000,0.816
1749254834,0.89600000,643.57000000,0.816
1749254834,0.89700000,303.28000000,0.816
1749254834,0.89800000,146.94000000,0.816
1749254834,0.89900000,5123.89000000,0.816
1749254834,0.90000000,67626.73000000,0.816
1749254834,0.90100000,2329.28000000,0.816
1749254834,0.90200000,2373.67000000,0.816
1749254834,0.90300000,86.10000000,0.816
1749254834,0.90400000,1290.21000000,0.816
1749254834,0.90500000,1843.90000000,0.816
1749254834,0.90600000,1342.86000000,0.816
1749254834,0.90700000,2490.66000000,0.816
1749254834,0.90800000,1133.18000000,0.816
1749254834,0.90900000,1047.40000000,0.816
1749254834,0.91000000,84465.84000000,0.816
1749254834,0.91100000,1390.73000000,0.816
1749254834,0.91200000,237.56000000,0.816
1749254834,0.91300000,160.68000000,0.816
1749254834,0.91400000,1199.16000000,0.816
1749254834,0.91500000,1486.28000000,0.816
