timestamp,price,volume,current_price
1749258349,0.26360000,7824.00000000,0.2636
1749258349,0.26370000,79867.00000000,0.2636
1749258349,0.26380000,75721.00000000,0.2636
1749258349,0.26390000,102427.00000000,0.2636
1749258349,0.26400000,143012.00000000,0.2636
1749258349,0.26410000,152775.00000000,0.2636
1749258349,0.26420000,70336.00000000,0.2636
1749258349,0.26430000,10420.00000000,0.2636
1749258349,0.26440000,19736.00000000,0.2636
1749258349,0.26450000,245824.00000000,0.2636
1749258349,0.26460000,10396.00000000,0.2636
1749258349,0.26470000,6753.00000000,0.2636
1749258349,0.26480000,259979.00000000,0.2636
1749258349,0.26490000,9980.00000000,0.2636
1749258349,0.26500000,269694.00000000,0.2636
1749258349,0.26510000,6583.00000000,0.2636
1749258349,0.26520000,7806.00000000,0.2636
1749258349,0.26530000,3848.00000000,0.2636
1749258349,0.26540000,13926.00000000,0.2636
1749258349,0.26550000,46153.00000000,0.2636
1749258349,0.26560000,9984.00000000,0.2636
1749258349,0.26570000,7008.00000000,0.2636
1749258349,0.26580000,71633.00000000,0.2636
1749258349,0.26590000,3890.00000000,0.2636
1749258349,0.26600000,8878.00000000,0.2636
1749258349,0.26610000,7664.00000000,0.2636
1749258349,0.26620000,4150.00000000,0.2636
1749258349,0.26630000,5831.00000000,0.2636
1749258349,0.26640000,13539.00000000,0.2636
1749258349,0.26650000,11407.00000000,0.2636
1749258349,0.26660000,44800.00000000,0.2636
1749258349,0.26670000,8004.00000000,0.2636
1749258349,0.26680000,5793.00000000,0.2636
1749258349,0.26690000,10760.00000000,0.2636
1749258349,0.26700000,24040.00000000,0.2636
1749258349,0.26710000,29542.00000000,0.2636
1749258349,0.26720000,18353.00000000,0.2636
1749258349,0.26730000,8125.00000000,0.2636
1749258349,0.26740000,6732.00000000,0.2636
1749258349,0.26750000,4246.00000000,0.2636
1749258349,0.26760000,3765.00000000,0.2636
1749258349,0.26770000,321.00000000,0.2636
1749258349,0.26780000,1555.00000000,0.2636
1749258349,0.26790000,3902.00000000,0.2636
1749258349,0.26800000,579.00000000,0.2636
1749258349,0.26810000,3204.00000000,0.2636
1749258349,0.26820000,1109.00000000,0.2636
1749258349,0.26830000,39.00000000,0.2636
1749258349,0.26840000,1530.00000000,0.2636
1749258349,0.26850000,4378.00000000,0.2636
1749258349,0.26860000,67.00000000,0.2636
1749258349,0.26870000,1453.00000000,0.2636
1749258349,0.26880000,1811.00000000,0.2636
1749258349,0.26890000,132.00000000,0.2636
1749258349,0.26900000,2702.00000000,0.2636
1749258349,0.26910000,44696.00000000,0.2636
1749258349,0.26920000,39.00000000,0.2636
1749258349,0.26930000,2737.00000000,0.2636
1749258349,0.26940000,126.00000000,0.2636
1749258349,0.26950000,163.00000000,0.2636
1749258349,0.26960000,2022.00000000,0.2636
1749258349,0.26970000,103.00000000,0.2636
1749258349,0.26980000,244.00000000,0.2636
1749258349,0.26990000,37266.00000000,0.2636
1749258349,0.27000000,25712.00000000,0.2636
1749258349,0.27010000,447.00000000,0.2636
1749258349,0.27020000,39.00000000,0.2636
1749258349,0.27030000,154.00000000,0.2636
1749258349,0.27040000,314.00000000,0.2636
1749258349,0.27050000,143.00000000,0.2636
1749258349,0.27060000,2012.00000000,0.2636
1749258349,0.27070000,39.00000000,0.2636
1749258349,0.27080000,3879.00000000,0.2636
1749258349,0.27090000,375.00000000,0.2636
1749258349,0.27100000,108.00000000,0.2636
1749258349,0.27110000,141.00000000,0.2636
1749258349,0.27120000,1843.00000000,0.2636
1749258349,0.27130000,1300.00000000,0.2636
1749258349,0.27140000,560.00000000,0.2636
1749258349,0.27150000,268.00000000,0.2636
1749258349,0.27160000,242.00000000,0.2636
1749258349,0.27170000,130.00000000,0.2636
1749258349,0.27180000,103.00000000,0.2636
1749258349,0.27190000,1425.00000000,0.2636
1749258349,0.27200000,409.00000000,0.2636
1749258349,0.27210000,88.00000000,0.2636
1749258349,0.27220000,742.00000000,0.2636
1749258349,0.27240000,223.00000000,0.2636
1749258349,0.27250000,27.00000000,0.2636
1749258349,0.27270000,1268.00000000,0.2636
1749258349,0.27290000,1346.00000000,0.2636
1749258349,0.27300000,612.00000000,0.2636
1749258349,0.27310000,18558.00000000,0.2636
1749258349,0.27330000,168.00000000,0.2636
1749258349,0.27340000,155.00000000,0.2636
1749258349,0.27350000,370.00000000,0.2636
1749258349,0.27360000,321.00000000,0.2636
1749258349,0.27380000,62.00000000,0.2636
1749258349,0.27400000,30043.00000000,0.2636
1749258349,0.27410000,2653.00000000,0.2636
1749258650,0.26350000,65240.00000000,0.2634
1749258650,0.26360000,75290.00000000,0.2634
1749258650,0.26370000,128163.00000000,0.2634
1749258650,0.26380000,123840.00000000,0.2634
1749258650,0.26390000,102039.00000000,0.2634
1749258650,0.26400000,137733.00000000,0.2634
1749258650,0.26410000,20070.00000000,0.2634
1749258650,0.26420000,172412.00000000,0.2634
1749258650,0.26430000,82865.00000000,0.2634
1749258650,0.26440000,238746.00000000,0.2634
1749258650,0.26450000,8094.00000000,0.2634
1749258650,0.26460000,24789.00000000,0.2634
1749258650,0.26470000,272595.00000000,0.2634
1749258650,0.26480000,7174.00000000,0.2634
1749258650,0.26490000,11722.00000000,0.2634
1749258650,0.26500000,5157.00000000,0.2634
1749258650,0.26510000,6204.00000000,0.2634
1749258650,0.26520000,49104.00000000,0.2634
1749258650,0.26530000,3848.00000000,0.2634
1749258650,0.26540000,6068.00000000,0.2634
1749258650,0.26550000,72251.00000000,0.2634
1749258650,0.26560000,7863.00000000,0.2634
1749258650,0.26570000,7008.00000000,0.2634
1749258650,0.26580000,7664.00000000,0.2634
1749258650,0.26590000,3890.00000000,0.2634
1749258650,0.26600000,8972.00000000,0.2634
1749258650,0.26610000,7664.00000000,0.2634
1749258650,0.26620000,4150.00000000,0.2634
1749258650,0.26630000,5831.00000000,0.2634
1749258650,0.26640000,13633.00000000,0.2634
1749258650,0.26650000,11407.00000000,0.2634
1749258650,0.26660000,3819.00000000,0.2634
1749258650,0.26670000,8004.00000000,0.2634
1749258650,0.26680000,5887.00000000,0.2634
1749258650,0.26690000,10760.00000000,0.2634
1749258650,0.26700000,24040.00000000,0.2634
1749258650,0.26710000,29542.00000000,0.2634
1749258650,0.26720000,45422.00000000,0.2634
1749258650,0.26730000,8125.00000000,0.2634
1749258650,0.26740000,6732.00000000,0.2634
1749258650,0.26750000,4246.00000000,0.2634
1749258650,0.26760000,3859.00000000,0.2634
1749258650,0.26770000,321.00000000,0.2634
1749258650,0.26780000,5335.00000000,0.2634
1749258650,0.26790000,3902.00000000,0.2634
1749258650,0.26800000,579.00000000,0.2634
1749258650,0.26810000,3204.00000000,0.2634
1749258650,0.26820000,1109.00000000,0.2634
1749258650,0.26830000,39.00000000,0.2634
1749258650,0.26840000,1530.00000000,0.2634
1749258650,0.26850000,4378.00000000,0.2634
1749258650,0.26860000,67.00000000,0.2634
1749258650,0.26870000,1453.00000000,0.2634
1749258650,0.26880000,1811.00000000,0.2634
1749258650,0.26890000,132.00000000,0.2634
1749258650,0.26900000,2702.00000000,0.2634
1749258650,0.26910000,3998.00000000,0.2634
1749258650,0.26920000,40724.00000000,0.2634
1749258650,0.26930000,2737.00000000,0.2634
1749258650,0.26940000,126.00000000,0.2634
1749258650,0.26950000,163.00000000,0.2634
1749258650,0.26960000,2022.00000000,0.2634
1749258650,0.26970000,103.00000000,0.2634
1749258650,0.26980000,244.00000000,0.2634
1749258650,0.26990000,37266.00000000,0.2634
1749258650,0.27000000,25712.00000000,0.2634
1749258650,0.27010000,1441.00000000,0.2634
1749258650,0.27020000,39.00000000,0.2634
1749258650,0.27030000,154.00000000,0.2634
1749258650,0.27040000,314.00000000,0.2634
1749258650,0.27050000,143.00000000,0.2634
1749258650,0.27060000,1018.00000000,0.2634
1749258650,0.27070000,39.00000000,0.2634
1749258650,0.27080000,3879.00000000,0.2634
1749258650,0.27090000,375.00000000,0.2634
1749258650,0.27100000,108.00000000,0.2634
1749258650,0.27110000,102.00000000,0.2634
1749258650,0.27120000,1843.00000000,0.2634
1749258650,0.27130000,1300.00000000,0.2634
1749258650,0.27140000,560.00000000,0.2634
1749258650,0.27150000,268.00000000,0.2634
1749258650,0.27160000,242.00000000,0.2634
1749258650,0.27170000,130.00000000,0.2634
1749258650,0.27180000,103.00000000,0.2634
1749258650,0.27190000,1425.00000000,0.2634
1749258650,0.27200000,409.00000000,0.2634
1749258650,0.27210000,88.00000000,0.2634
1749258650,0.27220000,742.00000000,0.2634
1749258650,0.27240000,223.00000000,0.2634
1749258650,0.27250000,27.00000000,0.2634
1749258650,0.27270000,1268.00000000,0.2634
1749258650,0.27290000,1346.00000000,0.2634
1749258650,0.27300000,612.00000000,0.2634
1749258650,0.27310000,18558.00000000,0.2634
1749258650,0.27330000,168.00000000,0.2634
1749258650,0.27340000,155.00000000,0.2634
1749258650,0.27350000,370.00000000,0.2634
1749258650,0.27360000,321.00000000,0.2634
1749258650,0.27380000,62.00000000,0.2634
1749258650,0.27400000,30043.00000000,0.2634
1749258972,0.26330000,17888.00000000,0.2633
1749258972,0.26340000,74547.00000000,0.2633
1749258972,0.26350000,53687.00000000,0.2633
1749258972,0.26360000,103535.00000000,0.2633
1749258972,0.26370000,164462.00000000,0.2633
1749258972,0.26380000,109988.00000000,0.2633
1749258972,0.26390000,83656.00000000,0.2633
1749258972,0.26400000,75517.00000000,0.2633
1749258972,0.26410000,13859.00000000,0.2633
1749258972,0.26420000,263155.00000000,0.2633
1749258972,0.26430000,9257.00000000,0.2633
1749258972,0.26440000,238746.00000000,0.2633
1749258972,0.26450000,8073.00000000,0.2633
1749258972,0.26460000,6163.00000000,0.2633
1749258972,0.26470000,272595.00000000,0.2633
1749258972,0.26480000,7174.00000000,0.2633
1749258972,0.26490000,11722.00000000,0.2633
1749258972,0.26500000,4778.00000000,0.2633
1749258972,0.26510000,13897.00000000,0.2633
1749258972,0.26520000,49104.00000000,0.2633
1749258972,0.26530000,3848.00000000,0.2633
1749258972,0.26540000,6068.00000000,0.2633
1749258972,0.26550000,72251.00000000,0.2633
1749258972,0.26560000,7863.00000000,0.2633
1749258972,0.26570000,7008.00000000,0.2633
1749258972,0.26580000,7664.00000000,0.2633
1749258972,0.26590000,3890.00000000,0.2633
1749258972,0.26600000,8972.00000000,0.2633
1749258972,0.26610000,7664.00000000,0.2633
1749258972,0.26620000,4150.00000000,0.2633
1749258972,0.26630000,5831.00000000,0.2633
1749258972,0.26640000,13633.00000000,0.2633
1749258972,0.26650000,11407.00000000,0.2633
1749258972,0.26660000,17923.00000000,0.2633
1749258972,0.26670000,8004.00000000,0.2633
1749258972,0.26680000,5887.00000000,0.2633
1749258972,0.26690000,10760.00000000,0.2633
1749258972,0.26700000,24040.00000000,0.2633
1749258972,0.26710000,29542.00000000,0.2633
1749258972,0.26720000,45422.00000000,0.2633
1749258972,0.26730000,8125.00000000,0.2633
1749258972,0.26740000,6732.00000000,0.2633
1749258972,0.26750000,4246.00000000,0.2633
1749258972,0.26760000,3859.00000000,0.2633
1749258972,0.26770000,321.00000000,0.2633
1749258972,0.26780000,5335.00000000,0.2633
1749258972,0.26790000,3902.00000000,0.2633
1749258972,0.26800000,579.00000000,0.2633
1749258972,0.26810000,3204.00000000,0.2633
1749258972,0.26820000,1109.00000000,0.2633
1749258972,0.26830000,39.00000000,0.2633
1749258972,0.26840000,1530.00000000,0.2633
1749258972,0.26850000,4378.00000000,0.2633
1749258972,0.26860000,67.00000000,0.2633
1749258972,0.26870000,1453.00000000,0.2633
1749258972,0.26880000,1811.00000000,0.2633
1749258972,0.26890000,132.00000000,0.2633
1749258972,0.26900000,2702.00000000,0.2633
1749258972,0.26910000,3998.00000000,0.2633
1749258972,0.26920000,40724.00000000,0.2633
1749258972,0.26930000,2737.00000000,0.2633
1749258972,0.26940000,126.00000000,0.2633
1749258972,0.26950000,163.00000000,0.2633
1749258972,0.26960000,2022.00000000,0.2633
1749258972,0.26970000,103.00000000,0.2633
1749258972,0.26980000,244.00000000,0.2633
1749258972,0.26990000,37266.00000000,0.2633
1749258972,0.27000000,25712.00000000,0.2633
1749258972,0.27010000,1441.00000000,0.2633
1749258972,0.27020000,39.00000000,0.2633
1749258972,0.27030000,154.00000000,0.2633
1749258972,0.27040000,314.00000000,0.2633
1749258972,0.27050000,143.00000000,0.2633
1749258972,0.27060000,1018.00000000,0.2633
1749258972,0.27070000,39.00000000,0.2633
1749258972,0.27080000,3879.00000000,0.2633
1749258972,0.27090000,336.00000000,0.2633
1749258972,0.27100000,69.00000000,0.2633
1749258972,0.27110000,102.00000000,0.2633
1749258972,0.27120000,1843.00000000,0.2633
1749258972,0.27130000,1300.00000000,0.2633
1749258972,0.27140000,560.00000000,0.2633
1749258972,0.27150000,268.00000000,0.2633
1749258972,0.27160000,242.00000000,0.2633
1749258972,0.27170000,130.00000000,0.2633
1749258972,0.27180000,103.00000000,0.2633
1749258972,0.27190000,1425.00000000,0.2633
1749258972,0.27200000,409.00000000,0.2633
1749258972,0.27210000,88.00000000,0.2633
1749258972,0.27220000,742.00000000,0.2633
1749258972,0.27240000,223.00000000,0.2633
1749258972,0.27250000,27.00000000,0.2633
1749258972,0.27270000,1268.00000000,0.2633
1749258972,0.27290000,1346.00000000,0.2633
1749258972,0.27300000,612.00000000,0.2633
1749258972,0.27310000,18558.00000000,0.2633
1749258972,0.27330000,168.00000000,0.2633
1749258972,0.27340000,155.00000000,0.2633
1749258972,0.27350000,370.00000000,0.2633
1749258972,0.27360000,321.00000000,0.2633
