timestamp,price,volume,current_price
1749260741,0.26270000,5380.00000000,0.2627
1749260741,0.26280000,42118.00000000,0.2627
1749260741,0.26290000,90138.00000000,0.2627
1749260741,0.26300000,165632.00000000,0.2627
1749260741,0.26310000,104021.00000000,0.2627
1749260741,0.26320000,293682.00000000,0.2627
1749260741,0.26330000,240381.00000000,0.2627
1749260741,0.26340000,6511.00000000,0.2627
1749260741,0.26350000,86540.00000000,0.2627
1749260741,0.26360000,8123.00000000,0.2627
1749260741,0.26370000,278995.00000000,0.2627
1749260741,0.26380000,23728.00000000,0.2627
1749260741,0.26390000,9651.00000000,0.2627
1749260741,0.26400000,4296.00000000,0.2627
1749260741,0.26410000,8987.00000000,0.2627
1749260741,0.26420000,17402.00000000,0.2627
1749260741,0.26430000,6136.00000000,0.2627
1749260741,0.26440000,4576.00000000,0.2627
1749260741,0.26450000,49090.00000000,0.2627
1749260741,0.26460000,7274.00000000,0.2627
1749260741,0.26470000,63548.00000000,0.2627
1749260741,0.26480000,16871.00000000,0.2627
1749260741,0.26490000,9572.00000000,0.2627
1749260741,0.26500000,10247.00000000,0.2627
1749260741,0.26510000,5784.00000000,0.2627
1749260741,0.26520000,49032.00000000,0.2627
1749260741,0.26530000,3947.00000000,0.2627
1749260741,0.26540000,19980.00000000,0.2627
1749260741,0.26550000,14988.00000000,0.2627
1749260741,0.26560000,6251.00000000,0.2627
1749260741,0.26570000,7030.00000000,0.2627
1749260741,0.26580000,7664.00000000,0.2627
1749260741,0.26590000,3890.00000000,0.2627
1749260741,0.26600000,8878.00000000,0.2627
1749260741,0.26610000,32763.00000000,0.2627
1749260741,0.26620000,394.00000000,0.2627
1749260741,0.26630000,5831.00000000,0.2627
1749260741,0.26640000,11821.00000000,0.2627
1749260741,0.26650000,7627.00000000,0.2627
1749260741,0.26660000,39.00000000,0.2627
1749260741,0.26670000,4224.00000000,0.2627
1749260741,0.26680000,2013.00000000,0.2627
1749260741,0.26690000,2437.00000000,0.2627
1749260741,0.26700000,7613.00000000,0.2627
1749260741,0.26710000,786.00000000,0.2627
1749260741,0.26720000,41527.00000000,0.2627
1749260741,0.26730000,4345.00000000,0.2627
1749260741,0.26740000,2952.00000000,0.2627
1749260741,0.26750000,466.00000000,0.2627
1749260741,0.26760000,1643.00000000,0.2627
1749260741,0.26770000,321.00000000,0.2627
1749260741,0.26780000,1555.00000000,0.2627
1749260741,0.26790000,3902.00000000,0.2627
1749260741,0.26800000,579.00000000,0.2627
1749260741,0.26810000,3204.00000000,0.2627
1749260741,0.26820000,1109.00000000,0.2627
1749260741,0.26830000,39.00000000,0.2627
1749260741,0.26840000,1530.00000000,0.2627
1749260741,0.26850000,4378.00000000,0.2627
1749260741,0.26860000,67.00000000,0.2627
1749260741,0.26870000,1453.00000000,0.2627
1749260741,0.26880000,1811.00000000,0.2627
1749260741,0.26890000,132.00000000,0.2627
1749260741,0.26900000,2702.00000000,0.2627
1749260741,0.26910000,3998.00000000,0.2627
1749260741,0.26920000,1949.00000000,0.2627
1749260741,0.26930000,2737.00000000,0.2627
1749260741,0.26940000,126.00000000,0.2627
1749260741,0.26950000,163.00000000,0.2627
1749260741,0.26960000,2022.00000000,0.2627
1749260741,0.26970000,103.00000000,0.2627
1749260741,0.26980000,244.00000000,0.2627
1749260741,0.26990000,37266.00000000,0.2627
1749260741,0.27000000,25712.00000000,0.2627
1749260741,0.27010000,4121.00000000,0.2627
1749260741,0.27020000,39.00000000,0.2627
1749260741,0.27030000,115.00000000,0.2627
1749260741,0.27040000,275.00000000,0.2627
1749260741,0.27050000,104.00000000,0.2627
1749260741,0.27060000,63.00000000,0.2627
1749260741,0.27080000,166.00000000,0.2627
1749260741,0.27090000,336.00000000,0.2627
1749260741,0.27100000,69.00000000,0.2627
1749260741,0.27110000,102.00000000,0.2627
1749260741,0.27120000,1843.00000000,0.2627
1749260741,0.27130000,1300.00000000,0.2627
1749260741,0.27140000,560.00000000,0.2627
1749260741,0.27150000,268.00000000,0.2627
1749260741,0.27160000,242.00000000,0.2627
1749260741,0.27170000,130.00000000,0.2627
1749260741,0.27180000,103.00000000,0.2627
1749260741,0.27190000,1425.00000000,0.2627
1749260741,0.27200000,409.00000000,0.2627
1749260741,0.27210000,88.00000000,0.2627
1749260741,0.27220000,742.00000000,0.2627
1749260741,0.27240000,223.00000000,0.2627
1749260741,0.27250000,27.00000000,0.2627
1749260741,0.27270000,1268.00000000,0.2627
1749260741,0.27290000,1346.00000000,0.2627
1749260741,0.27300000,612.00000000,0.2627
1749261061,0.26270000,14127.00000000,0.2627
1749261061,0.26280000,83267.00000000,0.2627
1749261061,0.26290000,113440.00000000,0.2627
1749261061,0.26300000,141689.00000000,0.2627
1749261061,0.26310000,94568.00000000,0.2627
1749261061,0.26320000,179855.00000000,0.2627
1749261061,0.26330000,26730.00000000,0.2627
1749261061,0.26340000,168306.00000000,0.2627
1749261061,0.26350000,86538.00000000,0.2627
1749261061,0.26360000,232007.00000000,0.2627
1749261061,0.26370000,10692.00000000,0.2627
1749261061,0.26380000,23728.00000000,0.2627
1749261061,0.26390000,276103.00000000,0.2627
1749261061,0.26400000,4296.00000000,0.2627
1749261061,0.26410000,8987.00000000,0.2627
1749261061,0.26420000,10219.00000000,0.2627
1749261061,0.26430000,5756.00000000,0.2627
1749261061,0.26440000,4576.00000000,0.2627
1749261061,0.26450000,56730.00000000,0.2627
1749261061,0.26460000,7274.00000000,0.2627
1749261061,0.26470000,75666.00000000,0.2627
1749261061,0.26480000,16871.00000000,0.2627
1749261061,0.26490000,9572.00000000,0.2627
1749261061,0.26500000,4749.00000000,0.2627
1749261061,0.26510000,5784.00000000,0.2627
1749261061,0.26520000,7734.00000000,0.2627
1749261061,0.26530000,3947.00000000,0.2627
1749261061,0.26540000,6092.00000000,0.2627
1749261061,0.26550000,14988.00000000,0.2627
1749261061,0.26560000,6251.00000000,0.2627
1749261061,0.26570000,12528.00000000,0.2627
1749261061,0.26580000,7664.00000000,0.2627
1749261061,0.26590000,3890.00000000,0.2627
1749261061,0.26600000,48103.00000000,0.2627
1749261061,0.26610000,7763.00000000,0.2627
1749261061,0.26620000,394.00000000,0.2627
1749261061,0.26630000,5831.00000000,0.2627
1749261061,0.26640000,8041.00000000,0.2627
1749261061,0.26650000,7627.00000000,0.2627
1749261061,0.26660000,39.00000000,0.2627
1749261061,0.26670000,4224.00000000,0.2627
1749261061,0.26680000,2013.00000000,0.2627
1749261061,0.26690000,2437.00000000,0.2627
1749261061,0.26700000,7613.00000000,0.2627
1749261061,0.26710000,4566.00000000,0.2627
1749261061,0.26720000,41527.00000000,0.2627
1749261061,0.26730000,4345.00000000,0.2627
1749261061,0.26740000,2952.00000000,0.2627
1749261061,0.26750000,466.00000000,0.2627
1749261061,0.26760000,1643.00000000,0.2627
1749261061,0.26770000,321.00000000,0.2627
1749261061,0.26780000,1555.00000000,0.2627
1749261061,0.26790000,3902.00000000,0.2627
1749261061,0.26800000,579.00000000,0.2627
1749261061,0.26810000,3204.00000000,0.2627
1749261061,0.26820000,1109.00000000,0.2627
1749261061,0.26830000,39.00000000,0.2627
1749261061,0.26840000,1530.00000000,0.2627
1749261061,0.26850000,4378.00000000,0.2627
1749261061,0.26860000,67.00000000,0.2627
1749261061,0.26870000,42208.00000000,0.2627
1749261061,0.26880000,1811.00000000,0.2627
1749261061,0.26890000,132.00000000,0.2627
1749261061,0.26900000,2702.00000000,0.2627
1749261061,0.26910000,3998.00000000,0.2627
1749261061,0.26920000,39.00000000,0.2627
1749261061,0.26930000,2737.00000000,0.2627
1749261061,0.26940000,126.00000000,0.2627
1749261061,0.26950000,1157.00000000,0.2627
1749261061,0.26960000,2022.00000000,0.2627
1749261061,0.26970000,103.00000000,0.2627
1749261061,0.26980000,244.00000000,0.2627
1749261061,0.26990000,38182.00000000,0.2627
1749261061,0.27000000,25712.00000000,0.2627
1749261061,0.27010000,4121.00000000,0.2627
1749261061,0.27020000,39.00000000,0.2627
1749261061,0.27030000,115.00000000,0.2627
1749261061,0.27040000,275.00000000,0.2627
1749261061,0.27050000,104.00000000,0.2627
1749261061,0.27060000,63.00000000,0.2627
1749261061,0.27080000,166.00000000,0.2627
1749261061,0.27090000,336.00000000,0.2627
1749261061,0.27100000,69.00000000,0.2627
1749261061,0.27110000,102.00000000,0.2627
1749261061,0.27120000,1843.00000000,0.2627
1749261061,0.27130000,1300.00000000,0.2627
1749261061,0.27140000,560.00000000,0.2627
1749261061,0.27150000,268.00000000,0.2627
1749261061,0.27160000,242.00000000,0.2627
1749261061,0.27170000,130.00000000,0.2627
1749261061,0.27180000,103.00000000,0.2627
1749261061,0.27190000,1425.00000000,0.2627
1749261061,0.27200000,409.00000000,0.2627
1749261061,0.27210000,88.00000000,0.2627
1749261061,0.27220000,742.00000000,0.2627
1749261061,0.27240000,223.00000000,0.2627
1749261061,0.27250000,27.00000000,0.2627
1749261061,0.27270000,1268.00000000,0.2627
1749261061,0.27290000,1346.00000000,0.2627
1749261061,0.27300000,612.00000000,0.2627
1749261370,0.26270000,27270.00000000,0.2626
1749261370,0.26280000,84796.00000000,0.2626
1749261370,0.26290000,115795.00000000,0.2626
1749261370,0.26300000,142831.00000000,0.2626
1749261370,0.26310000,106541.00000000,0.2626
1749261370,0.26320000,163870.00000000,0.2626
1749261370,0.26330000,20236.00000000,0.2626
1749261370,0.26340000,241424.00000000,0.2626
1749261370,0.26350000,13486.00000000,0.2626
1749261370,0.26360000,232007.00000000,0.2626
1749261370,0.26370000,10714.00000000,0.2626
1749261370,0.26380000,23728.00000000,0.2626
1749261370,0.26390000,276103.00000000,0.2626
1749261370,0.26400000,4296.00000000,0.2626
1749261370,0.26410000,8961.00000000,0.2626
1749261370,0.26420000,17394.00000000,0.2626
1749261370,0.26430000,5756.00000000,0.2626
1749261370,0.26440000,4576.00000000,0.2626
1749261370,0.26450000,49090.00000000,0.2626
1749261370,0.26460000,7274.00000000,0.2626
1749261370,0.26470000,75666.00000000,0.2626
1749261370,0.26480000,16871.00000000,0.2626
1749261370,0.26490000,9572.00000000,0.2626
1749261370,0.26500000,4749.00000000,0.2626
1749261370,0.26510000,5784.00000000,0.2626
1749261370,0.26520000,7734.00000000,0.2626
1749261370,0.26530000,3947.00000000,0.2626
1749261370,0.26540000,6092.00000000,0.2626
1749261370,0.26550000,14988.00000000,0.2626
1749261370,0.26560000,6251.00000000,0.2626
1749261370,0.26570000,12528.00000000,0.2626
1749261370,0.26580000,7664.00000000,0.2626
1749261370,0.26590000,3890.00000000,0.2626
1749261370,0.26600000,48103.00000000,0.2626
1749261370,0.26610000,7763.00000000,0.2626
1749261370,0.26620000,394.00000000,0.2626
1749261370,0.26630000,5831.00000000,0.2626
1749261370,0.26640000,8041.00000000,0.2626
1749261370,0.26650000,7627.00000000,0.2626
1749261370,0.26660000,39.00000000,0.2626
1749261370,0.26670000,4224.00000000,0.2626
1749261370,0.26680000,2013.00000000,0.2626
1749261370,0.26690000,2437.00000000,0.2626
1749261370,0.26700000,7613.00000000,0.2626
1749261370,0.26710000,786.00000000,0.2626
1749261370,0.26720000,41527.00000000,0.2626
1749261370,0.26730000,4345.00000000,0.2626
1749261370,0.26740000,2952.00000000,0.2626
1749261370,0.26750000,466.00000000,0.2626
1749261370,0.26760000,1643.00000000,0.2626
1749261370,0.26770000,321.00000000,0.2626
1749261370,0.26780000,1555.00000000,0.2626
1749261370,0.26790000,3902.00000000,0.2626
1749261370,0.26800000,579.00000000,0.2626
1749261370,0.26810000,3204.00000000,0.2626
1749261370,0.26820000,1109.00000000,0.2626
1749261370,0.26830000,39.00000000,0.2626
1749261370,0.26840000,1530.00000000,0.2626
1749261370,0.26850000,4378.00000000,0.2626
1749261370,0.26860000,67.00000000,0.2626
1749261370,0.26870000,42208.00000000,0.2626
1749261370,0.26880000,1811.00000000,0.2626
1749261370,0.26890000,132.00000000,0.2626
1749261370,0.26900000,2702.00000000,0.2626
1749261370,0.26910000,3998.00000000,0.2626
1749261370,0.26920000,1033.00000000,0.2626
1749261370,0.26930000,2737.00000000,0.2626
1749261370,0.26940000,126.00000000,0.2626
1749261370,0.26950000,163.00000000,0.2626
1749261370,0.26960000,2022.00000000,0.2626
1749261370,0.26970000,103.00000000,0.2626
1749261370,0.26980000,244.00000000,0.2626
1749261370,0.26990000,38182.00000000,0.2626
1749261370,0.27000000,25712.00000000,0.2626
1749261370,0.27010000,4121.00000000,0.2626
1749261370,0.27020000,39.00000000,0.2626
1749261370,0.27030000,115.00000000,0.2626
1749261370,0.27040000,275.00000000,0.2626
1749261370,0.27050000,104.00000000,0.2626
1749261370,0.27060000,63.00000000,0.2626
1749261370,0.27080000,166.00000000,0.2626
1749261370,0.27090000,336.00000000,0.2626
1749261370,0.27100000,69.00000000,0.2626
1749261370,0.27110000,102.00000000,0.2626
1749261370,0.27120000,1843.00000000,0.2626
1749261370,0.27130000,1300.00000000,0.2626
1749261370,0.27140000,560.00000000,0.2626
1749261370,0.27150000,268.00000000,0.2626
1749261370,0.27160000,242.00000000,0.2626
1749261370,0.27170000,130.00000000,0.2626
1749261370,0.27180000,103.00000000,0.2626
1749261370,0.27190000,1425.00000000,0.2626
1749261370,0.27200000,409.00000000,0.2626
1749261370,0.27210000,88.00000000,0.2626
1749261370,0.27220000,742.00000000,0.2626
1749261370,0.27240000,223.00000000,0.2626
1749261370,0.27250000,27.00000000,0.2626
1749261370,0.27270000,1268.00000000,0.2626
1749261370,0.27290000,1346.00000000,0.2626
1749261370,0.27300000,612.00000000,0.2626
1749261672,0.26260000,31082.00000000,0.2626
1749261672,0.26270000,72899.00000000,0.2626
1749261672,0.26280000,98623.00000000,0.2626
1749261672,0.26290000,126373.00000000,0.2626
1749261672,0.26300000,93403.00000000,0.2626
1749261672,0.26310000,92860.00000000,0.2626
1749261672,0.26320000,143807.00000000,0.2626
1749261672,0.26330000,12973.00000000,0.2626
1749261672,0.26340000,241098.00000000,0.2626
1749261672,0.26350000,13456.00000000,0.2626
1749261672,0.26360000,231977.00000000,0.2626
1749261672,0.26370000,10714.00000000,0.2626
1749261672,0.26380000,23658.00000000,0.2626
1749261672,0.26390000,276103.00000000,0.2626
1749261672,0.26400000,4296.00000000,0.2626
1749261672,0.26410000,8931.00000000,0.2626
1749261672,0.26420000,17394.00000000,0.2626
1749261672,0.26430000,5756.00000000,0.2626
1749261672,0.26440000,4576.00000000,0.2626
1749261672,0.26450000,49060.00000000,0.2626
1749261672,0.26460000,7274.00000000,0.2626
1749261672,0.26470000,75666.00000000,0.2626
1749261672,0.26480000,16871.00000000,0.2626
1749261672,0.26490000,9572.00000000,0.2626
1749261672,0.26500000,4749.00000000,0.2626
1749261672,0.26510000,5784.00000000,0.2626
1749261672,0.26520000,7734.00000000,0.2626
1749261672,0.26530000,3947.00000000,0.2626
1749261672,0.26540000,6092.00000000,0.2626
1749261672,0.26550000,14988.00000000,0.2626
1749261672,0.26560000,6251.00000000,0.2626
1749261672,0.26570000,12528.00000000,0.2626
1749261672,0.26580000,7664.00000000,0.2626
1749261672,0.26590000,3890.00000000,0.2626
1749261672,0.26600000,48103.00000000,0.2626
1749261672,0.26610000,7763.00000000,0.2626
1749261672,0.26620000,394.00000000,0.2626
1749261672,0.26630000,5831.00000000,0.2626
1749261672,0.26640000,11821.00000000,0.2626
1749261672,0.26650000,7627.00000000,0.2626
1749261672,0.26660000,39.00000000,0.2626
1749261672,0.26670000,4224.00000000,0.2626
1749261672,0.26680000,2089.00000000,0.2626
1749261672,0.26690000,2437.00000000,0.2626
1749261672,0.26700000,7613.00000000,0.2626
1749261672,0.26710000,786.00000000,0.2626
1749261672,0.26720000,41527.00000000,0.2626
1749261672,0.26730000,4345.00000000,0.2626
1749261672,0.26740000,2952.00000000,0.2626
1749261672,0.26750000,466.00000000,0.2626
1749261672,0.26760000,1643.00000000,0.2626
1749261672,0.26770000,321.00000000,0.2626
1749261672,0.26780000,1555.00000000,0.2626
1749261672,0.26790000,3902.00000000,0.2626
1749261672,0.26800000,579.00000000,0.2626
1749261672,0.26810000,3204.00000000,0.2626
1749261672,0.26820000,1109.00000000,0.2626
1749261672,0.26830000,39.00000000,0.2626
1749261672,0.26840000,1530.00000000,0.2626
1749261672,0.26850000,4378.00000000,0.2626
1749261672,0.26860000,67.00000000,0.2626
1749261672,0.26870000,42208.00000000,0.2626
1749261672,0.26880000,1811.00000000,0.2626
1749261672,0.26890000,132.00000000,0.2626
1749261672,0.26900000,2702.00000000,0.2626
1749261672,0.26910000,3998.00000000,0.2626
1749261672,0.26920000,39.00000000,0.2626
1749261672,0.26930000,3731.00000000,0.2626
1749261672,0.26940000,126.00000000,0.2626
1749261672,0.26950000,163.00000000,0.2626
1749261672,0.26960000,2022.00000000,0.2626
1749261672,0.26970000,103.00000000,0.2626
1749261672,0.26980000,244.00000000,0.2626
1749261672,0.26990000,38182.00000000,0.2626
1749261672,0.27000000,25712.00000000,0.2626
1749261672,0.27010000,4121.00000000,0.2626
1749261672,0.27030000,115.00000000,0.2626
1749261672,0.27040000,275.00000000,0.2626
1749261672,0.27050000,104.00000000,0.2626
1749261672,0.27060000,63.00000000,0.2626
1749261672,0.27080000,166.00000000,0.2626
1749261672,0.27090000,336.00000000,0.2626
1749261672,0.27100000,69.00000000,0.2626
1749261672,0.27110000,102.00000000,0.2626
1749261672,0.27120000,1843.00000000,0.2626
1749261672,0.27130000,1300.00000000,0.2626
1749261672,0.27140000,560.00000000,0.2626
1749261672,0.27150000,268.00000000,0.2626
1749261672,0.27160000,242.00000000,0.2626
1749261672,0.27170000,130.00000000,0.2626
1749261672,0.27180000,103.00000000,0.2626
1749261672,0.27190000,1425.00000000,0.2626
1749261672,0.27200000,409.00000000,0.2626
1749261672,0.27210000,88.00000000,0.2626
1749261672,0.27220000,742.00000000,0.2626
1749261672,0.27240000,223.00000000,0.2626
1749261672,0.27250000,27.00000000,0.2626
1749261672,0.27270000,1268.00000000,0.2626
1749261672,0.27290000,1346.00000000,0.2626
1749261672,0.27300000,612.00000000,0.2626
1749261979,0.26230000,30121.00000000,0.2623
1749261979,0.26240000,60770.00000000,0.2623
1749261979,0.26250000,79733.00000000,0.2623
1749261979,0.26260000,134600.00000000,0.2623
1749261979,0.26270000,128307.00000000,0.2623
1749261979,0.26280000,165041.00000000,0.2623
1749261979,0.26290000,30766.00000000,0.2623
1749261979,0.26300000,67659.00000000,0.2623
1749261979,0.26310000,246935.00000000,0.2623
1749261979,0.26320000,16803.00000000,0.2623
1749261979,0.26330000,230373.00000000,0.2623
1749261979,0.26340000,23875.00000000,0.2623
1749261979,0.26350000,6210.00000000,0.2623
1749261979,0.26360000,17602.00000000,0.2623
1749261979,0.26370000,6597.00000000,0.2623
1749261979,0.26380000,4974.00000000,0.2623
1749261979,0.26390000,271986.00000000,0.2623
1749261979,0.26400000,3915.00000000,0.2623
1749261979,0.26410000,8550.00000000,0.2623
1749261979,0.26420000,17394.00000000,0.2623
1749261979,0.26430000,5756.00000000,0.2623
1749261979,0.26440000,4576.00000000,0.2623
1749261979,0.26450000,49060.00000000,0.2623
1749261979,0.26460000,7274.00000000,0.2623
1749261979,0.26470000,75666.00000000,0.2623
1749261979,0.26480000,16871.00000000,0.2623
1749261979,0.26490000,9572.00000000,0.2623
1749261979,0.26500000,10247.00000000,0.2623
1749261979,0.26510000,5784.00000000,0.2623
1749261979,0.26520000,7734.00000000,0.2623
1749261979,0.26530000,3947.00000000,0.2623
1749261979,0.26540000,6092.00000000,0.2623
1749261979,0.26550000,14988.00000000,0.2623
1749261979,0.26560000,6251.00000000,0.2623
1749261979,0.26570000,10810.00000000,0.2623
1749261979,0.26580000,7664.00000000,0.2623
1749261979,0.26590000,3890.00000000,0.2623
1749261979,0.26600000,48103.00000000,0.2623
1749261979,0.26610000,7763.00000000,0.2623
1749261979,0.26620000,394.00000000,0.2623
1749261979,0.26630000,5831.00000000,0.2623
1749261979,0.26640000,8041.00000000,0.2623
1749261979,0.26650000,7627.00000000,0.2623
1749261979,0.26660000,39.00000000,0.2623
1749261979,0.26670000,4224.00000000,0.2623
1749261979,0.26680000,2089.00000000,0.2623
1749261979,0.26690000,2437.00000000,0.2623
1749261979,0.26700000,7613.00000000,0.2623
1749261979,0.26710000,786.00000000,0.2623
1749261979,0.26720000,41527.00000000,0.2623
1749261979,0.26730000,4345.00000000,0.2623
1749261979,0.26740000,2952.00000000,0.2623
1749261979,0.26750000,466.00000000,0.2623
1749261979,0.26760000,1643.00000000,0.2623
1749261979,0.26770000,321.00000000,0.2623
1749261979,0.26780000,1555.00000000,0.2623
1749261979,0.26790000,3902.00000000,0.2623
1749261979,0.26800000,579.00000000,0.2623
1749261979,0.26810000,3204.00000000,0.2623
1749261979,0.26820000,1109.00000000,0.2623
1749261979,0.26830000,39.00000000,0.2623
1749261979,0.26840000,1530.00000000,0.2623
1749261979,0.26850000,4378.00000000,0.2623
1749261979,0.26860000,67.00000000,0.2623
1749261979,0.26870000,42208.00000000,0.2623
1749261979,0.26880000,1811.00000000,0.2623
1749261979,0.26890000,132.00000000,0.2623
1749261979,0.26900000,2702.00000000,0.2623
1749261979,0.26910000,4992.00000000,0.2623
1749261979,0.26920000,39.00000000,0.2623
1749261979,0.26930000,2737.00000000,0.2623
1749261979,0.26940000,126.00000000,0.2623
1749261979,0.26950000,163.00000000,0.2623
1749261979,0.26960000,2022.00000000,0.2623
1749261979,0.26970000,103.00000000,0.2623
1749261979,0.26980000,244.00000000,0.2623
1749261979,0.26990000,38143.00000000,0.2623
1749261979,0.27000000,25673.00000000,0.2623
1749261979,0.27010000,4082.00000000,0.2623
1749261979,0.27030000,115.00000000,0.2623
1749261979,0.27040000,275.00000000,0.2623
1749261979,0.27050000,104.00000000,0.2623
1749261979,0.27060000,63.00000000,0.2623
1749261979,0.27080000,166.00000000,0.2623
1749261979,0.27090000,336.00000000,0.2623
1749261979,0.27100000,69.00000000,0.2623
1749261979,0.27110000,102.00000000,0.2623
1749261979,0.27120000,1843.00000000,0.2623
1749261979,0.27130000,1300.00000000,0.2623
1749261979,0.27140000,560.00000000,0.2623
1749261979,0.27150000,268.00000000,0.2623
1749261979,0.27160000,242.00000000,0.2623
1749261979,0.27170000,130.00000000,0.2623
1749261979,0.27180000,103.00000000,0.2623
1749261979,0.27190000,1425.00000000,0.2623
1749261979,0.27200000,409.00000000,0.2623
1749261979,0.27210000,88.00000000,0.2623
1749261979,0.27220000,742.00000000,0.2623
1749261979,0.27240000,223.00000000,0.2623
1749261979,0.27250000,27.00000000,0.2623
1749262280,0.26260000,1543.00000000,0.2625
1749262280,0.26270000,73262.00000000,0.2625
1749262280,0.26280000,126667.00000000,0.2625
1749262280,0.26290000,98177.00000000,0.2625
1749262280,0.26300000,281154.00000000,0.2625
1749262280,0.26310000,196677.00000000,0.2625
1749262280,0.26320000,25726.00000000,0.2625
1749262280,0.26330000,227348.00000000,0.2625
1749262280,0.26340000,79616.00000000,0.2625
1749262280,0.26350000,13430.00000000,0.2625
1749262280,0.26360000,36303.00000000,0.2625
1749262280,0.26370000,6553.00000000,0.2625
1749262280,0.26380000,4974.00000000,0.2625
1749262280,0.26390000,271964.00000000,0.2625
1749262280,0.26400000,4296.00000000,0.2625
1749262280,0.26410000,8909.00000000,0.2625
1749262280,0.26420000,17774.00000000,0.2625
1749262280,0.26430000,47205.00000000,0.2625
1749262280,0.26440000,4554.00000000,0.2625
1749262280,0.26450000,7664.00000000,0.2625
1749262280,0.26460000,7274.00000000,0.2625
1749262280,0.26470000,75666.00000000,0.2625
1749262280,0.26480000,16849.00000000,0.2625
1749262280,0.26490000,9572.00000000,0.2625
1749262280,0.26500000,10247.00000000,0.2625
1749262280,0.26510000,5784.00000000,0.2625
1749262280,0.26520000,7712.00000000,0.2625
1749262280,0.26530000,3947.00000000,0.2625
1749262280,0.26540000,6092.00000000,0.2625
1749262280,0.26550000,14988.00000000,0.2625
1749262280,0.26560000,6251.00000000,0.2625
1749262280,0.26570000,10788.00000000,0.2625
1749262280,0.26580000,7664.00000000,0.2625
1749262280,0.26590000,3890.00000000,0.2625
1749262280,0.26600000,48103.00000000,0.2625
1749262280,0.26610000,7763.00000000,0.2625
1749262280,0.26620000,41547.00000000,0.2625
1749262280,0.26630000,5831.00000000,0.2625
1749262280,0.26640000,8041.00000000,0.2625
1749262280,0.26650000,7627.00000000,0.2625
1749262280,0.26660000,39.00000000,0.2625
1749262280,0.26670000,4224.00000000,0.2625
1749262280,0.26680000,2089.00000000,0.2625
1749262280,0.26690000,2437.00000000,0.2625
1749262280,0.26700000,7613.00000000,0.2625
1749262280,0.26710000,786.00000000,0.2625
1749262280,0.26720000,538.00000000,0.2625
1749262280,0.26730000,4345.00000000,0.2625
1749262280,0.26740000,2952.00000000,0.2625
1749262280,0.26750000,466.00000000,0.2625
1749262280,0.26760000,1643.00000000,0.2625
1749262280,0.26770000,321.00000000,0.2625
1749262280,0.26780000,1555.00000000,0.2625
1749262280,0.26790000,3902.00000000,0.2625
1749262280,0.26800000,579.00000000,0.2625
1749262280,0.26810000,3204.00000000,0.2625
1749262280,0.26820000,41956.00000000,0.2625
1749262280,0.26830000,39.00000000,0.2625
1749262280,0.26840000,1530.00000000,0.2625
1749262280,0.26850000,4378.00000000,0.2625
1749262280,0.26860000,67.00000000,0.2625
1749262280,0.26870000,1453.00000000,0.2625
1749262280,0.26880000,1811.00000000,0.2625
1749262280,0.26890000,132.00000000,0.2625
1749262280,0.26900000,3696.00000000,0.2625
1749262280,0.26910000,3998.00000000,0.2625
1749262280,0.26920000,39.00000000,0.2625
1749262280,0.26930000,2737.00000000,0.2625
1749262280,0.26940000,126.00000000,0.2625
1749262280,0.26950000,163.00000000,0.2625
1749262280,0.26960000,2022.00000000,0.2625
1749262280,0.26970000,103.00000000,0.2625
1749262280,0.26980000,244.00000000,0.2625
1749262280,0.26990000,38182.00000000,0.2625
1749262280,0.27000000,25712.00000000,0.2625
1749262280,0.27010000,4121.00000000,0.2625
1749262280,0.27030000,115.00000000,0.2625
1749262280,0.27040000,275.00000000,0.2625
1749262280,0.27050000,104.00000000,0.2625
1749262280,0.27060000,63.00000000,0.2625
1749262280,0.27080000,166.00000000,0.2625
1749262280,0.27090000,336.00000000,0.2625
1749262280,0.27100000,69.00000000,0.2625
1749262280,0.27110000,102.00000000,0.2625
1749262280,0.27120000,1843.00000000,0.2625
1749262280,0.27130000,1300.00000000,0.2625
1749262280,0.27140000,560.00000000,0.2625
1749262280,0.27150000,268.00000000,0.2625
1749262280,0.27160000,242.00000000,0.2625
1749262280,0.27170000,130.00000000,0.2625
1749262280,0.27180000,103.00000000,0.2625
1749262280,0.27190000,1425.00000000,0.2625
1749262280,0.27200000,409.00000000,0.2625
1749262280,0.27210000,88.00000000,0.2625
1749262280,0.27220000,742.00000000,0.2625
1749262280,0.27240000,223.00000000,0.2625
1749262280,0.27250000,27.00000000,0.2625
1749262280,0.27270000,1268.00000000,0.2625
1749262280,0.27290000,1346.00000000,0.2625
1749262280,0.27300000,612.00000000,0.2625
1749262581,0.26290000,17570.00000000,0.2628
1749262581,0.26300000,62291.00000000,0.2628
1749262581,0.26310000,63070.00000000,0.2628
1749262581,0.26320000,108677.00000000,0.2628
1749262581,0.26330000,152374.00000000,0.2628
1749262581,0.26340000,283226.00000000,0.2628
1749262581,0.26350000,17611.00000000,0.2628
1749262581,0.26360000,18971.00000000,0.2628
1749262581,0.26370000,301161.00000000,0.2628
1749262581,0.26380000,4995.00000000,0.2628
1749262581,0.26390000,276081.00000000,0.2628
1749262581,0.26400000,22960.00000000,0.2628
1749262581,0.26410000,8909.00000000,0.2628
1749262581,0.26420000,10194.00000000,0.2628
1749262581,0.26430000,47205.00000000,0.2628
1749262581,0.26440000,4934.00000000,0.2628
1749262581,0.26450000,15406.00000000,0.2628
1749262581,0.26460000,7274.00000000,0.2628
1749262581,0.26470000,75666.00000000,0.2628
1749262581,0.26480000,16849.00000000,0.2628
1749262581,0.26490000,9572.00000000,0.2628
1749262581,0.26500000,10247.00000000,0.2628
1749262581,0.26510000,5784.00000000,0.2628
1749262581,0.26520000,7712.00000000,0.2628
1749262581,0.26530000,3947.00000000,0.2628
1749262581,0.26540000,6092.00000000,0.2628
1749262581,0.26550000,14988.00000000,0.2628
1749262581,0.26560000,6251.00000000,0.2628
1749262581,0.26570000,7008.00000000,0.2628
1749262581,0.26580000,7664.00000000,0.2628
1749262581,0.26590000,3890.00000000,0.2628
1749262581,0.26600000,23103.00000000,0.2628
1749262581,0.26610000,7763.00000000,0.2628
1749262581,0.26620000,45327.00000000,0.2628
1749262581,0.26630000,30831.00000000,0.2628
1749262581,0.26640000,11821.00000000,0.2628
1749262581,0.26650000,7627.00000000,0.2628
1749262581,0.26660000,39.00000000,0.2628
1749262581,0.26670000,4224.00000000,0.2628
1749262581,0.26680000,2089.00000000,0.2628
1749262581,0.26690000,2437.00000000,0.2628
1749262581,0.26700000,7613.00000000,0.2628
1749262581,0.26710000,786.00000000,0.2628
1749262581,0.26720000,538.00000000,0.2628
1749262581,0.26730000,4345.00000000,0.2628
1749262581,0.26740000,2952.00000000,0.2628
1749262581,0.26750000,466.00000000,0.2628
1749262581,0.26760000,1643.00000000,0.2628
1749262581,0.26770000,321.00000000,0.2628
1749262581,0.26780000,1555.00000000,0.2628
1749262581,0.26790000,3902.00000000,0.2628
1749262581,0.26800000,579.00000000,0.2628
1749262581,0.26810000,3204.00000000,0.2628
1749262581,0.26820000,41956.00000000,0.2628
1749262581,0.26830000,39.00000000,0.2628
1749262581,0.26840000,1530.00000000,0.2628
1749262581,0.26850000,4378.00000000,0.2628
1749262581,0.26860000,67.00000000,0.2628
1749262581,0.26870000,1453.00000000,0.2628
1749262581,0.26880000,1811.00000000,0.2628
1749262581,0.26890000,132.00000000,0.2628
1749262581,0.26900000,2702.00000000,0.2628
1749262581,0.26910000,3998.00000000,0.2628
1749262581,0.26920000,39.00000000,0.2628
1749262581,0.26930000,2737.00000000,0.2628
1749262581,0.26940000,1120.00000000,0.2628
1749262581,0.26950000,163.00000000,0.2628
1749262581,0.26960000,2022.00000000,0.2628
1749262581,0.26970000,103.00000000,0.2628
1749262581,0.26980000,244.00000000,0.2628
1749262581,0.26990000,38182.00000000,0.2628
1749262581,0.27000000,25712.00000000,0.2628
1749262581,0.27010000,4121.00000000,0.2628
1749262581,0.27020000,39.00000000,0.2628
1749262581,0.27030000,154.00000000,0.2628
1749262581,0.27040000,314.00000000,0.2628
1749262581,0.27050000,104.00000000,0.2628
1749262581,0.27060000,63.00000000,0.2628
1749262581,0.27080000,166.00000000,0.2628
1749262581,0.27090000,336.00000000,0.2628
1749262581,0.27100000,69.00000000,0.2628
1749262581,0.27110000,102.00000000,0.2628
1749262581,0.27120000,1843.00000000,0.2628
1749262581,0.27130000,1300.00000000,0.2628
1749262581,0.27140000,560.00000000,0.2628
1749262581,0.27150000,268.00000000,0.2628
1749262581,0.27160000,242.00000000,0.2628
1749262581,0.27170000,130.00000000,0.2628
1749262581,0.27180000,103.00000000,0.2628
1749262581,0.27190000,1425.00000000,0.2628
1749262581,0.27200000,409.00000000,0.2628
1749262581,0.27210000,88.00000000,0.2628
1749262581,0.27220000,742.00000000,0.2628
1749262581,0.27240000,223.00000000,0.2628
1749262581,0.27250000,48.00000000,0.2628
1749262581,0.27270000,1268.00000000,0.2628
1749262581,0.27290000,1346.00000000,0.2628
1749262581,0.27300000,612.00000000,0.2628
1749262581,0.27310000,18558.00000000,0.2628
1749262581,0.27330000,168.00000000,0.2628
1749262887,0.26290000,21313.00000000,0.2628
1749262887,0.26300000,69411.00000000,0.2628
1749262887,0.26310000,104578.00000000,0.2628
1749262887,0.26320000,138045.00000000,0.2628
1749262887,0.26330000,133254.00000000,0.2628
1749262887,0.26340000,116459.00000000,0.2628
1749262887,0.26350000,183393.00000000,0.2628
1749262887,0.26360000,18971.00000000,0.2628
1749262887,0.26370000,296364.00000000,0.2628
1749262887,0.26380000,4971.00000000,0.2628
1749262887,0.26390000,14147.00000000,0.2628
1749262887,0.26400000,308403.00000000,0.2628
1749262887,0.26410000,8885.00000000,0.2628
1749262887,0.26420000,10194.00000000,0.2628
1749262887,0.26430000,6136.00000000,0.2628
1749262887,0.26440000,4554.00000000,0.2628
1749262887,0.26450000,15406.00000000,0.2628
1749262887,0.26460000,7274.00000000,0.2628
1749262887,0.26470000,45388.00000000,0.2628
1749262887,0.26480000,76783.00000000,0.2628
1749262887,0.26490000,9572.00000000,0.2628
1749262887,0.26500000,10247.00000000,0.2628
1749262887,0.26510000,5784.00000000,0.2628
1749262887,0.26520000,7712.00000000,0.2628
1749262887,0.26530000,3947.00000000,0.2628
1749262887,0.26540000,6092.00000000,0.2628
1749262887,0.26550000,14988.00000000,0.2628
1749262887,0.26560000,6251.00000000,0.2628
1749262887,0.26570000,7008.00000000,0.2628
1749262887,0.26580000,7664.00000000,0.2628
1749262887,0.26590000,3890.00000000,0.2628
1749262887,0.26600000,23103.00000000,0.2628
1749262887,0.26610000,7763.00000000,0.2628
1749262887,0.26620000,4174.00000000,0.2628
1749262887,0.26630000,30831.00000000,0.2628
1749262887,0.26640000,11821.00000000,0.2628
1749262887,0.26650000,11407.00000000,0.2628
1749262887,0.26660000,39.00000000,0.2628
1749262887,0.26670000,45295.00000000,0.2628
1749262887,0.26680000,2089.00000000,0.2628
1749262887,0.26690000,2437.00000000,0.2628
1749262887,0.26700000,7613.00000000,0.2628
1749262887,0.26710000,786.00000000,0.2628
1749262887,0.26720000,538.00000000,0.2628
1749262887,0.26730000,4345.00000000,0.2628
1749262887,0.26740000,2952.00000000,0.2628
1749262887,0.26750000,466.00000000,0.2628
1749262887,0.26760000,1643.00000000,0.2628
1749262887,0.26770000,321.00000000,0.2628
1749262887,0.26780000,1555.00000000,0.2628
1749262887,0.26790000,3902.00000000,0.2628
1749262887,0.26800000,579.00000000,0.2628
1749262887,0.26810000,3204.00000000,0.2628
1749262887,0.26820000,1109.00000000,0.2628
1749262887,0.26830000,39.00000000,0.2628
1749262887,0.26840000,1530.00000000,0.2628
1749262887,0.26850000,4378.00000000,0.2628
1749262887,0.26860000,67.00000000,0.2628
1749262887,0.26870000,42219.00000000,0.2628
1749262887,0.26880000,1811.00000000,0.2628
1749262887,0.26890000,132.00000000,0.2628
1749262887,0.26900000,2702.00000000,0.2628
1749262887,0.26910000,3998.00000000,0.2628
1749262887,0.26920000,39.00000000,0.2628
1749262887,0.26930000,2737.00000000,0.2628
1749262887,0.26940000,126.00000000,0.2628
1749262887,0.26950000,163.00000000,0.2628
1749262887,0.26960000,3016.00000000,0.2628
1749262887,0.26970000,103.00000000,0.2628
1749262887,0.26980000,244.00000000,0.2628
1749262887,0.26990000,38182.00000000,0.2628
1749262887,0.27000000,25712.00000000,0.2628
1749262887,0.27010000,4121.00000000,0.2628
1749262887,0.27020000,39.00000000,0.2628
1749262887,0.27030000,154.00000000,0.2628
1749262887,0.27040000,314.00000000,0.2628
1749262887,0.27050000,104.00000000,0.2628
1749262887,0.27060000,63.00000000,0.2628
1749262887,0.27080000,166.00000000,0.2628
1749262887,0.27090000,336.00000000,0.2628
1749262887,0.27100000,69.00000000,0.2628
1749262887,0.27110000,102.00000000,0.2628
1749262887,0.27120000,1843.00000000,0.2628
1749262887,0.27130000,1300.00000000,0.2628
1749262887,0.27140000,560.00000000,0.2628
1749262887,0.27150000,268.00000000,0.2628
1749262887,0.27160000,242.00000000,0.2628
1749262887,0.27170000,130.00000000,0.2628
1749262887,0.27180000,103.00000000,0.2628
1749262887,0.27190000,1425.00000000,0.2628
1749262887,0.27200000,409.00000000,0.2628
1749262887,0.27210000,88.00000000,0.2628
1749262887,0.27220000,742.00000000,0.2628
1749262887,0.27240000,223.00000000,0.2628
1749262887,0.27250000,48.00000000,0.2628
1749262887,0.27270000,1268.00000000,0.2628
1749262887,0.27290000,1346.00000000,0.2628
1749262887,0.27300000,612.00000000,0.2628
1749262887,0.27310000,18558.00000000,0.2628
1749262887,0.27330000,168.00000000,0.2628
1749263189,0.26330000,23367.00000000,0.2632
1749263189,0.26340000,63084.00000000,0.2632
1749263189,0.26350000,57833.00000000,0.2632
1749263189,0.26360000,140848.00000000,0.2632
1749263189,0.26370000,149991.00000000,0.2632
1749263189,0.26380000,71273.00000000,0.2632
1749263189,0.26390000,187216.00000000,0.2632
1749263189,0.26400000,14152.00000000,0.2632
1749263189,0.26410000,298498.00000000,0.2632
1749263189,0.26420000,10215.00000000,0.2632
1749263189,0.26430000,10325.00000000,0.2632
1749263189,0.26440000,299123.00000000,0.2632
1749263189,0.26450000,8044.00000000,0.2632
1749263189,0.26460000,5756.00000000,0.2632
1749263189,0.26470000,45330.00000000,0.2632
1749263189,0.26480000,84407.00000000,0.2632
1749263189,0.26490000,9572.00000000,0.2632
1749263189,0.26500000,10247.00000000,0.2632
1749263189,0.26510000,5784.00000000,0.2632
1749263189,0.26520000,7712.00000000,0.2632
1749263189,0.26530000,3889.00000000,0.2632
1749263189,0.26540000,7610.00000000,0.2632
1749263189,0.26550000,8047.00000000,0.2632
1749263189,0.26560000,6251.00000000,0.2632
1749263189,0.26570000,7008.00000000,0.2632
1749263189,0.26580000,7664.00000000,0.2632
1749263189,0.26590000,3890.00000000,0.2632
1749263189,0.26600000,23103.00000000,0.2632
1749263189,0.26610000,7705.00000000,0.2632
1749263189,0.26620000,4174.00000000,0.2632
1749263189,0.26630000,5831.00000000,0.2632
1749263189,0.26640000,18762.00000000,0.2632
1749263189,0.26650000,11407.00000000,0.2632
1749263189,0.26660000,39.00000000,0.2632
1749263189,0.26670000,70295.00000000,0.2632
1749263189,0.26680000,2089.00000000,0.2632
1749263189,0.26690000,2263.00000000,0.2632
1749263189,0.26700000,7613.00000000,0.2632
1749263189,0.26710000,786.00000000,0.2632
1749263189,0.26720000,559.00000000,0.2632
1749263189,0.26730000,4345.00000000,0.2632
1749263189,0.26740000,2952.00000000,0.2632
1749263189,0.26750000,466.00000000,0.2632
1749263189,0.26760000,1643.00000000,0.2632
1749263189,0.26770000,321.00000000,0.2632
1749263189,0.26780000,1555.00000000,0.2632
1749263189,0.26790000,3902.00000000,0.2632
1749263189,0.26800000,579.00000000,0.2632
1749263189,0.26810000,3204.00000000,0.2632
1749263189,0.26820000,1109.00000000,0.2632
1749263189,0.26830000,39.00000000,0.2632
1749263189,0.26840000,1530.00000000,0.2632
1749263189,0.26850000,4378.00000000,0.2632
1749263189,0.26860000,67.00000000,0.2632
1749263189,0.26870000,42219.00000000,0.2632
1749263189,0.26880000,1811.00000000,0.2632
1749263189,0.26890000,132.00000000,0.2632
1749263189,0.26900000,2702.00000000,0.2632
1749263189,0.26910000,3998.00000000,0.2632
1749263189,0.26920000,39.00000000,0.2632
1749263189,0.26930000,2737.00000000,0.2632
1749263189,0.26940000,126.00000000,0.2632
1749263189,0.26950000,163.00000000,0.2632
1749263189,0.26960000,2022.00000000,0.2632
1749263189,0.26970000,1097.00000000,0.2632
1749263189,0.26980000,244.00000000,0.2632
1749263189,0.26990000,38182.00000000,0.2632
1749263189,0.27000000,25712.00000000,0.2632
1749263189,0.27010000,4121.00000000,0.2632
1749263189,0.27020000,39.00000000,0.2632
1749263189,0.27030000,154.00000000,0.2632
1749263189,0.27040000,314.00000000,0.2632
1749263189,0.27050000,143.00000000,0.2632
1749263189,0.27060000,102.00000000,0.2632
1749263189,0.27070000,39.00000000,0.2632
1749263189,0.27080000,205.00000000,0.2632
1749263189,0.27090000,336.00000000,0.2632
1749263189,0.27100000,69.00000000,0.2632
1749263189,0.27110000,102.00000000,0.2632
1749263189,0.27120000,1843.00000000,0.2632
1749263189,0.27130000,1300.00000000,0.2632
1749263189,0.27140000,560.00000000,0.2632
1749263189,0.27150000,268.00000000,0.2632
1749263189,0.27160000,242.00000000,0.2632
1749263189,0.27170000,130.00000000,0.2632
1749263189,0.27180000,103.00000000,0.2632
1749263189,0.27190000,1425.00000000,0.2632
1749263189,0.27200000,409.00000000,0.2632
1749263189,0.27210000,88.00000000,0.2632
1749263189,0.27220000,742.00000000,0.2632
1749263189,0.27240000,223.00000000,0.2632
1749263189,0.27250000,48.00000000,0.2632
1749263189,0.27270000,1268.00000000,0.2632
1749263189,0.27290000,1346.00000000,0.2632
1749263189,0.27300000,612.00000000,0.2632
1749263189,0.27310000,18558.00000000,0.2632
1749263189,0.27330000,168.00000000,0.2632
1749263189,0.27340000,155.00000000,0.2632
1749263189,0.27350000,370.00000000,0.2632
1749263189,0.27360000,321.00000000,0.2632
1749263496,0.26320000,15338.00000000,0.2631
1749263496,0.26330000,35518.00000000,0.2631
1749263496,0.26340000,60025.00000000,0.2631
1749263496,0.26350000,104528.00000000,0.2631
1749263496,0.26360000,146755.00000000,0.2631
1749263496,0.26370000,117316.00000000,0.2631
1749263496,0.26380000,99999.00000000,0.2631
1749263496,0.26390000,180902.00000000,0.2631
1749263496,0.26400000,15307.00000000,0.2631
1749263496,0.26410000,308223.00000000,0.2631
1749263496,0.26420000,8094.00000000,0.2631
1749263496,0.26430000,9263.00000000,0.2631
1749263496,0.26440000,300101.00000000,0.2631
1749263496,0.26450000,8044.00000000,0.2631
1749263496,0.26460000,6135.00000000,0.2631
1749263496,0.26470000,45306.00000000,0.2631
1749263496,0.26480000,71655.00000000,0.2631
1749263496,0.26490000,13013.00000000,0.2631
1749263496,0.26500000,6870.00000000,0.2631
1749263496,0.26510000,5784.00000000,0.2631
1749263496,0.26520000,7712.00000000,0.2631
1749263496,0.26530000,3889.00000000,0.2631
1749263496,0.26540000,20309.00000000,0.2631
1749263496,0.26550000,8047.00000000,0.2631
1749263496,0.26560000,6251.00000000,0.2631
1749263496,0.26570000,12506.00000000,0.2631
1749263496,0.26580000,7664.00000000,0.2631
1749263496,0.26590000,3890.00000000,0.2631
1749263496,0.26600000,8878.00000000,0.2631
1749263496,0.26610000,7705.00000000,0.2631
1749263496,0.26620000,4150.00000000,0.2631
1749263496,0.26630000,5831.00000000,0.2631
1749263496,0.26640000,18762.00000000,0.2631
1749263496,0.26650000,11407.00000000,0.2631
1749263496,0.26660000,14115.00000000,0.2631
1749263496,0.26670000,70295.00000000,0.2631
1749263496,0.26680000,2089.00000000,0.2631
1749263496,0.26690000,162.00000000,0.2631
1749263496,0.26700000,7613.00000000,0.2631
1749263496,0.26710000,762.00000000,0.2631
1749263496,0.26720000,559.00000000,0.2631
1749263496,0.26730000,4345.00000000,0.2631
1749263496,0.26740000,2952.00000000,0.2631
1749263496,0.26750000,466.00000000,0.2631
1749263496,0.26760000,3744.00000000,0.2631
1749263496,0.26770000,321.00000000,0.2631
1749263496,0.26780000,1555.00000000,0.2631
1749263496,0.26790000,3902.00000000,0.2631
1749263496,0.26800000,579.00000000,0.2631
1749263496,0.26810000,3204.00000000,0.2631
1749263496,0.26820000,1109.00000000,0.2631
1749263496,0.26830000,39.00000000,0.2631
1749263496,0.26840000,1530.00000000,0.2631
1749263496,0.26850000,4378.00000000,0.2631
1749263496,0.26860000,67.00000000,0.2631
1749263496,0.26870000,42219.00000000,0.2631
1749263496,0.26880000,1811.00000000,0.2631
1749263496,0.26890000,132.00000000,0.2631
1749263496,0.26900000,2702.00000000,0.2631
1749263496,0.26910000,3998.00000000,0.2631
1749263496,0.26920000,39.00000000,0.2631
1749263496,0.26930000,2737.00000000,0.2631
1749263496,0.26940000,126.00000000,0.2631
1749263496,0.26950000,163.00000000,0.2631
1749263496,0.26960000,2022.00000000,0.2631
1749263496,0.26970000,103.00000000,0.2631
1749263496,0.26980000,244.00000000,0.2631
1749263496,0.26990000,38182.00000000,0.2631
1749263496,0.27000000,26706.00000000,0.2631
1749263496,0.27010000,4121.00000000,0.2631
1749263496,0.27020000,39.00000000,0.2631
1749263496,0.27030000,154.00000000,0.2631
1749263496,0.27040000,314.00000000,0.2631
1749263496,0.27050000,143.00000000,0.2631
1749263496,0.27060000,102.00000000,0.2631
1749263496,0.27070000,39.00000000,0.2631
1749263496,0.27080000,166.00000000,0.2631
1749263496,0.27090000,336.00000000,0.2631
1749263496,0.27100000,69.00000000,0.2631
1749263496,0.27110000,102.00000000,0.2631
1749263496,0.27120000,1843.00000000,0.2631
1749263496,0.27130000,1300.00000000,0.2631
1749263496,0.27140000,560.00000000,0.2631
1749263496,0.27150000,268.00000000,0.2631
1749263496,0.27160000,242.00000000,0.2631
1749263496,0.27170000,130.00000000,0.2631
1749263496,0.27180000,103.00000000,0.2631
1749263496,0.27190000,1425.00000000,0.2631
1749263496,0.27200000,409.00000000,0.2631
1749263496,0.27210000,88.00000000,0.2631
1749263496,0.27220000,742.00000000,0.2631
1749263496,0.27240000,223.00000000,0.2631
1749263496,0.27250000,48.00000000,0.2631
1749263496,0.27270000,1268.00000000,0.2631
1749263496,0.27290000,1346.00000000,0.2631
1749263496,0.27300000,612.00000000,0.2631
1749263496,0.27310000,18558.00000000,0.2631
1749263496,0.27330000,168.00000000,0.2631
1749263496,0.27340000,155.00000000,0.2631
1749263496,0.27350000,370.00000000,0.2631
1749263802,0.26320000,4703.00000000,0.2632
1749263802,0.26330000,51668.00000000,0.2632
1749263802,0.26340000,109381.00000000,0.2632
1749263802,0.26350000,124026.00000000,0.2632
1749263802,0.26360000,74110.00000000,0.2632
1749263802,0.26370000,161924.00000000,0.2632
1749263802,0.26380000,61836.00000000,0.2632
1749263802,0.26390000,180902.00000000,0.2632
1749263802,0.26400000,14152.00000000,0.2632
1749263802,0.26410000,308255.00000000,0.2632
1749263802,0.26420000,8094.00000000,0.2632
1749263802,0.26430000,9263.00000000,0.2632
1749263802,0.26440000,300106.00000000,0.2632
1749263802,0.26450000,8044.00000000,0.2632
1749263802,0.26460000,7653.00000000,0.2632
1749263802,0.26470000,45306.00000000,0.2632
1749263802,0.26480000,71655.00000000,0.2632
1749263802,0.26490000,9572.00000000,0.2632
1749263802,0.26500000,6870.00000000,0.2632
1749263802,0.26510000,5784.00000000,0.2632
1749263802,0.26520000,7712.00000000,0.2632
1749263802,0.26530000,3889.00000000,0.2632
1749263802,0.26540000,18791.00000000,0.2632
1749263802,0.26550000,8047.00000000,0.2632
1749263802,0.26560000,6251.00000000,0.2632
1749263802,0.26570000,12506.00000000,0.2632
1749263802,0.26580000,7664.00000000,0.2632
1749263802,0.26590000,3890.00000000,0.2632
1749263802,0.26600000,8878.00000000,0.2632
1749263802,0.26610000,7705.00000000,0.2632
1749263802,0.26620000,4150.00000000,0.2632
1749263802,0.26630000,5808.00000000,0.2632
1749263802,0.26640000,18762.00000000,0.2632
1749263802,0.26650000,11407.00000000,0.2632
1749263802,0.26660000,14115.00000000,0.2632
1749263802,0.26670000,70295.00000000,0.2632
1749263802,0.26680000,2089.00000000,0.2632
1749263802,0.26690000,162.00000000,0.2632
1749263802,0.26700000,7613.00000000,0.2632
1749263802,0.26710000,762.00000000,0.2632
1749263802,0.26720000,559.00000000,0.2632
1749263802,0.26730000,4345.00000000,0.2632
1749263802,0.26740000,2952.00000000,0.2632
1749263802,0.26750000,466.00000000,0.2632
1749263802,0.26760000,3744.00000000,0.2632
1749263802,0.26770000,321.00000000,0.2632
1749263802,0.26780000,1555.00000000,0.2632
1749263802,0.26790000,3902.00000000,0.2632
1749263802,0.26800000,579.00000000,0.2632
1749263802,0.26810000,3204.00000000,0.2632
1749263802,0.26820000,1109.00000000,0.2632
1749263802,0.26830000,39.00000000,0.2632
1749263802,0.26840000,1530.00000000,0.2632
1749263802,0.26850000,4378.00000000,0.2632
1749263802,0.26860000,67.00000000,0.2632
1749263802,0.26870000,42197.00000000,0.2632
1749263802,0.26880000,1811.00000000,0.2632
1749263802,0.26890000,132.00000000,0.2632
1749263802,0.26900000,2702.00000000,0.2632
1749263802,0.26910000,3998.00000000,0.2632
1749263802,0.26920000,39.00000000,0.2632
1749263802,0.26930000,2737.00000000,0.2632
1749263802,0.26940000,126.00000000,0.2632
1749263802,0.26950000,163.00000000,0.2632
1749263802,0.26960000,1996.00000000,0.2632
1749263802,0.26970000,103.00000000,0.2632
1749263802,0.26980000,1238.00000000,0.2632
1749263802,0.26990000,38182.00000000,0.2632
1749263802,0.27000000,25712.00000000,0.2632
1749263802,0.27010000,4121.00000000,0.2632
1749263802,0.27020000,39.00000000,0.2632
1749263802,0.27030000,154.00000000,0.2632
1749263802,0.27040000,314.00000000,0.2632
1749263802,0.27050000,143.00000000,0.2632
1749263802,0.27060000,102.00000000,0.2632
1749263802,0.27070000,39.00000000,0.2632
1749263802,0.27080000,166.00000000,0.2632
1749263802,0.27090000,336.00000000,0.2632
1749263802,0.27100000,69.00000000,0.2632
1749263802,0.27110000,102.00000000,0.2632
1749263802,0.27120000,1843.00000000,0.2632
1749263802,0.27130000,1271.00000000,0.2632
1749263802,0.27140000,560.00000000,0.2632
1749263802,0.27150000,268.00000000,0.2632
1749263802,0.27160000,213.00000000,0.2632
1749263802,0.27170000,130.00000000,0.2632
1749263802,0.27180000,103.00000000,0.2632
1749263802,0.27190000,1425.00000000,0.2632
1749263802,0.27200000,409.00000000,0.2632
1749263802,0.27210000,88.00000000,0.2632
1749263802,0.27220000,742.00000000,0.2632
1749263802,0.27240000,223.00000000,0.2632
1749263802,0.27250000,48.00000000,0.2632
1749263802,0.27270000,1268.00000000,0.2632
1749263802,0.27290000,1346.00000000,0.2632
1749263802,0.27300000,612.00000000,0.2632
1749263802,0.27310000,18558.00000000,0.2632
1749263802,0.27330000,168.00000000,0.2632
1749263802,0.27340000,155.00000000,0.2632
1749263802,0.27350000,370.00000000,0.2632
1749264104,0.26320000,30552.00000000,0.2632
1749264104,0.26330000,60018.00000000,0.2632
1749264104,0.26340000,106534.00000000,0.2632
1749264104,0.26350000,142216.00000000,0.2632
1749264104,0.26360000,79517.00000000,0.2632
1749264104,0.26370000,153407.00000000,0.2632
1749264104,0.26380000,33381.00000000,0.2632
1749264104,0.26390000,179983.00000000,0.2632
1749264104,0.26400000,89948.00000000,0.2632
1749264104,0.26410000,232727.00000000,0.2632
1749264104,0.26420000,8094.00000000,0.2632
1749264104,0.26430000,6893.00000000,0.2632
1749264104,0.26440000,309645.00000000,0.2632
1749264104,0.26450000,8073.00000000,0.2632
1749264104,0.26460000,6135.00000000,0.2632
1749264104,0.26470000,45295.00000000,0.2632
1749264104,0.26480000,6671.00000000,0.2632
1749264104,0.26490000,9572.00000000,0.2632
1749264104,0.26500000,6870.00000000,0.2632
1749264104,0.26510000,13361.00000000,0.2632
1749264104,0.26520000,7712.00000000,0.2632
1749264104,0.26530000,5366.00000000,0.2632
1749264104,0.26540000,18791.00000000,0.2632
1749264104,0.26550000,67981.00000000,0.2632
1749264104,0.26560000,6251.00000000,0.2632
1749264104,0.26570000,12506.00000000,0.2632
1749264104,0.26580000,7664.00000000,0.2632
1749264104,0.26590000,3890.00000000,0.2632
1749264104,0.26600000,8878.00000000,0.2632
1749264104,0.26610000,7664.00000000,0.2632
1749264104,0.26620000,4150.00000000,0.2632
1749264104,0.26630000,5808.00000000,0.2632
1749264104,0.26640000,14982.00000000,0.2632
1749264104,0.26650000,7627.00000000,0.2632
1749264104,0.26660000,14115.00000000,0.2632
1749264104,0.26670000,45295.00000000,0.2632
1749264104,0.26680000,2089.00000000,0.2632
1749264104,0.26690000,39.00000000,0.2632
1749264104,0.26700000,32613.00000000,0.2632
1749264104,0.26710000,762.00000000,0.2632
1749264104,0.26720000,559.00000000,0.2632
1749264104,0.26730000,4345.00000000,0.2632
1749264104,0.26740000,2952.00000000,0.2632
1749264104,0.26750000,466.00000000,0.2632
1749264104,0.26760000,3744.00000000,0.2632
1749264104,0.26770000,321.00000000,0.2632
1749264104,0.26780000,1555.00000000,0.2632
1749264104,0.26790000,3902.00000000,0.2632
1749264104,0.26800000,579.00000000,0.2632
1749264104,0.26810000,3204.00000000,0.2632
1749264104,0.26820000,1109.00000000,0.2632
1749264104,0.26830000,39.00000000,0.2632
1749264104,0.26840000,1530.00000000,0.2632
1749264104,0.26850000,4378.00000000,0.2632
1749264104,0.26860000,67.00000000,0.2632
1749264104,0.26870000,42197.00000000,0.2632
1749264104,0.26880000,1811.00000000,0.2632
1749264104,0.26890000,132.00000000,0.2632
1749264104,0.26900000,2702.00000000,0.2632
1749264104,0.26910000,3998.00000000,0.2632
1749264104,0.26920000,39.00000000,0.2632
1749264104,0.26930000,2737.00000000,0.2632
1749264104,0.26940000,126.00000000,0.2632
1749264104,0.26950000,163.00000000,0.2632
1749264104,0.26960000,1996.00000000,0.2632
1749264104,0.26970000,103.00000000,0.2632
1749264104,0.26980000,244.00000000,0.2632
1749264104,0.26990000,37266.00000000,0.2632
1749264104,0.27000000,26706.00000000,0.2632
1749264104,0.27010000,447.00000000,0.2632
1749264104,0.27020000,39.00000000,0.2632
1749264104,0.27030000,154.00000000,0.2632
1749264104,0.27040000,314.00000000,0.2632
1749264104,0.27050000,143.00000000,0.2632
1749264104,0.27060000,1018.00000000,0.2632
1749264104,0.27070000,39.00000000,0.2632
1749264104,0.27080000,3840.00000000,0.2632
1749264104,0.27090000,336.00000000,0.2632
1749264104,0.27100000,69.00000000,0.2632
1749264104,0.27110000,102.00000000,0.2632
1749264104,0.27120000,1843.00000000,0.2632
1749264104,0.27130000,1271.00000000,0.2632
1749264104,0.27140000,560.00000000,0.2632
1749264104,0.27150000,268.00000000,0.2632
1749264104,0.27160000,213.00000000,0.2632
1749264104,0.27170000,130.00000000,0.2632
1749264104,0.27180000,103.00000000,0.2632
1749264104,0.27190000,1425.00000000,0.2632
1749264104,0.27200000,409.00000000,0.2632
1749264104,0.27210000,88.00000000,0.2632
1749264104,0.27220000,742.00000000,0.2632
1749264104,0.27240000,223.00000000,0.2632
1749264104,0.27250000,48.00000000,0.2632
1749264104,0.27270000,1268.00000000,0.2632
1749264104,0.27290000,1346.00000000,0.2632
1749264104,0.27300000,612.00000000,0.2632
1749264104,0.27310000,18558.00000000,0.2632
1749264104,0.27330000,168.00000000,0.2632
1749264104,0.27340000,155.00000000,0.2632
1749264104,0.27350000,370.00000000,0.2632
1749264410,0.26310000,26908.00000000,0.2631
1749264410,0.26320000,49637.00000000,0.2631
1749264410,0.26330000,80899.00000000,0.2631
1749264410,0.26340000,122820.00000000,0.2631
1749264410,0.26350000,197879.00000000,0.2631
1749264410,0.26360000,135474.00000000,0.2631
1749264410,0.26370000,17059.00000000,0.2631
1749264410,0.26380000,7534.00000000,0.2631
1749264410,0.26390000,184106.00000000,0.2631
1749264410,0.26400000,89981.00000000,0.2631
1749264410,0.26410000,228468.00000000,0.2631
1749264410,0.26420000,8073.00000000,0.2631
1749264410,0.26430000,25211.00000000,0.2631
1749264410,0.26440000,281489.00000000,0.2631
1749264410,0.26450000,8073.00000000,0.2631
1749264410,0.26460000,5756.00000000,0.2631
1749264410,0.26470000,3913.00000000,0.2631
1749264410,0.26480000,14311.00000000,0.2631
1749264410,0.26490000,50935.00000000,0.2631
1749264410,0.26500000,12368.00000000,0.2631
1749264410,0.26510000,5784.00000000,0.2631
1749264410,0.26520000,7712.00000000,0.2631
1749264410,0.26530000,5366.00000000,0.2631
1749264410,0.26540000,18791.00000000,0.2631
1749264410,0.26550000,67981.00000000,0.2631
1749264410,0.26560000,6251.00000000,0.2631
1749264410,0.26570000,10788.00000000,0.2631
1749264410,0.26580000,7664.00000000,0.2631
1749264410,0.26590000,3890.00000000,0.2631
1749264410,0.26600000,8878.00000000,0.2631
1749264410,0.26610000,7664.00000000,0.2631
1749264410,0.26620000,370.00000000,0.2631
1749264410,0.26630000,5808.00000000,0.2631
1749264410,0.26640000,11202.00000000,0.2631
1749264410,0.26650000,7627.00000000,0.2631
1749264410,0.26660000,39115.00000000,0.2631
1749264410,0.26670000,4224.00000000,0.2631
1749264410,0.26680000,2089.00000000,0.2631
1749264410,0.26690000,41092.00000000,0.2631
1749264410,0.26700000,7613.00000000,0.2631
1749264410,0.26710000,762.00000000,0.2631
1749264410,0.26720000,559.00000000,0.2631
1749264410,0.26730000,4345.00000000,0.2631
1749264410,0.26740000,2952.00000000,0.2631
1749264410,0.26750000,466.00000000,0.2631
1749264410,0.26760000,3744.00000000,0.2631
1749264410,0.26770000,321.00000000,0.2631
1749264410,0.26780000,1555.00000000,0.2631
1749264410,0.26790000,3902.00000000,0.2631
1749264410,0.26800000,579.00000000,0.2631
1749264410,0.26810000,3204.00000000,0.2631
1749264410,0.26820000,1109.00000000,0.2631
1749264410,0.26830000,39.00000000,0.2631
1749264410,0.26840000,1530.00000000,0.2631
1749264410,0.26850000,4378.00000000,0.2631
1749264410,0.26860000,67.00000000,0.2631
1749264410,0.26870000,1431.00000000,0.2631
1749264410,0.26880000,1811.00000000,0.2631
1749264410,0.26890000,40879.00000000,0.2631
1749264410,0.26900000,2702.00000000,0.2631
1749264410,0.26910000,3998.00000000,0.2631
1749264410,0.26920000,39.00000000,0.2631
1749264410,0.26930000,2737.00000000,0.2631
1749264410,0.26940000,126.00000000,0.2631
1749264410,0.26950000,1157.00000000,0.2631
1749264410,0.26960000,1996.00000000,0.2631
1749264410,0.26970000,103.00000000,0.2631
1749264410,0.26980000,244.00000000,0.2631
1749264410,0.26990000,38182.00000000,0.2631
1749264410,0.27000000,25712.00000000,0.2631
1749264410,0.27010000,4121.00000000,0.2631
1749264410,0.27020000,39.00000000,0.2631
1749264410,0.27030000,154.00000000,0.2631
1749264410,0.27040000,314.00000000,0.2631
1749264410,0.27050000,143.00000000,0.2631
1749264410,0.27060000,102.00000000,0.2631
1749264410,0.27080000,166.00000000,0.2631
1749264410,0.27090000,336.00000000,0.2631
1749264410,0.27100000,69.00000000,0.2631
1749264410,0.27110000,102.00000000,0.2631
1749264410,0.27120000,1843.00000000,0.2631
1749264410,0.27130000,1271.00000000,0.2631
1749264410,0.27140000,560.00000000,0.2631
1749264410,0.27150000,268.00000000,0.2631
1749264410,0.27160000,213.00000000,0.2631
1749264410,0.27170000,130.00000000,0.2631
1749264410,0.27180000,103.00000000,0.2631
1749264410,0.27190000,1425.00000000,0.2631
1749264410,0.27200000,409.00000000,0.2631
1749264410,0.27210000,88.00000000,0.2631
1749264410,0.27220000,742.00000000,0.2631
1749264410,0.27240000,223.00000000,0.2631
1749264410,0.27250000,48.00000000,0.2631
1749264410,0.27270000,1268.00000000,0.2631
1749264410,0.27290000,1346.00000000,0.2631
1749264410,0.27300000,612.00000000,0.2631
1749264410,0.27310000,18558.00000000,0.2631
1749264410,0.27330000,168.00000000,0.2631
1749264410,0.27340000,155.00000000,0.2631
1749264410,0.27350000,370.00000000,0.2631
1749264712,0.26310000,20651.00000000,0.2631
1749264712,0.26320000,95133.00000000,0.2631
1749264712,0.26330000,128016.00000000,0.2631
1749264712,0.26340000,97924.00000000,0.2631
1749264712,0.26350000,144367.00000000,0.2631
1749264712,0.26360000,108094.00000000,0.2631
1749264712,0.26370000,14268.00000000,0.2631
1749264712,0.26380000,7534.00000000,0.2631
1749264712,0.26390000,256776.00000000,0.2631
1749264712,0.26400000,17030.00000000,0.2631
1749264712,0.26410000,238544.00000000,0.2631
1749264712,0.26420000,8073.00000000,0.2631
1749264712,0.26430000,6556.00000000,0.2631
1749264712,0.26440000,281489.00000000,0.2631
1749264712,0.26450000,7693.00000000,0.2631
1749264712,0.26460000,5756.00000000,0.2631
1749264712,0.26470000,3913.00000000,0.2631
1749264712,0.26480000,55681.00000000,0.2631
1749264712,0.26490000,9572.00000000,0.2631
1749264712,0.26500000,12368.00000000,0.2631
1749264712,0.26510000,5784.00000000,0.2631
1749264712,0.26520000,7712.00000000,0.2631
1749264712,0.26530000,5366.00000000,0.2631
1749264712,0.26540000,18791.00000000,0.2631
1749264712,0.26550000,67981.00000000,0.2631
1749264712,0.26560000,6251.00000000,0.2631
1749264712,0.26570000,10788.00000000,0.2631
1749264712,0.26580000,7664.00000000,0.2631
1749264712,0.26590000,3890.00000000,0.2631
1749264712,0.26600000,8878.00000000,0.2631
1749264712,0.26610000,7664.00000000,0.2631
1749264712,0.26620000,370.00000000,0.2631
1749264712,0.26630000,5785.00000000,0.2631
1749264712,0.26640000,11202.00000000,0.2631
1749264712,0.26650000,7627.00000000,0.2631
1749264712,0.26660000,39115.00000000,0.2631
1749264712,0.26670000,4224.00000000,0.2631
1749264712,0.26680000,43148.00000000,0.2631
1749264712,0.26690000,39.00000000,0.2631
1749264712,0.26700000,7613.00000000,0.2631
1749264712,0.26710000,762.00000000,0.2631
1749264712,0.26720000,559.00000000,0.2631
1749264712,0.26730000,4345.00000000,0.2631
1749264712,0.26740000,2952.00000000,0.2631
1749264712,0.26750000,466.00000000,0.2631
1749264712,0.26760000,3744.00000000,0.2631
1749264712,0.26770000,321.00000000,0.2631
1749264712,0.26780000,1555.00000000,0.2631
1749264712,0.26790000,3902.00000000,0.2631
1749264712,0.26800000,579.00000000,0.2631
1749264712,0.26810000,3204.00000000,0.2631
1749264712,0.26820000,1109.00000000,0.2631
1749264712,0.26830000,39.00000000,0.2631
1749264712,0.26840000,1530.00000000,0.2631
1749264712,0.26850000,4378.00000000,0.2631
1749264712,0.26860000,67.00000000,0.2631
1749264712,0.26870000,1431.00000000,0.2631
1749264712,0.26880000,42565.00000000,0.2631
1749264712,0.26890000,132.00000000,0.2631
1749264712,0.26900000,2702.00000000,0.2631
1749264712,0.26910000,3998.00000000,0.2631
1749264712,0.26920000,39.00000000,0.2631
1749264712,0.26930000,2737.00000000,0.2631
1749264712,0.26940000,126.00000000,0.2631
1749264712,0.26950000,163.00000000,0.2631
1749264712,0.26960000,1996.00000000,0.2631
1749264712,0.26970000,1097.00000000,0.2631
1749264712,0.26980000,214.00000000,0.2631
1749264712,0.26990000,38182.00000000,0.2631
1749264712,0.27000000,25712.00000000,0.2631
1749264712,0.27010000,4121.00000000,0.2631
1749264712,0.27020000,39.00000000,0.2631
1749264712,0.27030000,154.00000000,0.2631
1749264712,0.27040000,314.00000000,0.2631
1749264712,0.27050000,143.00000000,0.2631
1749264712,0.27060000,102.00000000,0.2631
1749264712,0.27080000,166.00000000,0.2631
1749264712,0.27090000,336.00000000,0.2631
1749264712,0.27100000,69.00000000,0.2631
1749264712,0.27110000,102.00000000,0.2631
1749264712,0.27120000,1843.00000000,0.2631
1749264712,0.27130000,1271.00000000,0.2631
1749264712,0.27140000,560.00000000,0.2631
1749264712,0.27150000,268.00000000,0.2631
1749264712,0.27160000,180.00000000,0.2631
1749264712,0.27170000,130.00000000,0.2631
1749264712,0.27180000,103.00000000,0.2631
1749264712,0.27190000,1425.00000000,0.2631
1749264712,0.27200000,409.00000000,0.2631
1749264712,0.27210000,88.00000000,0.2631
1749264712,0.27220000,742.00000000,0.2631
1749264712,0.27240000,223.00000000,0.2631
1749264712,0.27250000,48.00000000,0.2631
1749264712,0.27270000,1268.00000000,0.2631
1749264712,0.27290000,1346.00000000,0.2631
1749264712,0.27300000,612.00000000,0.2631
1749264712,0.27310000,18558.00000000,0.2631
1749264712,0.27330000,168.00000000,0.2631
1749264712,0.27340000,155.00000000,0.2631
1749264712,0.27350000,370.00000000,0.2631
1749265014,0.26360000,17723.00000000,0.2635
1749265014,0.26370000,88875.00000000,0.2635
1749265014,0.26380000,108561.00000000,0.2635
1749265014,0.26390000,108032.00000000,0.2635
1749265014,0.26400000,148829.00000000,0.2635
1749265014,0.26410000,122561.00000000,0.2635
1749265014,0.26420000,181928.00000000,0.2635
1749265014,0.26430000,10048.00000000,0.2635
1749265014,0.26440000,16502.00000000,0.2635
1749265014,0.26450000,316139.00000000,0.2635
1749265014,0.26460000,7429.00000000,0.2635
1749265014,0.26470000,4292.00000000,0.2635
1749265014,0.26480000,323968.00000000,0.2635
1749265014,0.26490000,9951.00000000,0.2635
1749265014,0.26500000,6870.00000000,0.2635
1749265014,0.26510000,13438.00000000,0.2635
1749265014,0.26520000,7712.00000000,0.2635
1749265014,0.26530000,5366.00000000,0.2635
1749265014,0.26540000,18791.00000000,0.2635
1749265014,0.26550000,67981.00000000,0.2635
1749265014,0.26560000,6251.00000000,0.2635
1749265014,0.26570000,12506.00000000,0.2635
1749265014,0.26580000,7664.00000000,0.2635
1749265014,0.26590000,3890.00000000,0.2635
1749265014,0.26600000,8878.00000000,0.2635
1749265014,0.26610000,7664.00000000,0.2635
1749265014,0.26620000,370.00000000,0.2635
1749265014,0.26630000,5785.00000000,0.2635
1749265014,0.26640000,14982.00000000,0.2635
1749265014,0.26650000,11407.00000000,0.2635
1749265014,0.26660000,17895.00000000,0.2635
1749265014,0.26670000,8078.00000000,0.2635
1749265014,0.26680000,43148.00000000,0.2635
1749265014,0.26690000,25039.00000000,0.2635
1749265014,0.26700000,7613.00000000,0.2635
1749265014,0.26710000,4542.00000000,0.2635
1749265014,0.26720000,559.00000000,0.2635
1749265014,0.26730000,4345.00000000,0.2635
1749265014,0.26740000,2952.00000000,0.2635
1749265014,0.26750000,466.00000000,0.2635
1749265014,0.26760000,3744.00000000,0.2635
1749265014,0.26770000,321.00000000,0.2635
1749265014,0.26780000,1555.00000000,0.2635
1749265014,0.26790000,3902.00000000,0.2635
1749265014,0.26800000,579.00000000,0.2635
1749265014,0.26810000,3204.00000000,0.2635
1749265014,0.26820000,1109.00000000,0.2635
1749265014,0.26830000,39.00000000,0.2635
1749265014,0.26840000,1530.00000000,0.2635
1749265014,0.26850000,4378.00000000,0.2635
1749265014,0.26860000,67.00000000,0.2635
1749265014,0.26870000,1431.00000000,0.2635
1749265014,0.26880000,42565.00000000,0.2635
1749265014,0.26890000,132.00000000,0.2635
1749265014,0.26900000,2702.00000000,0.2635
1749265014,0.26910000,3998.00000000,0.2635
1749265014,0.26920000,39.00000000,0.2635
1749265014,0.26930000,2737.00000000,0.2635
1749265014,0.26940000,126.00000000,0.2635
1749265014,0.26950000,163.00000000,0.2635
1749265014,0.26960000,1996.00000000,0.2635
1749265014,0.26970000,103.00000000,0.2635
1749265014,0.26980000,214.00000000,0.2635
1749265014,0.26990000,37266.00000000,0.2635
1749265014,0.27000000,25712.00000000,0.2635
1749265014,0.27010000,1441.00000000,0.2635
1749265014,0.27020000,39.00000000,0.2635
1749265014,0.27030000,154.00000000,0.2635
1749265014,0.27040000,314.00000000,0.2635
1749265014,0.27050000,143.00000000,0.2635
1749265014,0.27060000,1018.00000000,0.2635
1749265014,0.27070000,39.00000000,0.2635
1749265014,0.27080000,3879.00000000,0.2635
1749265014,0.27090000,375.00000000,0.2635
1749265014,0.27100000,108.00000000,0.2635
1749265014,0.27110000,141.00000000,0.2635
1749265014,0.27120000,1843.00000000,0.2635
1749265014,0.27130000,1271.00000000,0.2635
1749265014,0.27140000,560.00000000,0.2635
1749265014,0.27150000,268.00000000,0.2635
1749265014,0.27160000,180.00000000,0.2635
1749265014,0.27170000,130.00000000,0.2635
1749265014,0.27180000,103.00000000,0.2635
1749265014,0.27190000,1425.00000000,0.2635
1749265014,0.27200000,409.00000000,0.2635
1749265014,0.27210000,88.00000000,0.2635
1749265014,0.27220000,742.00000000,0.2635
1749265014,0.27240000,223.00000000,0.2635
1749265014,0.27250000,48.00000000,0.2635
1749265014,0.27270000,1268.00000000,0.2635
1749265014,0.27290000,1346.00000000,0.2635
1749265014,0.27300000,612.00000000,0.2635
1749265014,0.27310000,18558.00000000,0.2635
1749265014,0.27330000,168.00000000,0.2635
1749265014,0.27340000,155.00000000,0.2635
1749265014,0.27350000,370.00000000,0.2635
1749265014,0.27360000,321.00000000,0.2635
1749265014,0.27380000,62.00000000,0.2635
1749265014,0.27400000,30007.00000000,0.2635
1749265014,0.27410000,2653.00000000,0.2635
1749265315,0.26330000,15598.00000000,0.2633
1749265315,0.26340000,55222.00000000,0.2633
1749265315,0.26350000,65703.00000000,0.2633
1749265315,0.26360000,102006.00000000,0.2633
1749265315,0.26370000,170713.00000000,0.2633
1749265315,0.26380000,68717.00000000,0.2633
1749265315,0.26390000,167394.00000000,0.2633
1749265315,0.26400000,21663.00000000,0.2633
1749265315,0.26410000,12906.00000000,0.2633
1749265315,0.26420000,246812.00000000,0.2633
1749265315,0.26430000,12714.00000000,0.2633
1749265315,0.26440000,15450.00000000,0.2633
1749265315,0.26450000,236305.00000000,0.2633
1749265315,0.26460000,6165.00000000,0.2633
1749265315,0.26470000,4351.00000000,0.2633
1749265315,0.26480000,323968.00000000,0.2633
1749265315,0.26490000,9572.00000000,0.2633
1749265315,0.26500000,6960.00000000,0.2633
1749265315,0.26510000,13438.00000000,0.2633
1749265315,0.26520000,7712.00000000,0.2633
1749265315,0.26530000,5366.00000000,0.2633
1749265315,0.26540000,18791.00000000,0.2633
1749265315,0.26550000,67981.00000000,0.2633
1749265315,0.26560000,6251.00000000,0.2633
1749265315,0.26570000,12506.00000000,0.2633
1749265315,0.26580000,7664.00000000,0.2633
1749265315,0.26590000,3890.00000000,0.2633
1749265315,0.26600000,8878.00000000,0.2633
1749265315,0.26610000,7664.00000000,0.2633
1749265315,0.26620000,370.00000000,0.2633
1749265315,0.26630000,5785.00000000,0.2633
1749265315,0.26640000,14982.00000000,0.2633
1749265315,0.26650000,11407.00000000,0.2633
1749265315,0.26660000,17895.00000000,0.2633
1749265315,0.26670000,4298.00000000,0.2633
1749265315,0.26680000,43148.00000000,0.2633
1749265315,0.26690000,25039.00000000,0.2633
1749265315,0.26700000,7613.00000000,0.2633
1749265315,0.26710000,4542.00000000,0.2633
1749265315,0.26720000,559.00000000,0.2633
1749265315,0.26730000,4345.00000000,0.2633
1749265315,0.26740000,2952.00000000,0.2633
1749265315,0.26750000,466.00000000,0.2633
1749265315,0.26760000,3744.00000000,0.2633
1749265315,0.26770000,321.00000000,0.2633
1749265315,0.26780000,1555.00000000,0.2633
1749265315,0.26790000,3902.00000000,0.2633
1749265315,0.26800000,579.00000000,0.2633
1749265315,0.26810000,3204.00000000,0.2633
1749265315,0.26820000,1109.00000000,0.2633
1749265315,0.26830000,39.00000000,0.2633
1749265315,0.26840000,1530.00000000,0.2633
1749265315,0.26850000,4378.00000000,0.2633
1749265315,0.26860000,67.00000000,0.2633
1749265315,0.26870000,1431.00000000,0.2633
1749265315,0.26880000,42565.00000000,0.2633
1749265315,0.26890000,132.00000000,0.2633
1749265315,0.26900000,2702.00000000,0.2633
1749265315,0.26910000,3998.00000000,0.2633
1749265315,0.26920000,39.00000000,0.2633
1749265315,0.26930000,2737.00000000,0.2633
1749265315,0.26940000,126.00000000,0.2633
1749265315,0.26950000,163.00000000,0.2633
1749265315,0.26960000,1996.00000000,0.2633
1749265315,0.26970000,103.00000000,0.2633
1749265315,0.26980000,214.00000000,0.2633
1749265315,0.26990000,37266.00000000,0.2633
1749265315,0.27000000,25712.00000000,0.2633
1749265315,0.27010000,447.00000000,0.2633
1749265315,0.27020000,1033.00000000,0.2633
1749265315,0.27030000,154.00000000,0.2633
1749265315,0.27040000,314.00000000,0.2633
1749265315,0.27050000,143.00000000,0.2633
1749265315,0.27060000,1018.00000000,0.2633
1749265315,0.27070000,39.00000000,0.2633
1749265315,0.27080000,3879.00000000,0.2633
1749265315,0.27090000,336.00000000,0.2633
1749265315,0.27100000,69.00000000,0.2633
1749265315,0.27110000,102.00000000,0.2633
1749265315,0.27120000,1843.00000000,0.2633
1749265315,0.27130000,1271.00000000,0.2633
1749265315,0.27140000,560.00000000,0.2633
1749265315,0.27150000,268.00000000,0.2633
1749265315,0.27160000,180.00000000,0.2633
1749265315,0.27170000,130.00000000,0.2633
1749265315,0.27180000,103.00000000,0.2633
1749265315,0.27190000,1425.00000000,0.2633
1749265315,0.27200000,409.00000000,0.2633
1749265315,0.27210000,88.00000000,0.2633
1749265315,0.27220000,742.00000000,0.2633
1749265315,0.27240000,223.00000000,0.2633
1749265315,0.27250000,48.00000000,0.2633
1749265315,0.27270000,1268.00000000,0.2633
1749265315,0.27290000,1346.00000000,0.2633
1749265315,0.27300000,612.00000000,0.2633
1749265315,0.27310000,18558.00000000,0.2633
1749265315,0.27330000,168.00000000,0.2633
1749265315,0.27340000,155.00000000,0.2633
1749265315,0.27350000,370.00000000,0.2633
1749265315,0.27360000,321.00000000,0.2633
1749265617,0.26370000,34194.00000000,0.2637
1749265617,0.26380000,68821.00000000,0.2637
1749265617,0.26390000,87284.00000000,0.2637
1749265617,0.26400000,147600.00000000,0.2637
1749265617,0.26410000,128452.00000000,0.2637
1749265617,0.26420000,115876.00000000,0.2637
1749265617,0.26430000,76950.00000000,0.2637
1749265617,0.26440000,15450.00000000,0.2637
1749265617,0.26450000,390425.00000000,0.2637
1749265617,0.26460000,80343.00000000,0.2637
1749265617,0.26470000,8489.00000000,0.2637
1749265617,0.26480000,292136.00000000,0.2637
1749265617,0.26490000,28582.00000000,0.2637
1749265617,0.26500000,8857.00000000,0.2637
1749265617,0.26510000,6554.00000000,0.2637
1749265617,0.26520000,7712.00000000,0.2637
1749265617,0.26530000,3848.00000000,0.2637
1749265617,0.26540000,13645.00000000,0.2637
1749265617,0.26550000,109232.00000000,0.2637
1749265617,0.26560000,6251.00000000,0.2637
1749265617,0.26570000,12506.00000000,0.2637
1749265617,0.26580000,7664.00000000,0.2637
1749265617,0.26590000,3890.00000000,0.2637
1749265617,0.26600000,8878.00000000,0.2637
1749265617,0.26610000,7664.00000000,0.2637
1749265617,0.26620000,370.00000000,0.2637
1749265617,0.26630000,18465.00000000,0.2637
1749265617,0.26640000,14982.00000000,0.2637
1749265617,0.26650000,11407.00000000,0.2637
1749265617,0.26660000,17895.00000000,0.2637
1749265617,0.26670000,8078.00000000,0.2637
1749265617,0.26680000,43148.00000000,0.2637
1749265617,0.26690000,39.00000000,0.2637
1749265617,0.26700000,7613.00000000,0.2637
1749265617,0.26710000,4542.00000000,0.2637
1749265617,0.26720000,25559.00000000,0.2637
1749265617,0.26730000,4345.00000000,0.2637
1749265617,0.26740000,2952.00000000,0.2637
1749265617,0.26750000,466.00000000,0.2637
1749265617,0.26760000,3765.00000000,0.2637
1749265617,0.26770000,321.00000000,0.2637
1749265617,0.26780000,1555.00000000,0.2637
1749265617,0.26790000,3902.00000000,0.2637
1749265617,0.26800000,579.00000000,0.2637
1749265617,0.26810000,3204.00000000,0.2637
1749265617,0.26820000,1109.00000000,0.2637
1749265617,0.26830000,39.00000000,0.2637
1749265617,0.26840000,1530.00000000,0.2637
1749265617,0.26850000,4378.00000000,0.2637
1749265617,0.26860000,67.00000000,0.2637
1749265617,0.26870000,1431.00000000,0.2637
1749265617,0.26880000,42565.00000000,0.2637
1749265617,0.26890000,132.00000000,0.2637
1749265617,0.26900000,2702.00000000,0.2637
1749265617,0.26910000,3998.00000000,0.2637
1749265617,0.26920000,39.00000000,0.2637
1749265617,0.26930000,2737.00000000,0.2637
1749265617,0.26940000,126.00000000,0.2637
1749265617,0.26950000,163.00000000,0.2637
1749265617,0.26960000,1996.00000000,0.2637
1749265617,0.26970000,103.00000000,0.2637
1749265617,0.26980000,214.00000000,0.2637
1749265617,0.26990000,37266.00000000,0.2637
1749265617,0.27000000,25712.00000000,0.2637
1749265617,0.27010000,447.00000000,0.2637
1749265617,0.27020000,39.00000000,0.2637
1749265617,0.27030000,154.00000000,0.2637
1749265617,0.27040000,1308.00000000,0.2637
1749265617,0.27050000,143.00000000,0.2637
1749265617,0.27060000,1018.00000000,0.2637
1749265617,0.27070000,39.00000000,0.2637
1749265617,0.27080000,3879.00000000,0.2637
1749265617,0.27090000,375.00000000,0.2637
1749265617,0.27100000,108.00000000,0.2637
1749265617,0.27110000,141.00000000,0.2637
1749265617,0.27120000,1882.00000000,0.2637
1749265617,0.27130000,1271.00000000,0.2637
1749265617,0.27140000,560.00000000,0.2637
1749265617,0.27150000,268.00000000,0.2637
1749265617,0.27160000,180.00000000,0.2637
1749265617,0.27170000,130.00000000,0.2637
1749265617,0.27180000,103.00000000,0.2637
1749265617,0.27190000,1425.00000000,0.2637
1749265617,0.27200000,409.00000000,0.2637
1749265617,0.27210000,88.00000000,0.2637
1749265617,0.27220000,742.00000000,0.2637
1749265617,0.27240000,223.00000000,0.2637
1749265617,0.27250000,48.00000000,0.2637
1749265617,0.27270000,1268.00000000,0.2637
1749265617,0.27290000,1346.00000000,0.2637
1749265617,0.27300000,612.00000000,0.2637
1749265617,0.27310000,18558.00000000,0.2637
1749265617,0.27330000,168.00000000,0.2637
1749265617,0.27340000,155.00000000,0.2637
1749265617,0.27350000,370.00000000,0.2637
1749265617,0.27360000,321.00000000,0.2637
1749265617,0.27380000,62.00000000,0.2637
1749265617,0.27400000,30007.00000000,0.2637
1749265617,0.27410000,2653.00000000,0.2637
1749265617,0.27420000,597.00000000,0.2637
1749265918,0.26390000,20490.00000000,0.2638
1749265918,0.26400000,58909.00000000,0.2638
1749265918,0.26410000,73818.00000000,0.2638
1749265918,0.26420000,135661.00000000,0.2638
1749265918,0.26430000,167097.00000000,0.2638
1749265918,0.26440000,58679.00000000,0.2638
1749265918,0.26450000,387356.00000000,0.2638
1749265918,0.26460000,7554.00000000,0.2638
1749265918,0.26470000,84341.00000000,0.2638
1749265918,0.26480000,310755.00000000,0.2638
1749265918,0.26490000,12991.00000000,0.2638
1749265918,0.26500000,7339.00000000,0.2638
1749265918,0.26510000,6554.00000000,0.2638
1749265918,0.26520000,7712.00000000,0.2638
1749265918,0.26530000,4227.00000000,0.2638
1749265918,0.26540000,13645.00000000,0.2638
1749265918,0.26550000,109248.00000000,0.2638
1749265918,0.26560000,6251.00000000,0.2638
1749265918,0.26570000,12506.00000000,0.2638
1749265918,0.26580000,7664.00000000,0.2638
1749265918,0.26590000,5408.00000000,0.2638
1749265918,0.26600000,8878.00000000,0.2638
1749265918,0.26610000,7664.00000000,0.2638
1749265918,0.26620000,370.00000000,0.2638
1749265918,0.26630000,18465.00000000,0.2638
1749265918,0.26640000,14982.00000000,0.2638
1749265918,0.26650000,11407.00000000,0.2638
1749265918,0.26660000,17895.00000000,0.2638
1749265918,0.26670000,8078.00000000,0.2638
1749265918,0.26680000,2089.00000000,0.2638
1749265918,0.26690000,39.00000000,0.2638
1749265918,0.26700000,7613.00000000,0.2638
1749265918,0.26710000,4542.00000000,0.2638
1749265918,0.26720000,25559.00000000,0.2638
1749265918,0.26730000,4345.00000000,0.2638
1749265918,0.26740000,2952.00000000,0.2638
1749265918,0.26750000,41425.00000000,0.2638
1749265918,0.26760000,3765.00000000,0.2638
1749265918,0.26770000,321.00000000,0.2638
1749265918,0.26780000,1555.00000000,0.2638
1749265918,0.26790000,3902.00000000,0.2638
1749265918,0.26800000,579.00000000,0.2638
1749265918,0.26810000,3204.00000000,0.2638
1749265918,0.26820000,1109.00000000,0.2638
1749265918,0.26830000,39.00000000,0.2638
1749265918,0.26840000,1530.00000000,0.2638
1749265918,0.26850000,4378.00000000,0.2638
1749265918,0.26860000,67.00000000,0.2638
1749265918,0.26870000,1431.00000000,0.2638
1749265918,0.26880000,1811.00000000,0.2638
1749265918,0.26890000,132.00000000,0.2638
1749265918,0.26900000,2702.00000000,0.2638
1749265918,0.26910000,3998.00000000,0.2638
1749265918,0.26920000,39.00000000,0.2638
1749265918,0.26930000,2737.00000000,0.2638
1749265918,0.26940000,126.00000000,0.2638
1749265918,0.26950000,40818.00000000,0.2638
1749265918,0.26960000,1996.00000000,0.2638
1749265918,0.26970000,103.00000000,0.2638
1749265918,0.26980000,214.00000000,0.2638
1749265918,0.26990000,37266.00000000,0.2638
1749265918,0.27000000,25712.00000000,0.2638
1749265918,0.27010000,447.00000000,0.2638
1749265918,0.27020000,39.00000000,0.2638
1749265918,0.27030000,1148.00000000,0.2638
1749265918,0.27040000,314.00000000,0.2638
1749265918,0.27050000,143.00000000,0.2638
1749265918,0.27060000,1018.00000000,0.2638
1749265918,0.27070000,39.00000000,0.2638
1749265918,0.27080000,3879.00000000,0.2638
1749265918,0.27090000,375.00000000,0.2638
1749265918,0.27100000,108.00000000,0.2638
1749265918,0.27110000,141.00000000,0.2638
1749265918,0.27120000,1882.00000000,0.2638
1749265918,0.27130000,1310.00000000,0.2638
1749265918,0.27140000,599.00000000,0.2638
1749265918,0.27150000,268.00000000,0.2638
1749265918,0.27160000,180.00000000,0.2638
1749265918,0.27170000,130.00000000,0.2638
1749265918,0.27180000,103.00000000,0.2638
1749265918,0.27190000,1425.00000000,0.2638
1749265918,0.27200000,409.00000000,0.2638
1749265918,0.27210000,88.00000000,0.2638
1749265918,0.27220000,742.00000000,0.2638
1749265918,0.27240000,223.00000000,0.2638
1749265918,0.27250000,48.00000000,0.2638
1749265918,0.27270000,1268.00000000,0.2638
1749265918,0.27290000,1346.00000000,0.2638
1749265918,0.27300000,612.00000000,0.2638
1749265918,0.27310000,18558.00000000,0.2638
1749265918,0.27330000,168.00000000,0.2638
1749265918,0.27340000,155.00000000,0.2638
1749265918,0.27350000,370.00000000,0.2638
1749265918,0.27360000,321.00000000,0.2638
1749265918,0.27380000,62.00000000,0.2638
1749265918,0.27400000,30007.00000000,0.2638
1749265918,0.27410000,3426.00000000,0.2638
1749265918,0.27420000,597.00000000,0.2638
1749265918,0.27430000,51.00000000,0.2638
1749265918,0.27440000,272.00000000,0.2638
1749266220,0.26420000,41322.00000000,0.2642
1749266220,0.26430000,60711.00000000,0.2642
1749266220,0.26440000,143461.00000000,0.2642
1749266220,0.26450000,152957.00000000,0.2642
1749266220,0.26460000,135851.00000000,0.2642
1749266220,0.26470000,107782.00000000,0.2642
1749266220,0.26480000,188439.00000000,0.2642
1749266220,0.26490000,223629.00000000,0.2642
1749266220,0.26500000,77940.00000000,0.2642
1749266220,0.26510000,12646.00000000,0.2642
1749266220,0.26520000,302571.00000000,0.2642
1749266220,0.26530000,4227.00000000,0.2642
1749266220,0.26540000,6447.00000000,0.2642
1749266220,0.26550000,49314.00000000,0.2642
1749266220,0.26560000,9203.00000000,0.2642
1749266220,0.26570000,16793.00000000,0.2642
1749266220,0.26580000,7664.00000000,0.2642
1749266220,0.26590000,5408.00000000,0.2642
1749266220,0.26600000,8878.00000000,0.2642
1749266220,0.26610000,7664.00000000,0.2642
1749266220,0.26620000,64113.00000000,0.2642
1749266220,0.26630000,5785.00000000,0.2642
1749266220,0.26640000,13539.00000000,0.2642
1749266220,0.26650000,11407.00000000,0.2642
1749266220,0.26660000,3819.00000000,0.2642
1749266220,0.26670000,8078.00000000,0.2642
1749266220,0.26680000,5891.00000000,0.2642
1749266220,0.26690000,39.00000000,0.2642
1749266220,0.26700000,24040.00000000,0.2642
1749266220,0.26710000,6450.00000000,0.2642
1749266220,0.26720000,25471.00000000,0.2642
1749266220,0.26730000,8125.00000000,0.2642
1749266220,0.26740000,6732.00000000,0.2642
1749266220,0.26750000,66425.00000000,0.2642
1749266220,0.26760000,1664.00000000,0.2642
1749266220,0.26770000,321.00000000,0.2642
1749266220,0.26780000,5335.00000000,0.2642
1749266220,0.26790000,3902.00000000,0.2642
1749266220,0.26800000,600.00000000,0.2642
1749266220,0.26810000,3204.00000000,0.2642
1749266220,0.26820000,1109.00000000,0.2642
1749266220,0.26830000,2140.00000000,0.2642
1749266220,0.26840000,1530.00000000,0.2642
1749266220,0.26850000,4378.00000000,0.2642
1749266220,0.26860000,67.00000000,0.2642
1749266220,0.26870000,1431.00000000,0.2642
1749266220,0.26880000,1811.00000000,0.2642
1749266220,0.26890000,132.00000000,0.2642
1749266220,0.26900000,2702.00000000,0.2642
1749266220,0.26910000,3998.00000000,0.2642
1749266220,0.26920000,39.00000000,0.2642
1749266220,0.26930000,2737.00000000,0.2642
1749266220,0.26940000,126.00000000,0.2642
1749266220,0.26950000,40818.00000000,0.2642
1749266220,0.26960000,1996.00000000,0.2642
1749266220,0.26970000,103.00000000,0.2642
1749266220,0.26980000,214.00000000,0.2642
1749266220,0.26990000,37266.00000000,0.2642
1749266220,0.27000000,25712.00000000,0.2642
1749266220,0.27010000,447.00000000,0.2642
1749266220,0.27020000,39.00000000,0.2642
1749266220,0.27030000,154.00000000,0.2642
1749266220,0.27040000,314.00000000,0.2642
1749266220,0.27050000,143.00000000,0.2642
1749266220,0.27060000,102.00000000,0.2642
1749266220,0.27070000,1033.00000000,0.2642
1749266220,0.27080000,205.00000000,0.2642
1749266220,0.27090000,375.00000000,0.2642
1749266220,0.27100000,108.00000000,0.2642
1749266220,0.27110000,141.00000000,0.2642
1749266220,0.27120000,1882.00000000,0.2642
1749266220,0.27130000,2226.00000000,0.2642
1749266220,0.27140000,599.00000000,0.2642
1749266220,0.27150000,3981.00000000,0.2642
1749266220,0.27160000,219.00000000,0.2642
1749266220,0.27170000,168.00000000,0.2642
1749266220,0.27180000,103.00000000,0.2642
1749266220,0.27190000,1425.00000000,0.2642
1749266220,0.27200000,409.00000000,0.2642
1749266220,0.27210000,117.00000000,0.2642
1749266220,0.27220000,742.00000000,0.2642
1749266220,0.27240000,223.00000000,0.2642
1749266220,0.27250000,48.00000000,0.2642
1749266220,0.27270000,1268.00000000,0.2642
1749266220,0.27290000,1346.00000000,0.2642
1749266220,0.27300000,612.00000000,0.2642
1749266220,0.27310000,18558.00000000,0.2642
1749266220,0.27330000,168.00000000,0.2642
1749266220,0.27340000,155.00000000,0.2642
1749266220,0.27350000,370.00000000,0.2642
1749266220,0.27360000,321.00000000,0.2642
1749266220,0.27380000,62.00000000,0.2642
1749266220,0.27400000,30007.00000000,0.2642
1749266220,0.27410000,2653.00000000,0.2642
1749266220,0.27420000,597.00000000,0.2642
1749266220,0.27430000,51.00000000,0.2642
1749266220,0.27440000,272.00000000,0.2642
1749266220,0.27450000,373.00000000,0.2642
1749266220,0.27460000,200.00000000,0.2642
1749266220,0.27470000,20.00000000,0.2642
1749266521,0.26370000,16165.00000000,0.2637
1749266521,0.26380000,65620.00000000,0.2637
1749266521,0.26390000,64161.00000000,0.2637
1749266521,0.26400000,122755.00000000,0.2637
1749266521,0.26410000,127490.00000000,0.2637
1749266521,0.26420000,177808.00000000,0.2637
1749266521,0.26430000,129010.00000000,0.2637
1749266521,0.26440000,16896.00000000,0.2637
1749266521,0.26450000,180629.00000000,0.2637
1749266521,0.26460000,81439.00000000,0.2637
1749266521,0.26470000,7481.00000000,0.2637
1749266521,0.26480000,14013.00000000,0.2637
1749266521,0.26490000,219861.00000000,0.2637
1749266521,0.26500000,5317.00000000,0.2637
1749266521,0.26510000,8101.00000000,0.2637
1749266521,0.26520000,302326.00000000,0.2637
1749266521,0.26530000,3848.00000000,0.2637
1749266521,0.26540000,13797.00000000,0.2637
1749266521,0.26550000,49524.00000000,0.2637
1749266521,0.26560000,11554.00000000,0.2637
1749266521,0.26570000,9129.00000000,0.2637
1749266521,0.26580000,7664.00000000,0.2637
1749266521,0.26590000,3890.00000000,0.2637
1749266521,0.26600000,8878.00000000,0.2637
1749266521,0.26610000,7664.00000000,0.2637
1749266521,0.26620000,64113.00000000,0.2637
1749266521,0.26630000,5785.00000000,0.2637
1749266521,0.26640000,26215.00000000,0.2637
1749266521,0.26650000,11407.00000000,0.2637
1749266521,0.26660000,3819.00000000,0.2637
1749266521,0.26670000,8078.00000000,0.2637
1749266521,0.26680000,5891.00000000,0.2637
1749266521,0.26690000,39.00000000,0.2637
1749266521,0.26700000,11393.00000000,0.2637
1749266521,0.26710000,6450.00000000,0.2637
1749266521,0.26720000,21691.00000000,0.2637
1749266521,0.26730000,4345.00000000,0.2637
1749266521,0.26740000,2952.00000000,0.2637
1749266521,0.26750000,66425.00000000,0.2637
1749266521,0.26760000,1664.00000000,0.2637
1749266521,0.26770000,321.00000000,0.2637
1749266521,0.26780000,1555.00000000,0.2637
1749266521,0.26790000,3902.00000000,0.2637
1749266521,0.26800000,600.00000000,0.2637
1749266521,0.26810000,3204.00000000,0.2637
1749266521,0.26820000,1109.00000000,0.2637
1749266521,0.26830000,2140.00000000,0.2637
1749266521,0.26840000,1530.00000000,0.2637
1749266521,0.26850000,4378.00000000,0.2637
1749266521,0.26860000,67.00000000,0.2637
1749266521,0.26870000,1431.00000000,0.2637
1749266521,0.26880000,1811.00000000,0.2637
1749266521,0.26890000,132.00000000,0.2637
1749266521,0.26900000,2702.00000000,0.2637
1749266521,0.26910000,3998.00000000,0.2637
1749266521,0.26920000,39.00000000,0.2637
1749266521,0.26930000,2737.00000000,0.2637
1749266521,0.26940000,126.00000000,0.2637
1749266521,0.26950000,40818.00000000,0.2637
1749266521,0.26960000,1996.00000000,0.2637
1749266521,0.26970000,103.00000000,0.2637
1749266521,0.26980000,214.00000000,0.2637
1749266521,0.26990000,37266.00000000,0.2637
1749266521,0.27000000,25345.00000000,0.2637
1749266521,0.27010000,447.00000000,0.2637
1749266521,0.27020000,39.00000000,0.2637
1749266521,0.27030000,154.00000000,0.2637
1749266521,0.27040000,1308.00000000,0.2637
1749266521,0.27050000,143.00000000,0.2637
1749266521,0.27060000,102.00000000,0.2637
1749266521,0.27070000,39.00000000,0.2637
1749266521,0.27080000,205.00000000,0.2637
1749266521,0.27090000,375.00000000,0.2637
1749266521,0.27100000,108.00000000,0.2637
1749266521,0.27110000,141.00000000,0.2637
1749266521,0.27120000,1882.00000000,0.2637
1749266521,0.27130000,2187.00000000,0.2637
1749266521,0.27140000,560.00000000,0.2637
1749266521,0.27150000,3942.00000000,0.2637
1749266521,0.27160000,180.00000000,0.2637
1749266521,0.27170000,130.00000000,0.2637
1749266521,0.27180000,103.00000000,0.2637
1749266521,0.27190000,1425.00000000,0.2637
1749266521,0.27200000,409.00000000,0.2637
1749266521,0.27210000,117.00000000,0.2637
1749266521,0.27220000,742.00000000,0.2637
1749266521,0.27240000,223.00000000,0.2637
1749266521,0.27250000,48.00000000,0.2637
1749266521,0.27270000,1268.00000000,0.2637
1749266521,0.27290000,1346.00000000,0.2637
1749266521,0.27300000,612.00000000,0.2637
1749266521,0.27310000,18558.00000000,0.2637
1749266521,0.27330000,168.00000000,0.2637
1749266521,0.27340000,155.00000000,0.2637
1749266521,0.27350000,370.00000000,0.2637
1749266521,0.27360000,321.00000000,0.2637
1749266521,0.27380000,62.00000000,0.2637
1749266521,0.27400000,30007.00000000,0.2637
1749266521,0.27410000,2653.00000000,0.2637
1749266521,0.27420000,597.00000000,0.2637
1749266823,0.26410000,82973.00000000,0.264
1749266823,0.26420000,74597.00000000,0.264
1749266823,0.26430000,129908.00000000,0.264
1749266823,0.26440000,169187.00000000,0.264
1749266823,0.26450000,174100.00000000,0.264
1749266823,0.26460000,22102.00000000,0.264
1749266823,0.26470000,62494.00000000,0.264
1749266823,0.26480000,179842.00000000,0.264
1749266823,0.26490000,91213.00000000,0.264
1749266823,0.26500000,5361.00000000,0.264
1749266823,0.26510000,10721.00000000,0.264
1749266823,0.26520000,521716.00000000,0.264
1749266823,0.26530000,4279.00000000,0.264
1749266823,0.26540000,7993.00000000,0.264
1749266823,0.26550000,49524.00000000,0.264
1749266823,0.26560000,8825.00000000,0.264
1749266823,0.26570000,16710.00000000,0.264
1749266823,0.26580000,7664.00000000,0.264
1749266823,0.26590000,3890.00000000,0.264
1749266823,0.26600000,8947.00000000,0.264
1749266823,0.26610000,7664.00000000,0.264
1749266823,0.26620000,64113.00000000,0.264
1749266823,0.26630000,5814.00000000,0.264
1749266823,0.26640000,26244.00000000,0.264
1749266823,0.26650000,11407.00000000,0.264
1749266823,0.26660000,3819.00000000,0.264
1749266823,0.26670000,8078.00000000,0.264
1749266823,0.26680000,5891.00000000,0.264
1749266823,0.26690000,39.00000000,0.264
1749266823,0.26700000,11393.00000000,0.264
1749266823,0.26710000,10230.00000000,0.264
1749266823,0.26720000,25471.00000000,0.264
1749266823,0.26730000,8125.00000000,0.264
1749266823,0.26740000,6732.00000000,0.264
1749266823,0.26750000,45205.00000000,0.264
1749266823,0.26760000,1664.00000000,0.264
1749266823,0.26770000,321.00000000,0.264
1749266823,0.26780000,26555.00000000,0.264
1749266823,0.26790000,3902.00000000,0.264
1749266823,0.26800000,600.00000000,0.264
1749266823,0.26810000,3204.00000000,0.264
1749266823,0.26820000,1109.00000000,0.264
1749266823,0.26830000,2140.00000000,0.264
1749266823,0.26840000,1530.00000000,0.264
1749266823,0.26850000,4378.00000000,0.264
1749266823,0.26860000,67.00000000,0.264
1749266823,0.26870000,1431.00000000,0.264
1749266823,0.26880000,1811.00000000,0.264
1749266823,0.26890000,132.00000000,0.264
1749266823,0.26900000,2702.00000000,0.264
1749266823,0.26910000,3998.00000000,0.264
1749266823,0.26920000,39.00000000,0.264
1749266823,0.26930000,2737.00000000,0.264
1749266823,0.26940000,126.00000000,0.264
1749266823,0.26950000,40818.00000000,0.264
1749266823,0.26960000,1996.00000000,0.264
1749266823,0.26970000,103.00000000,0.264
1749266823,0.26980000,214.00000000,0.264
1749266823,0.26990000,37266.00000000,0.264
1749266823,0.27000000,25345.00000000,0.264
1749266823,0.27010000,447.00000000,0.264
1749266823,0.27020000,39.00000000,0.264
1749266823,0.27030000,154.00000000,0.264
1749266823,0.27040000,314.00000000,0.264
1749266823,0.27050000,143.00000000,0.264
1749266823,0.27060000,102.00000000,0.264
1749266823,0.27070000,1033.00000000,0.264
1749266823,0.27080000,205.00000000,0.264
1749266823,0.27090000,375.00000000,0.264
1749266823,0.27100000,108.00000000,0.264
1749266823,0.27110000,141.00000000,0.264
1749266823,0.27120000,1882.00000000,0.264
1749266823,0.27130000,2226.00000000,0.264
1749266823,0.27140000,599.00000000,0.264
1749266823,0.27150000,3981.00000000,0.264
1749266823,0.27160000,219.00000000,0.264
1749266823,0.27170000,130.00000000,0.264
1749266823,0.27180000,103.00000000,0.264
1749266823,0.27190000,1425.00000000,0.264
1749266823,0.27200000,409.00000000,0.264
1749266823,0.27210000,117.00000000,0.264
1749266823,0.27220000,742.00000000,0.264
1749266823,0.27240000,223.00000000,0.264
1749266823,0.27250000,48.00000000,0.264
1749266823,0.27270000,1268.00000000,0.264
1749266823,0.27290000,1346.00000000,0.264
1749266823,0.27300000,612.00000000,0.264
1749266823,0.27310000,18558.00000000,0.264
1749266823,0.27330000,168.00000000,0.264
1749266823,0.27340000,155.00000000,0.264
1749266823,0.27350000,370.00000000,0.264
1749266823,0.27360000,321.00000000,0.264
1749266823,0.27380000,62.00000000,0.264
1749266823,0.27400000,30007.00000000,0.264
1749266823,0.27410000,2653.00000000,0.264
1749266823,0.27420000,597.00000000,0.264
1749266823,0.27430000,51.00000000,0.264
1749266823,0.27440000,272.00000000,0.264
1749266823,0.27450000,373.00000000,0.264
1749266823,0.27460000,200.00000000,0.264
1749267125,0.26400000,24178.00000000,0.2639
1749267125,0.26410000,36788.00000000,0.2639
1749267125,0.26420000,73304.00000000,0.2639
1749267125,0.26430000,97173.00000000,0.2639
1749267125,0.26440000,80821.00000000,0.2639
1749267125,0.26450000,28678.00000000,0.2639
1749267125,0.26460000,134524.00000000,0.2639
1749267125,0.26470000,4442.00000000,0.2639
1749267125,0.26480000,181840.00000000,0.2639
1749267125,0.26490000,86092.00000000,0.2639
1749267125,0.26500000,5361.00000000,0.2639
1749267125,0.26510000,9078.00000000,0.2639
1749267125,0.26520000,521401.00000000,0.2639
1749267125,0.26530000,3900.00000000,0.2639
1749267125,0.26540000,6097.00000000,0.2639
1749267125,0.26550000,49524.00000000,0.2639
1749267125,0.26560000,8825.00000000,0.2639
1749267125,0.26570000,19944.00000000,0.2639
1749267125,0.26580000,7664.00000000,0.2639
1749267125,0.26590000,3890.00000000,0.2639
1749267125,0.26600000,8947.00000000,0.2639
1749267125,0.26610000,7664.00000000,0.2639
1749267125,0.26620000,64113.00000000,0.2639
1749267125,0.26630000,5814.00000000,0.2639
1749267125,0.26640000,27762.00000000,0.2639
1749267125,0.26650000,11407.00000000,0.2639
1749267125,0.26660000,3819.00000000,0.2639
1749267125,0.26670000,8078.00000000,0.2639
1749267125,0.26680000,5891.00000000,0.2639
1749267125,0.26690000,39.00000000,0.2639
1749267125,0.26700000,11393.00000000,0.2639
1749267125,0.26710000,10230.00000000,0.2639
1749267125,0.26720000,25471.00000000,0.2639
1749267125,0.26730000,8125.00000000,0.2639
1749267125,0.26740000,6732.00000000,0.2639
1749267125,0.26750000,45205.00000000,0.2639
1749267125,0.26760000,1664.00000000,0.2639
1749267125,0.26770000,321.00000000,0.2639
1749267125,0.26780000,26555.00000000,0.2639
1749267125,0.26790000,3902.00000000,0.2639
1749267125,0.26800000,600.00000000,0.2639
1749267125,0.26810000,3204.00000000,0.2639
1749267125,0.26820000,1109.00000000,0.2639
1749267125,0.26830000,2140.00000000,0.2639
1749267125,0.26840000,1530.00000000,0.2639
1749267125,0.26850000,4378.00000000,0.2639
1749267125,0.26860000,67.00000000,0.2639
1749267125,0.26870000,1431.00000000,0.2639
1749267125,0.26880000,1811.00000000,0.2639
1749267125,0.26890000,132.00000000,0.2639
1749267125,0.26900000,2702.00000000,0.2639
1749267125,0.26910000,3998.00000000,0.2639
1749267125,0.26920000,39.00000000,0.2639
1749267125,0.26930000,2737.00000000,0.2639
1749267125,0.26940000,126.00000000,0.2639
1749267125,0.26950000,40818.00000000,0.2639
1749267125,0.26960000,1996.00000000,0.2639
1749267125,0.26970000,103.00000000,0.2639
1749267125,0.26980000,214.00000000,0.2639
1749267125,0.26990000,37266.00000000,0.2639
1749267125,0.27000000,25345.00000000,0.2639
1749267125,0.27010000,447.00000000,0.2639
1749267125,0.27020000,39.00000000,0.2639
1749267125,0.27030000,154.00000000,0.2639
1749267125,0.27040000,314.00000000,0.2639
1749267125,0.27050000,143.00000000,0.2639
1749267125,0.27060000,102.00000000,0.2639
1749267125,0.27070000,1033.00000000,0.2639
1749267125,0.27080000,205.00000000,0.2639
1749267125,0.27090000,375.00000000,0.2639
1749267125,0.27100000,108.00000000,0.2639
1749267125,0.27110000,141.00000000,0.2639
1749267125,0.27120000,1882.00000000,0.2639
1749267125,0.27130000,2226.00000000,0.2639
1749267125,0.27140000,599.00000000,0.2639
1749267125,0.27150000,3981.00000000,0.2639
1749267125,0.27160000,180.00000000,0.2639
1749267125,0.27170000,130.00000000,0.2639
1749267125,0.27180000,103.00000000,0.2639
1749267125,0.27190000,1425.00000000,0.2639
1749267125,0.27200000,409.00000000,0.2639
1749267125,0.27210000,117.00000000,0.2639
1749267125,0.27220000,742.00000000,0.2639
1749267125,0.27240000,223.00000000,0.2639
1749267125,0.27250000,48.00000000,0.2639
1749267125,0.27270000,1268.00000000,0.2639
1749267125,0.27290000,1346.00000000,0.2639
1749267125,0.27300000,612.00000000,0.2639
1749267125,0.27310000,18558.00000000,0.2639
1749267125,0.27330000,168.00000000,0.2639
1749267125,0.27340000,155.00000000,0.2639
1749267125,0.27350000,370.00000000,0.2639
1749267125,0.27360000,321.00000000,0.2639
1749267125,0.27380000,62.00000000,0.2639
1749267125,0.27400000,30007.00000000,0.2639
1749267125,0.27410000,2653.00000000,0.2639
1749267125,0.27420000,597.00000000,0.2639
1749267125,0.27430000,51.00000000,0.2639
1749267125,0.27440000,272.00000000,0.2639
1749267125,0.27450000,373.00000000,0.2639
1749267426,0.26430000,38266.00000000,0.2642
1749267426,0.26440000,52192.00000000,0.2642
1749267426,0.26450000,93127.00000000,0.2642
1749267426,0.26460000,141148.00000000,0.2642
1749267426,0.26470000,65863.00000000,0.2642
1749267426,0.26480000,245908.00000000,0.2642
1749267426,0.26490000,10362.00000000,0.2642
1749267426,0.26500000,7943.00000000,0.2642
1749267426,0.26510000,85910.00000000,0.2642
1749267426,0.26520000,521716.00000000,0.2642
1749267426,0.26530000,4278.00000000,0.2642
1749267426,0.26540000,6520.00000000,0.2642
1749267426,0.26550000,49524.00000000,0.2642
1749267426,0.26560000,9203.00000000,0.2642
1749267426,0.26570000,16710.00000000,0.2642
1749267426,0.26580000,7799.00000000,0.2642
1749267426,0.26590000,3890.00000000,0.2642
1749267426,0.26600000,8947.00000000,0.2642
1749267426,0.26610000,7664.00000000,0.2642
1749267426,0.26620000,64113.00000000,0.2642
1749267426,0.26630000,5814.00000000,0.2642
1749267426,0.26640000,27762.00000000,0.2642
1749267426,0.26650000,11407.00000000,0.2642
1749267426,0.26660000,3819.00000000,0.2642
1749267426,0.26670000,8078.00000000,0.2642
1749267426,0.26680000,5891.00000000,0.2642
1749267426,0.26690000,39.00000000,0.2642
1749267426,0.26700000,11393.00000000,0.2642
1749267426,0.26710000,10230.00000000,0.2642
1749267426,0.26720000,25471.00000000,0.2642
1749267426,0.26730000,8125.00000000,0.2642
1749267426,0.26740000,6732.00000000,0.2642
1749267426,0.26750000,45205.00000000,0.2642
1749267426,0.26760000,5444.00000000,0.2642
1749267426,0.26770000,321.00000000,0.2642
1749267426,0.26780000,30335.00000000,0.2642
1749267426,0.26790000,3902.00000000,0.2642
1749267426,0.26800000,600.00000000,0.2642
1749267426,0.26810000,3204.00000000,0.2642
1749267426,0.26820000,1109.00000000,0.2642
1749267426,0.26830000,2140.00000000,0.2642
1749267426,0.26840000,1530.00000000,0.2642
1749267426,0.26850000,4378.00000000,0.2642
1749267426,0.26860000,67.00000000,0.2642
1749267426,0.26870000,1431.00000000,0.2642
1749267426,0.26880000,1811.00000000,0.2642
1749267426,0.26890000,132.00000000,0.2642
1749267426,0.26900000,2702.00000000,0.2642
1749267426,0.26910000,3998.00000000,0.2642
1749267426,0.26920000,39.00000000,0.2642
1749267426,0.26930000,2737.00000000,0.2642
1749267426,0.26940000,126.00000000,0.2642
1749267426,0.26950000,40818.00000000,0.2642
1749267426,0.26960000,1996.00000000,0.2642
1749267426,0.26970000,103.00000000,0.2642
1749267426,0.26980000,214.00000000,0.2642
1749267426,0.26990000,37266.00000000,0.2642
1749267426,0.27000000,25345.00000000,0.2642
1749267426,0.27010000,447.00000000,0.2642
1749267426,0.27020000,39.00000000,0.2642
1749267426,0.27030000,154.00000000,0.2642
1749267426,0.27040000,314.00000000,0.2642
1749267426,0.27050000,143.00000000,0.2642
1749267426,0.27060000,102.00000000,0.2642
1749267426,0.27070000,39.00000000,0.2642
1749267426,0.27080000,1199.00000000,0.2642
1749267426,0.27090000,375.00000000,0.2642
1749267426,0.27100000,108.00000000,0.2642
1749267426,0.27110000,141.00000000,0.2642
1749267426,0.27120000,1882.00000000,0.2642
1749267426,0.27130000,2226.00000000,0.2642
1749267426,0.27140000,599.00000000,0.2642
1749267426,0.27150000,3981.00000000,0.2642
1749267426,0.27160000,219.00000000,0.2642
1749267426,0.27170000,168.00000000,0.2642
1749267426,0.27180000,141.00000000,0.2642
1749267426,0.27190000,1425.00000000,0.2642
1749267426,0.27200000,409.00000000,0.2642
1749267426,0.27210000,117.00000000,0.2642
1749267426,0.27220000,742.00000000,0.2642
1749267426,0.27240000,223.00000000,0.2642
