timestamp,price,volume,current_price
1749260671,2.16160000,10462.70000000,2.1616
1749260671,2.16170000,12141.40000000,2.1616
1749260671,2.16180000,6343.70000000,2.1616
1749260671,2.16190000,25718.10000000,2.1616
1749260671,2.16200000,13821.10000000,2.1616
1749260671,2.16210000,15706.90000000,2.1616
1749260671,2.16220000,11778.40000000,2.1616
1749260671,2.16230000,29408.00000000,2.1616
1749260671,2.16240000,13055.00000000,2.1616
1749260671,2.16250000,9178.50000000,2.1616
1749260671,2.16260000,8461.70000000,2.1616
1749260671,2.16270000,5943.00000000,2.1616
1749260671,2.16280000,8901.50000000,2.1616
1749260671,2.16290000,17673.40000000,2.1616
1749260671,2.16300000,12893.60000000,2.1616
1749260671,2.16310000,14626.50000000,2.1616
1749260671,2.16320000,11460.30000000,2.1616
1749260671,2.16330000,9734.10000000,2.1616
1749260671,2.16340000,2916.70000000,2.1616
1749260671,2.16350000,12156.80000000,2.1616
1749260671,2.16360000,3931.40000000,2.1616
1749260671,2.16370000,2542.80000000,2.1616
1749260671,2.16380000,3515.50000000,2.1616
1749260671,2.16390000,3911.80000000,2.1616
1749260671,2.16400000,14249.60000000,2.1616
1749260671,2.16410000,5019.80000000,2.1616
1749260671,2.16420000,12906.50000000,2.1616
1749260671,2.16430000,19859.00000000,2.1616
1749260671,2.16440000,12295.60000000,2.1616
1749260671,2.16450000,4549.50000000,2.1616
1749260671,2.16460000,5793.80000000,2.1616
1749260671,2.16470000,19031.80000000,2.1616
1749260671,2.16480000,10380.30000000,2.1616
1749260671,2.16490000,15349.40000000,2.1616
1749260671,2.16500000,12725.00000000,2.1616
1749260671,2.16510000,5801.30000000,2.1616
1749260671,2.16520000,13686.80000000,2.1616
1749260671,2.16530000,17548.20000000,2.1616
1749260671,2.16540000,30565.40000000,2.1616
1749260671,2.16550000,14202.80000000,2.1616
1749260671,2.16560000,41306.70000000,2.1616
1749260671,2.16570000,2597.30000000,2.1616
1749260671,2.16580000,4778.80000000,2.1616
1749260671,2.16590000,5402.90000000,2.1616
1749260671,2.16600000,6025.70000000,2.1616
1749260671,2.16610000,19202.00000000,2.1616
1749260671,2.16620000,12695.80000000,2.1616
1749260671,2.16630000,29.70000000,2.1616
1749260671,2.16640000,4146.60000000,2.1616
1749260671,2.16650000,2352.20000000,2.1616
1749260671,2.16660000,108314.20000000,2.1616
1749260671,2.16670000,502.40000000,2.1616
1749260671,2.16680000,4890.90000000,2.1616
1749260671,2.16690000,5837.50000000,2.1616
1749260671,2.16700000,2561.70000000,2.1616
1749260671,2.16710000,6712.40000000,2.1616
1749260671,2.16720000,3026.40000000,2.1616
1749260671,2.16730000,53.30000000,2.1616
1749260671,2.16740000,11835.30000000,2.1616
1749260671,2.16750000,4379.60000000,2.1616
1749260671,2.16760000,13470.60000000,2.1616
1749260671,2.16770000,4746.90000000,2.1616
1749260671,2.16780000,3344.90000000,2.1616
1749260671,2.16790000,2508.80000000,2.1616
1749260671,2.16800000,16290.90000000,2.1616
1749260671,2.16810000,10858.20000000,2.1616
1749260671,2.16820000,2261.20000000,2.1616
1749260671,2.16830000,10241.90000000,2.1616
1749260671,2.16840000,1864.10000000,2.1616
1749260671,2.16850000,3912.60000000,2.1616
1749260671,2.16860000,3423.00000000,2.1616
1749260671,2.16870000,9493.00000000,2.1616
1749260671,2.16880000,77.30000000,2.1616
1749260671,2.16890000,147854.40000000,2.1616
1749260671,2.16900000,5876.90000000,2.1616
1749260671,2.16910000,177275.10000000,2.1616
1749260671,2.16920000,5554.60000000,2.1616
1749260671,2.16930000,88782.10000000,2.1616
1749260671,2.16940000,46.10000000,2.1616
1749260671,2.16950000,51.90000000,2.1616
1749260671,2.16960000,678.10000000,2.1616
1749260671,2.16970000,5831.50000000,2.1616
1749260671,2.16990000,32.30000000,2.1616
1749260671,2.17000000,3621.10000000,2.1616
1749260671,2.17010000,555.20000000,2.1616
1749260671,2.17020000,277.40000000,2.1616
1749260671,2.17030000,4741.10000000,2.1616
1749260671,2.17040000,5877.70000000,2.1616
1749260671,2.17050000,1987.00000000,2.1616
1749260671,2.17060000,39.30000000,2.1616
1749260671,2.17070000,163.70000000,2.1616
1749260671,2.17080000,39.80000000,2.1616
1749260671,2.17100000,21.50000000,2.1616
1749260671,2.17110000,3353.30000000,2.1616
1749260671,2.17120000,135.00000000,2.1616
1749260671,2.17140000,11875.50000000,2.1616
1749260671,2.17150000,2.40000000,2.1616
1749260671,2.17160000,435.80000000,2.1616
1749260671,2.17170000,59.50000000,2.1616
1749260671,2.17180000,3245.90000000,2.1616
1749260972,2.16270000,16562.30000000,2.1627
1749260972,2.16280000,33769.20000000,2.1627
1749260972,2.16290000,29454.00000000,2.1627
1749260972,2.16300000,22623.80000000,2.1627
1749260972,2.16310000,26092.80000000,2.1627
1749260972,2.16320000,29846.20000000,2.1627
1749260972,2.16330000,21750.00000000,2.1627
1749260972,2.16340000,15379.70000000,2.1627
1749260972,2.16350000,17922.90000000,2.1627
1749260972,2.16360000,12276.50000000,2.1627
1749260972,2.16370000,20148.20000000,2.1627
1749260972,2.16380000,14767.50000000,2.1627
1749260972,2.16390000,6679.80000000,2.1627
1749260972,2.16400000,7214.50000000,2.1627
1749260972,2.16410000,10422.00000000,2.1627
1749260972,2.16420000,13921.70000000,2.1627
1749260972,2.16430000,8650.20000000,2.1627
1749260972,2.16440000,11989.20000000,2.1627
1749260972,2.16450000,11189.30000000,2.1627
1749260972,2.16460000,2827.80000000,2.1627
1749260972,2.16470000,6977.00000000,2.1627
1749260972,2.16480000,3386.90000000,2.1627
1749260972,2.16490000,15048.70000000,2.1627
1749260972,2.16500000,19513.50000000,2.1627
1749260972,2.16510000,3907.50000000,2.1627
1749260972,2.16520000,9255.10000000,2.1627
1749260972,2.16530000,25265.60000000,2.1627
1749260972,2.16540000,21909.40000000,2.1627
1749260972,2.16550000,3461.50000000,2.1627
1749260972,2.16560000,6426.30000000,2.1627
1749260972,2.16570000,4352.00000000,2.1627
1749260972,2.16580000,6194.50000000,2.1627
1749260972,2.16590000,7361.60000000,2.1627
1749260972,2.16600000,6271.10000000,2.1627
1749260972,2.16610000,20974.40000000,2.1627
1749260972,2.16620000,19750.40000000,2.1627
1749260972,2.16630000,14286.00000000,2.1627
1749260972,2.16640000,44643.90000000,2.1627
1749260972,2.16650000,9258.90000000,2.1627
1749260972,2.16660000,6083.80000000,2.1627
1749260972,2.16670000,5513.40000000,2.1627
1749260972,2.16680000,10889.40000000,2.1627
1749260972,2.16690000,28654.80000000,2.1627
1749260972,2.16700000,26178.30000000,2.1627
1749260972,2.16710000,25208.30000000,2.1627
1749260972,2.16720000,15901.50000000,2.1627
1749260972,2.16730000,1700.40000000,2.1627
1749260972,2.16740000,18274.80000000,2.1627
1749260972,2.16750000,4449.00000000,2.1627
1749260972,2.16760000,9071.50000000,2.1627
1749260972,2.16770000,5891.10000000,2.1627
1749260972,2.16780000,11075.90000000,2.1627
1749260972,2.16790000,2508.80000000,2.1627
1749260972,2.16800000,7081.50000000,2.1627
1749260972,2.16810000,4656.50000000,2.1627
1749260972,2.16820000,2492.20000000,2.1627
1749260972,2.16830000,10241.90000000,2.1627
1749260972,2.16840000,1903.70000000,2.1627
1749260972,2.16850000,106157.00000000,2.1627
1749260972,2.16860000,3517.60000000,2.1627
1749260972,2.16870000,11156.30000000,2.1627
1749260972,2.16880000,74.40000000,2.1627
1749260972,2.16890000,9476.40000000,2.1627
1749260972,2.16900000,5976.90000000,2.1627
1749260972,2.16910000,2534.10000000,2.1627
1749260972,2.16920000,7791.50000000,2.1627
1749260972,2.16930000,90450.10000000,2.1627
1749260972,2.16940000,2556.40000000,2.1627
1749260972,2.16950000,2351.60000000,2.1627
1749260972,2.16960000,2523.90000000,2.1627
1749260972,2.16970000,8203.80000000,2.1627
1749260972,2.16980000,14166.10000000,2.1627
1749260972,2.16990000,4200.30000000,2.1627
1749260972,2.17000000,12694.40000000,2.1627
1749260972,2.17010000,143837.60000000,2.1627
1749260972,2.17020000,893.30000000,2.1627
1749260972,2.17030000,4467.60000000,2.1627
1749260972,2.17040000,6521.00000000,2.1627
1749260972,2.17050000,3669.90000000,2.1627
1749260972,2.17060000,303.30000000,2.1627
1749260972,2.17070000,163.70000000,2.1627
1749260972,2.17080000,39.80000000,2.1627
1749260972,2.17100000,21.50000000,2.1627
1749260972,2.17110000,5016.60000000,2.1627
1749260972,2.17120000,4757.10000000,2.1627
1749260972,2.17130000,6968.20000000,2.1627
1749260972,2.17140000,11875.50000000,2.1627
1749260972,2.17150000,2.40000000,2.1627
1749260972,2.17160000,133.20000000,2.1627
1749260972,2.17170000,1722.80000000,2.1627
1749260972,2.17180000,3245.90000000,2.1627
1749260972,2.17190000,27.80000000,2.1627
1749260972,2.17200000,40.60000000,2.1627
1749260972,2.17210000,5750.70000000,2.1627
1749260972,2.17220000,12.00000000,2.1627
1749260972,2.17230000,108.90000000,2.1627
1749260972,2.17240000,753.00000000,2.1627
1749260972,2.17250000,89.40000000,2.1627
1749260972,2.17260000,7115.60000000,2.1627
1749260972,2.17270000,3229.90000000,2.1627
1749261274,2.16130000,16752.10000000,2.1613
1749261274,2.16140000,47630.30000000,2.1613
1749261274,2.16150000,42328.00000000,2.1613
1749261274,2.16160000,35226.30000000,2.1613
1749261274,2.16170000,12792.90000000,2.1613
1749261274,2.16180000,8033.30000000,2.1613
1749261274,2.16190000,26635.90000000,2.1613
1749261274,2.16200000,16477.20000000,2.1613
1749261274,2.16210000,12198.90000000,2.1613
1749261274,2.16220000,13755.60000000,2.1613
1749261274,2.16230000,4857.30000000,2.1613
1749261274,2.16240000,17120.00000000,2.1613
1749261274,2.16250000,20087.10000000,2.1613
1749261274,2.16260000,14626.50000000,2.1613
1749261274,2.16270000,21001.70000000,2.1613
1749261274,2.16280000,8984.30000000,2.1613
1749261274,2.16290000,10862.40000000,2.1613
1749261274,2.16300000,9202.70000000,2.1613
1749261274,2.16310000,14147.80000000,2.1613
1749261274,2.16320000,17765.40000000,2.1613
1749261274,2.16330000,12561.70000000,2.1613
1749261274,2.16340000,16472.90000000,2.1613
1749261274,2.16350000,17442.30000000,2.1613
1749261274,2.16360000,9672.80000000,2.1613
1749261274,2.16370000,2118.60000000,2.1613
1749261274,2.16380000,4770.90000000,2.1613
1749261274,2.16390000,1922.10000000,2.1613
1749261274,2.16400000,7255.70000000,2.1613
1749261274,2.16410000,8882.60000000,2.1613
1749261274,2.16420000,12091.10000000,2.1613
1749261274,2.16430000,8650.20000000,2.1613
1749261274,2.16440000,10819.70000000,2.1613
1749261274,2.16450000,4369.10000000,2.1613
1749261274,2.16460000,2908.90000000,2.1613
1749261274,2.16470000,6165.60000000,2.1613
1749261274,2.16480000,3173.20000000,2.1613
1749261274,2.16490000,13927.90000000,2.1613
1749261274,2.16500000,11135.00000000,2.1613
1749261274,2.16510000,6673.10000000,2.1613
1749261274,2.16520000,21856.90000000,2.1613
1749261274,2.16530000,31938.40000000,2.1613
1749261274,2.16540000,13040.40000000,2.1613
1749261274,2.16550000,13309.60000000,2.1613
1749261274,2.16560000,6770.00000000,2.1613
1749261274,2.16570000,2939.20000000,2.1613
1749261274,2.16580000,7082.10000000,2.1613
1749261274,2.16590000,11938.00000000,2.1613
1749261274,2.16600000,14877.00000000,2.1613
1749261274,2.16610000,37984.70000000,2.1613
1749261274,2.16620000,12798.20000000,2.1613
1749261274,2.16630000,635.30000000,2.1613
1749261274,2.16640000,41704.40000000,2.1613
1749261274,2.16650000,5586.50000000,2.1613
1749261274,2.16660000,4894.90000000,2.1613
1749261274,2.16670000,502.40000000,2.1613
1749261274,2.16680000,4890.90000000,2.1613
1749261274,2.16690000,9091.00000000,2.1613
1749261274,2.16700000,4270.20000000,2.1613
1749261274,2.16710000,11330.40000000,2.1613
1749261274,2.16720000,13249.80000000,2.1613
1749261274,2.16730000,53.30000000,2.1613
1749261274,2.16740000,18552.40000000,2.1613
1749261274,2.16750000,4379.60000000,2.1613
1749261274,2.16760000,9071.50000000,2.1613
1749261274,2.16770000,4972.00000000,2.1613
1749261274,2.16780000,3575.90000000,2.1613
1749261274,2.16790000,2508.80000000,2.1613
1749261274,2.16800000,7081.50000000,2.1613
1749261274,2.16810000,10637.10000000,2.1613
1749261274,2.16820000,16318.60000000,2.1613
1749261274,2.16830000,7946.90000000,2.1613
1749261274,2.16840000,1861.70000000,2.1613
1749261274,2.16850000,106157.00000000,2.1613
1749261274,2.16860000,1222.60000000,2.1613
1749261274,2.16870000,11156.30000000,2.1613
1749261274,2.16880000,74.40000000,2.1613
1749261274,2.16890000,7181.40000000,2.1613
1749261274,2.16900000,8132.30000000,2.1613
1749261274,2.16910000,285.50000000,2.1613
1749261274,2.16920000,4387.30000000,2.1613
1749261274,2.16930000,90176.70000000,2.1613
1749261274,2.16940000,5007.30000000,2.1613
1749261274,2.16950000,51.90000000,2.1613
1749261274,2.16960000,13.80000000,2.1613
1749261274,2.16970000,5831.50000000,2.1613
1749261274,2.16990000,1695.60000000,2.1613
1749261274,2.17000000,10756.10000000,2.1613
1749261274,2.17010000,141336.20000000,2.1613
1749261274,2.17020000,13.40000000,2.1613
1749261274,2.17030000,4083.60000000,2.1613
1749261274,2.17040000,5817.70000000,2.1613
1749261274,2.17050000,2006.60000000,2.1613
1749261274,2.17060000,39.30000000,2.1613
1749261274,2.17070000,163.70000000,2.1613
1749261274,2.17080000,39.80000000,2.1613
1749261274,2.17100000,21.50000000,2.1613
1749261274,2.17110000,3353.30000000,2.1613
1749261274,2.17120000,135.00000000,2.1613
1749261274,2.17130000,6968.20000000,2.1613
1749261274,2.17140000,11875.50000000,2.1613
1749261575,2.16240000,4644.00000000,2.1624
1749261575,2.16250000,132.50000000,2.1624
1749261575,2.16260000,920.00000000,2.1624
1749261575,2.16270000,5260.10000000,2.1624
1749261575,2.16280000,17589.30000000,2.1624
1749261575,2.16290000,21642.90000000,2.1624
1749261575,2.16300000,14260.60000000,2.1624
1749261575,2.16310000,10932.60000000,2.1624
1749261575,2.16320000,13413.90000000,2.1624
1749261575,2.16330000,18062.20000000,2.1624
1749261575,2.16340000,25989.20000000,2.1624
1749261575,2.16350000,21945.30000000,2.1624
1749261575,2.16360000,14380.20000000,2.1624
1749261575,2.16370000,4027.70000000,2.1624
1749261575,2.16380000,10951.90000000,2.1624
1749261575,2.16390000,2710.30000000,2.1624
1749261575,2.16400000,5862.90000000,2.1624
1749261575,2.16410000,5891.60000000,2.1624
1749261575,2.16420000,16331.40000000,2.1624
1749261575,2.16430000,16830.00000000,2.1624
1749261575,2.16440000,16257.90000000,2.1624
1749261575,2.16450000,20832.30000000,2.1624
1749261575,2.16460000,9423.50000000,2.1624
1749261575,2.16470000,8894.60000000,2.1624
1749261575,2.16480000,8645.30000000,2.1624
1749261575,2.16490000,14069.40000000,2.1624
1749261575,2.16500000,10107.10000000,2.1624
1749261575,2.16510000,3967.50000000,2.1624
1749261575,2.16520000,5554.10000000,2.1624
1749261575,2.16530000,12514.30000000,2.1624
1749261575,2.16540000,6083.10000000,2.1624
1749261575,2.16550000,5713.40000000,2.1624
1749261575,2.16560000,12368.10000000,2.1624
1749261575,2.16570000,7289.60000000,2.1624
1749261575,2.16580000,10111.80000000,2.1624
1749261575,2.16590000,14425.10000000,2.1624
1749261575,2.16600000,13037.50000000,2.1624
1749261575,2.16610000,31645.00000000,2.1624
1749261575,2.16620000,24983.50000000,2.1624
1749261575,2.16630000,14628.00000000,2.1624
1749261575,2.16640000,41758.10000000,2.1624
1749261575,2.16650000,8284.70000000,2.1624
1749261575,2.16660000,8678.20000000,2.1624
1749261575,2.16670000,3538.30000000,2.1624
1749261575,2.16680000,11672.80000000,2.1624
1749261575,2.16690000,30762.90000000,2.1624
1749261575,2.16700000,2622.80000000,2.1624
1749261575,2.16710000,12288.00000000,2.1624
1749261575,2.16720000,12098.60000000,2.1624
1749261575,2.16730000,7.20000000,2.1624
1749261575,2.16740000,18552.40000000,2.1624
1749261575,2.16750000,4479.60000000,2.1624
1749261575,2.16760000,8840.50000000,2.1624
1749261575,2.16770000,4746.90000000,2.1624
1749261575,2.16780000,3388.70000000,2.1624
1749261575,2.16790000,2462.70000000,2.1624
1749261575,2.16800000,7083.90000000,2.1624
1749261575,2.16810000,10342.40000000,2.1624
1749261575,2.16820000,2261.20000000,2.1624
1749261575,2.16830000,24069.90000000,2.1624
1749261575,2.16840000,1861.70000000,2.1624
1749261575,2.16850000,106158.20000000,2.1624
1749261575,2.16860000,3517.60000000,2.1624
1749261575,2.16870000,11158.70000000,2.1624
1749261575,2.16880000,68.30000000,2.1624
1749261575,2.16890000,9476.40000000,2.1624
1749261575,2.16900000,8139.40000000,2.1624
1749261575,2.16910000,287.80000000,2.1624
1749261575,2.16920000,6687.00000000,2.1624
1749261575,2.16930000,92347.90000000,2.1624
1749261575,2.16940000,4968.30000000,2.1624
1749261575,2.16950000,2562.50000000,2.1624
1749261575,2.16960000,64.70000000,2.1624
1749261575,2.16970000,8339.50000000,2.1624
1749261575,2.16980000,4.70000000,2.1624
1749261575,2.16990000,4207.40000000,2.1624
1749261575,2.17000000,13224.50000000,2.1624
1749261575,2.17010000,143750.70000000,2.1624
1749261575,2.17020000,80.50000000,2.1624
1749261575,2.17030000,3951.80000000,2.1624
1749261575,2.17040000,6041.60000000,2.1624
1749261575,2.17050000,2007.70000000,2.1624
1749261575,2.17060000,36.90000000,2.1624
1749261575,2.17070000,212.30000000,2.1624
1749261575,2.17080000,37.40000000,2.1624
1749261575,2.17090000,46.20000000,2.1624
1749261575,2.17100000,21.50000000,2.1624
1749261575,2.17110000,3309.40000000,2.1624
1749261575,2.17120000,132.60000000,2.1624
1749261575,2.17130000,6968.20000000,2.1624
1749261575,2.17140000,11877.90000000,2.1624
1749261575,2.17150000,46.20000000,2.1624
1749261575,2.17160000,133.20000000,2.1624
1749261575,2.17170000,13.20000000,2.1624
1749261575,2.17180000,3248.30000000,2.1624
1749261575,2.17190000,25.40000000,2.1624
1749261575,2.17200000,40.60000000,2.1624
1749261575,2.17210000,5753.10000000,2.1624
1749261575,2.17220000,930.30000000,2.1624
1749261575,2.17230000,58.90000000,2.1624
1749261887,2.16010000,15160.30000000,2.1601
1749261887,2.16020000,21947.70000000,2.1601
1749261887,2.16030000,22717.30000000,2.1601
1749261887,2.16040000,27018.70000000,2.1601
1749261887,2.16050000,36420.80000000,2.1601
1749261887,2.16060000,27352.80000000,2.1601
1749261887,2.16070000,13604.20000000,2.1601
1749261887,2.16080000,27835.50000000,2.1601
1749261887,2.16090000,13362.10000000,2.1601
1749261887,2.16100000,28286.50000000,2.1601
1749261887,2.16110000,3483.30000000,2.1601
1749261887,2.16120000,7628.70000000,2.1601
1749261887,2.16130000,19376.80000000,2.1601
1749261887,2.16140000,7186.50000000,2.1601
1749261887,2.16150000,6967.80000000,2.1601
1749261887,2.16160000,10012.80000000,2.1601
1749261887,2.16170000,13806.10000000,2.1601
1749261887,2.16180000,12859.20000000,2.1601
1749261887,2.16190000,11705.80000000,2.1601
1749261887,2.16200000,16210.70000000,2.1601
1749261887,2.16210000,8145.20000000,2.1601
1749261887,2.16220000,14463.80000000,2.1601
1749261887,2.16230000,5223.60000000,2.1601
1749261887,2.16240000,7400.20000000,2.1601
1749261887,2.16250000,7193.20000000,2.1601
1749261887,2.16260000,8409.50000000,2.1601
1749261887,2.16270000,10231.80000000,2.1601
1749261887,2.16280000,4951.50000000,2.1601
1749261887,2.16290000,7314.30000000,2.1601
1749261887,2.16300000,5870.70000000,2.1601
1749261887,2.16310000,8001.60000000,2.1601
1749261887,2.16320000,4848.30000000,2.1601
1749261887,2.16330000,2813.20000000,2.1601
1749261887,2.16340000,12391.60000000,2.1601
1749261887,2.16350000,9195.10000000,2.1601
1749261887,2.16360000,5797.40000000,2.1601
1749261887,2.16370000,2619.50000000,2.1601
1749261887,2.16380000,5747.80000000,2.1601
1749261887,2.16390000,1679.60000000,2.1601
1749261887,2.16400000,6144.30000000,2.1601
1749261887,2.16410000,5894.30000000,2.1601
1749261887,2.16420000,16141.80000000,2.1601
1749261887,2.16430000,23893.30000000,2.1601
1749261887,2.16440000,20053.00000000,2.1601
1749261887,2.16450000,8783.10000000,2.1601
1749261887,2.16460000,14380.70000000,2.1601
1749261887,2.16470000,14946.10000000,2.1601
1749261887,2.16480000,6624.20000000,2.1601
1749261887,2.16490000,22909.60000000,2.1601
1749261887,2.16500000,11581.70000000,2.1601
1749261887,2.16510000,9234.00000000,2.1601
1749261887,2.16520000,21622.00000000,2.1601
1749261887,2.16530000,12510.60000000,2.1601
1749261887,2.16540000,5608.60000000,2.1601
1749261887,2.16550000,5684.40000000,2.1601
1749261887,2.16560000,9963.80000000,2.1601
1749261887,2.16570000,2936.80000000,2.1601
1749261887,2.16580000,1088.20000000,2.1601
1749261887,2.16590000,6789.80000000,2.1601
1749261887,2.16600000,1686.10000000,2.1601
1749261887,2.16610000,14402.40000000,2.1601
1749261887,2.16620000,12695.80000000,2.1601
1749261887,2.16630000,32.10000000,2.1601
1749261887,2.16640000,38824.20000000,2.1601
1749261887,2.16650000,2306.10000000,2.1601
1749261887,2.16660000,2886.50000000,2.1601
1749261887,2.16670000,783.30000000,2.1601
1749261887,2.16680000,18911.10000000,2.1601
1749261887,2.16690000,5857.10000000,2.1601
1749261887,2.16700000,2622.80000000,2.1601
1749261887,2.16710000,11327.20000000,2.1601
1749261887,2.16720000,3261.10000000,2.1601
1749261887,2.16730000,9.90000000,2.1601
1749261887,2.16740000,11854.90000000,2.1601
1749261887,2.16750000,4379.60000000,2.1601
1749261887,2.16760000,8840.50000000,2.1601
1749261887,2.16770000,2455.00000000,2.1601
1749261887,2.16780000,8012.70000000,2.1601
1749261887,2.16790000,2458.00000000,2.1601
1749261887,2.16800000,4784.20000000,2.1601
1749261887,2.16810000,10340.80000000,2.1601
1749261887,2.16820000,2064.00000000,2.1601
1749261887,2.16830000,5815.40000000,2.1601
1749261887,2.16840000,42.70000000,2.1601
1749261887,2.16850000,105479.30000000,2.1601
1749261887,2.16860000,19.60000000,2.1601
1749261887,2.16870000,8646.00000000,2.1601
1749261887,2.16880000,63.60000000,2.1601
1749261887,2.16890000,4670.40000000,2.1601
1749261887,2.16900000,35874.60000000,2.1601
1749261887,2.16910000,20.90000000,2.1601
1749261887,2.16920000,3254.90000000,2.1601
1749261887,2.16930000,90172.90000000,2.1601
1749261887,2.16940000,2.40000000,2.1601
1749261887,2.16950000,51.90000000,2.1601
1749261887,2.16960000,60.00000000,2.1601
1749261887,2.16970000,5831.50000000,2.1601
1749261887,2.16990000,1693.20000000,2.1601
1749261887,2.17000000,10586.80000000,2.1601
1749261887,2.17010000,141292.50000000,2.1601
1749262188,2.15990000,474.30000000,2.1599
1749262188,2.16000000,7.40000000,2.1599
1749262188,2.16010000,6881.90000000,2.1599
1749262188,2.16020000,28699.50000000,2.1599
1749262188,2.16030000,21946.60000000,2.1599
1749262188,2.16040000,24363.30000000,2.1599
1749262188,2.16050000,21122.50000000,2.1599
1749262188,2.16060000,9167.90000000,2.1599
1749262188,2.16070000,8661.10000000,2.1599
1749262188,2.16080000,22021.80000000,2.1599
1749262188,2.16090000,9301.90000000,2.1599
1749262188,2.16100000,12771.90000000,2.1599
1749262188,2.16110000,5515.30000000,2.1599
1749262188,2.16120000,14273.30000000,2.1599
1749262188,2.16130000,9854.60000000,2.1599
1749262188,2.16140000,7488.80000000,2.1599
1749262188,2.16150000,12866.50000000,2.1599
1749262188,2.16160000,11391.50000000,2.1599
1749262188,2.16170000,17559.50000000,2.1599
1749262188,2.16180000,8047.30000000,2.1599
1749262188,2.16190000,13888.60000000,2.1599
1749262188,2.16200000,21537.60000000,2.1599
1749262188,2.16210000,5882.20000000,2.1599
1749262188,2.16220000,7066.70000000,2.1599
1749262188,2.16230000,5221.00000000,2.1599
1749262188,2.16240000,7400.20000000,2.1599
1749262188,2.16250000,6960.30000000,2.1599
1749262188,2.16260000,10308.00000000,2.1599
1749262188,2.16270000,17063.40000000,2.1599
1749262188,2.16280000,14046.90000000,2.1599
1749262188,2.16290000,8826.00000000,2.1599
1749262188,2.16300000,5861.10000000,2.1599
1749262188,2.16310000,8929.20000000,2.1599
1749262188,2.16320000,4852.10000000,2.1599
1749262188,2.16330000,5739.60000000,2.1599
1749262188,2.16340000,31656.50000000,2.1599
1749262188,2.16350000,19531.30000000,2.1599
1749262188,2.16360000,6357.30000000,2.1599
1749262188,2.16370000,3675.60000000,2.1599
1749262188,2.16380000,6650.30000000,2.1599
1749262188,2.16390000,3801.60000000,2.1599
1749262188,2.16400000,5293.20000000,2.1599
1749262188,2.16410000,5275.30000000,2.1599
1749262188,2.16420000,14303.70000000,2.1599
1749262188,2.16430000,17712.00000000,2.1599
1749262188,2.16440000,10715.40000000,2.1599
1749262188,2.16450000,6794.10000000,2.1599
1749262188,2.16460000,22149.50000000,2.1599
1749262188,2.16470000,39963.70000000,2.1599
1749262188,2.16480000,5932.30000000,2.1599
1749262188,2.16490000,22425.10000000,2.1599
1749262188,2.16500000,9157.90000000,2.1599
1749262188,2.16510000,4016.40000000,2.1599
1749262188,2.16520000,2120.80000000,2.1599
1749262188,2.16530000,11141.60000000,2.1599
1749262188,2.16540000,3043.60000000,2.1599
1749262188,2.16550000,728.20000000,2.1599
1749262188,2.16560000,4878.40000000,2.1599
1749262188,2.16570000,1549.90000000,2.1599
1749262188,2.16580000,1088.20000000,2.1599
1749262188,2.16590000,5402.90000000,2.1599
1749262188,2.16600000,6110.50000000,2.1599
1749262188,2.16610000,116644.40000000,2.1599
1749262188,2.16620000,12695.80000000,2.1599
1749262188,2.16630000,32.10000000,2.1599
1749262188,2.16640000,4149.70000000,2.1599
1749262188,2.16650000,2306.10000000,2.1599
1749262188,2.16660000,2586.40000000,2.1599
1749262188,2.16670000,552.20000000,2.1599
1749262188,2.16680000,4739.20000000,2.1599
1749262188,2.16690000,19691.20000000,2.1599
1749262188,2.16700000,143736.70000000,2.1599
1749262188,2.16710000,10150.00000000,2.1599
1749262188,2.16720000,4823.60000000,2.1599
1749262188,2.16730000,2057.80000000,2.1599
1749262188,2.16740000,9701.20000000,2.1599
1749262188,2.16750000,4304.50000000,2.1599
1749262188,2.16760000,6341.80000000,2.1599
1749262188,2.16770000,436.40000000,2.1599
1749262188,2.16780000,3348.10000000,2.1599
1749262188,2.16790000,4.00000000,2.1599
1749262188,2.16800000,4708.70000000,2.1599
1749262188,2.16810000,7817.50000000,2.1599
1749262188,2.16820000,10.80000000,2.1599
1749262188,2.16830000,5815.40000000,2.1599
1749262188,2.16840000,5.60000000,2.1599
1749262188,2.16850000,3237.30000000,2.1599
1749262188,2.16860000,19.60000000,2.1599
1749262188,2.16870000,8646.00000000,2.1599
1749262188,2.16880000,63.60000000,2.1599
1749262188,2.16890000,52.40000000,2.1599
1749262188,2.16900000,35874.60000000,2.1599
1749262188,2.16910000,20.90000000,2.1599
1749262188,2.16920000,3254.90000000,2.1599
1749262188,2.16930000,90172.90000000,2.1599
1749262188,2.16940000,2.40000000,2.1599
1749262188,2.16950000,716.20000000,2.1599
1749262188,2.16960000,3679.00000000,2.1599
1749262188,2.16970000,5831.50000000,2.1599
1749262188,2.16990000,1957.20000000,2.1599
1749262489,2.16370000,5437.70000000,2.1637
1749262489,2.16380000,200.00000000,2.1637
1749262489,2.16390000,17184.60000000,2.1637
1749262489,2.16400000,15817.00000000,2.1637
1749262489,2.16410000,29272.90000000,2.1637
1749262489,2.16420000,24570.70000000,2.1637
1749262489,2.16430000,18192.50000000,2.1637
1749262489,2.16440000,12853.80000000,2.1637
1749262489,2.16450000,16645.50000000,2.1637
1749262489,2.16460000,20395.60000000,2.1637
1749262489,2.16470000,14352.30000000,2.1637
1749262489,2.16480000,7833.20000000,2.1637
1749262489,2.16490000,10409.20000000,2.1637
1749262489,2.16500000,13235.40000000,2.1637
1749262489,2.16510000,21161.70000000,2.1637
1749262489,2.16520000,6605.50000000,2.1637
1749262489,2.16530000,16095.00000000,2.1637
1749262489,2.16540000,7697.40000000,2.1637
1749262489,2.16550000,17878.60000000,2.1637
1749262489,2.16560000,5395.50000000,2.1637
1749262489,2.16570000,3233.00000000,2.1637
1749262489,2.16580000,8409.90000000,2.1637
1749262489,2.16590000,11225.60000000,2.1637
1749262489,2.16600000,9394.50000000,2.1637
1749262489,2.16610000,19949.50000000,2.1637
1749262489,2.16620000,15930.10000000,2.1637
1749262489,2.16630000,2666.30000000,2.1637
1749262489,2.16640000,4979.60000000,2.1637
1749262489,2.16650000,4245.60000000,2.1637
1749262489,2.16660000,4002.10000000,2.1637
1749262489,2.16670000,6595.80000000,2.1637
1749262489,2.16680000,19418.80000000,2.1637
1749262489,2.16690000,11996.00000000,2.1637
1749262489,2.16700000,10222.10000000,2.1637
1749262489,2.16710000,15467.50000000,2.1637
1749262489,2.16720000,9380.40000000,2.1637
1749262489,2.16730000,16162.30000000,2.1637
1749262489,2.16740000,21249.00000000,2.1637
1749262489,2.16750000,12283.40000000,2.1637
1749262489,2.16760000,13209.80000000,2.1637
1749262489,2.16770000,6111.30000000,2.1637
1749262489,2.16780000,11770.30000000,2.1637
1749262489,2.16790000,19044.20000000,2.1637
1749262489,2.16800000,16274.00000000,2.1637
1749262489,2.16810000,31239.10000000,2.1637
1749262489,2.16820000,4814.80000000,2.1637
1749262489,2.16830000,9334.70000000,2.1637
1749262489,2.16840000,10345.50000000,2.1637
1749262489,2.16850000,5159.20000000,2.1637
1749262489,2.16860000,3075.00000000,2.1637
1749262489,2.16870000,45190.20000000,2.1637
1749262489,2.16880000,2490.90000000,2.1637
1749262489,2.16890000,6972.50000000,2.1637
1749262489,2.16900000,38258.20000000,2.1637
1749262489,2.16910000,2298.10000000,2.1637
1749262489,2.16920000,5768.90000000,2.1637
1749262489,2.16930000,92595.00000000,2.1637
1749262489,2.16940000,7.10000000,2.1637
1749262489,2.16950000,4769.00000000,2.1637
1749262489,2.16960000,2081.30000000,2.1637
1749262489,2.16970000,110013.90000000,2.1637
1749262489,2.16980000,2778.20000000,2.1637
1749262489,2.16990000,2663.10000000,2.1637
1749262489,2.17000000,13406.10000000,2.1637
1749262489,2.17010000,16153.60000000,2.1637
1749262489,2.17020000,391.10000000,2.1637
1749262489,2.17030000,6196.60000000,2.1637
1749262489,2.17040000,5782.30000000,2.1637
1749262489,2.17050000,4186.00000000,2.1637
1749262489,2.17060000,32.00000000,2.1637
1749262489,2.17070000,2632.10000000,2.1637
1749262489,2.17080000,2168.60000000,2.1637
1749262489,2.17090000,544.70000000,2.1637
1749262489,2.17100000,801.00000000,2.1637
1749262489,2.17110000,4977.40000000,2.1637
1749262489,2.17120000,678.70000000,2.1637
1749262489,2.17130000,6972.90000000,2.1637
1749262489,2.17140000,16499.40000000,2.1637
1749262489,2.17150000,141327.20000000,2.1637
1749262489,2.17160000,410.50000000,2.1637
1749262489,2.17170000,1676.50000000,2.1637
1749262489,2.17180000,3248.30000000,2.1637
1749262489,2.17190000,25.40000000,2.1637
1749262489,2.17200000,56.80000000,2.1637
1749262489,2.17210000,5753.10000000,2.1637
1749262489,2.17220000,9.60000000,2.1637
1749262489,2.17230000,1722.20000000,2.1637
1749262489,2.17240000,801.60000000,2.1637
1749262489,2.17250000,87.00000000,2.1637
1749262489,2.17260000,7115.60000000,2.1637
1749262489,2.17270000,3229.90000000,2.1637
1749262489,2.17280000,177583.90000000,2.1637
1749262489,2.17290000,7531.60000000,2.1637
1749262489,2.17300000,56.70000000,2.1637
1749262489,2.17310000,6.40000000,2.1637
1749262489,2.17320000,118.30000000,2.1637
1749262489,2.17330000,287.30000000,2.1637
1749262489,2.17340000,3.00000000,2.1637
1749262489,2.17350000,3250.60000000,2.1637
1749262489,2.17360000,30.10000000,2.1637
1749262791,2.16490000,3198.20000000,2.1648
1749262791,2.16500000,3040.70000000,2.1648
1749262791,2.16510000,12707.20000000,2.1648
1749262791,2.16520000,25645.00000000,2.1648
1749262791,2.16530000,23977.60000000,2.1648
1749262791,2.16540000,25497.50000000,2.1648
1749262791,2.16550000,39128.30000000,2.1648
1749262791,2.16560000,28531.20000000,2.1648
1749262791,2.16570000,28213.10000000,2.1648
1749262791,2.16580000,11975.80000000,2.1648
1749262791,2.16590000,3438.20000000,2.1648
1749262791,2.16600000,6876.60000000,2.1648
1749262791,2.16610000,12203.00000000,2.1648
1749262791,2.16620000,20404.80000000,2.1648
1749262791,2.16630000,6802.20000000,2.1648
1749262791,2.16640000,3319.40000000,2.1648
1749262791,2.16650000,3419.30000000,2.1648
1749262791,2.16660000,3534.40000000,2.1648
1749262791,2.16670000,12315.40000000,2.1648
1749262791,2.16680000,10788.60000000,2.1648
1749262791,2.16690000,14191.40000000,2.1648
1749262791,2.16700000,23123.20000000,2.1648
1749262791,2.16710000,14847.90000000,2.1648
1749262791,2.16720000,12017.80000000,2.1648
1749262791,2.16730000,12544.80000000,2.1648
1749262791,2.16740000,12026.40000000,2.1648
1749262791,2.16750000,11245.70000000,2.1648
1749262791,2.16760000,13358.10000000,2.1648
1749262791,2.16770000,9245.40000000,2.1648
1749262791,2.16780000,14338.20000000,2.1648
1749262791,2.16790000,6197.00000000,2.1648
1749262791,2.16800000,9059.40000000,2.1648
1749262791,2.16810000,6737.50000000,2.1648
1749262791,2.16820000,8561.40000000,2.1648
1749262791,2.16830000,13957.80000000,2.1648
1749262791,2.16840000,6872.10000000,2.1648
1749262791,2.16850000,13624.10000000,2.1648
1749262791,2.16860000,6648.40000000,2.1648
1749262791,2.16870000,15412.80000000,2.1648
1749262791,2.16880000,20495.90000000,2.1648
1749262791,2.16890000,48367.10000000,2.1648
1749262791,2.16900000,13757.40000000,2.1648
1749262791,2.16910000,10492.30000000,2.1648
1749262791,2.16920000,33603.60000000,2.1648
1749262791,2.16930000,107424.10000000,2.1648
1749262791,2.16940000,14082.80000000,2.1648
1749262791,2.16950000,6646.90000000,2.1648
1749262791,2.16960000,2314.50000000,2.1648
1749262791,2.16970000,25310.20000000,2.1648
1749262791,2.16980000,7396.20000000,2.1648
1749262791,2.16990000,3819.30000000,2.1648
1749262791,2.17000000,13406.10000000,2.1648
1749262791,2.17010000,4732.10000000,2.1648
1749262791,2.17020000,129.50000000,2.1648
1749262791,2.17030000,6196.60000000,2.1648
1749262791,2.17040000,8074.90000000,2.1648
1749262791,2.17050000,112115.50000000,2.1648
1749262791,2.17060000,296.00000000,2.1648
1749262791,2.17070000,9392.30000000,2.1648
1749262791,2.17080000,2168.60000000,2.1648
1749262791,2.17090000,614.00000000,2.1648
1749262791,2.17100000,4730.40000000,2.1648
1749262791,2.17110000,4981.30000000,2.1648
1749262791,2.17120000,2639.60000000,2.1648
1749262791,2.17130000,9267.90000000,2.1648
1749262791,2.17140000,13152.50000000,2.1648
1749262791,2.17150000,50.90000000,2.1648
1749262791,2.17160000,5122.80000000,2.1648
1749262791,2.17170000,4093.20000000,2.1648
1749262791,2.17180000,3253.00000000,2.1648
1749262791,2.17190000,16240.30000000,2.1648
1749262791,2.17200000,61.50000000,2.1648
1749262791,2.17210000,149565.40000000,2.1648
1749262791,2.17220000,1421.40000000,2.1648
1749262791,2.17230000,1733.20000000,2.1648
1749262791,2.17240000,812.60000000,2.1648
1749262791,2.17250000,91.70000000,2.1648
1749262791,2.17260000,7115.60000000,2.1648
1749262791,2.17270000,3229.90000000,2.1648
1749262791,2.17280000,18.40000000,2.1648
1749262791,2.17290000,7531.60000000,2.1648
1749262791,2.17300000,210.40000000,2.1648
1749262791,2.17310000,6.40000000,2.1648
1749262791,2.17320000,4735.70000000,2.1648
1749262791,2.17330000,287.30000000,2.1648
1749262791,2.17340000,3.00000000,2.1648
1749262791,2.17350000,4913.90000000,2.1648
1749262791,2.17360000,30.10000000,2.1648
1749262791,2.17370000,2305.30000000,2.1648
1749262791,2.17380000,9.70000000,2.1648
1749262791,2.17390000,7006.60000000,2.1648
1749262791,2.17400000,35880.60000000,2.1648
1749262791,2.17410000,1693.90000000,2.1648
1749262791,2.17420000,9052.70000000,2.1648
1749262791,2.17430000,71.00000000,2.1648
1749262791,2.17440000,11.20000000,2.1648
1749262791,2.17450000,62.10000000,2.1648
1749262791,2.17460000,25.60000000,2.1648
1749262791,2.17470000,5886.00000000,2.1648
1749262791,2.17480000,173628.50000000,2.1648
1749263093,2.16680000,16530.20000000,2.1668
1749263093,2.16690000,5958.00000000,2.1668
1749263093,2.16700000,5456.80000000,2.1668
1749263093,2.16710000,12923.20000000,2.1668
1749263093,2.16720000,18714.40000000,2.1668
1749263093,2.16730000,22884.20000000,2.1668
1749263093,2.16740000,15317.00000000,2.1668
1749263093,2.16750000,16867.80000000,2.1668
1749263093,2.16760000,9457.20000000,2.1668
1749263093,2.16770000,10828.10000000,2.1668
1749263093,2.16780000,15015.10000000,2.1668
1749263093,2.16790000,15256.30000000,2.1668
1749263093,2.16800000,12703.60000000,2.1668
1749263093,2.16810000,8978.50000000,2.1668
1749263093,2.16820000,11709.80000000,2.1668
1749263093,2.16830000,11137.20000000,2.1668
1749263093,2.16840000,4793.00000000,2.1668
1749263093,2.16850000,12213.30000000,2.1668
1749263093,2.16860000,16257.30000000,2.1668
1749263093,2.16870000,14424.80000000,2.1668
1749263093,2.16880000,6376.00000000,2.1668
1749263093,2.16890000,14385.60000000,2.1668
1749263093,2.16900000,15739.70000000,2.1668
1749263093,2.16910000,6758.40000000,2.1668
1749263093,2.16920000,33528.20000000,2.1668
1749263093,2.16930000,95641.70000000,2.1668
1749263093,2.16940000,8166.70000000,2.1668
1749263093,2.16950000,14169.00000000,2.1668
1749263093,2.16960000,10805.70000000,2.1668
1749263093,2.16970000,27761.00000000,2.1668
1749263093,2.16980000,14459.50000000,2.1668
1749263093,2.16990000,12551.30000000,2.1668
1749263093,2.17000000,22708.90000000,2.1668
1749263093,2.17010000,16365.30000000,2.1668
1749263093,2.17020000,18942.70000000,2.1668
1749263093,2.17030000,56811.20000000,2.1668
1749263093,2.17040000,48344.20000000,2.1668
1749263093,2.17050000,114505.20000000,2.1668
1749263093,2.17060000,34.40000000,2.1668
1749263093,2.17070000,9392.30000000,2.1668
1749263093,2.17080000,6929.00000000,2.1668
1749263093,2.17090000,9673.40000000,2.1668
1749263093,2.17100000,4976.60000000,2.1668
1749263093,2.17110000,5900.40000000,2.1668
1749263093,2.17120000,2597.60000000,2.1668
1749263093,2.17130000,9267.90000000,2.1668
1749263093,2.17140000,7237.80000000,2.1668
1749263093,2.17150000,50.90000000,2.1668
1749263093,2.17160000,5122.80000000,2.1668
1749263093,2.17170000,5012.30000000,2.1668
1749263093,2.17180000,3253.00000000,2.1668
1749263093,2.17190000,3741.50000000,2.1668
1749263093,2.17200000,2496.90000000,2.1668
1749263093,2.17210000,147157.80000000,2.1668
1749263093,2.17220000,4739.30000000,2.1668
1749263093,2.17230000,1768.90000000,2.1668
1749263093,2.17240000,3236.20000000,2.1668
1749263093,2.17250000,4805.90000000,2.1668
1749263093,2.17260000,7130.60000000,2.1668
1749263093,2.17270000,5663.90000000,2.1668
1749263093,2.17280000,4731.50000000,2.1668
1749263093,2.17290000,9954.20000000,2.1668
1749263093,2.17300000,4464.80000000,2.1668
1749263093,2.17310000,4668.60000000,2.1668
1749263093,2.17320000,4790.10000000,2.1668
1749263093,2.17330000,2688.50000000,2.1668
1749263093,2.17340000,2313.70000000,2.1668
1749263093,2.17350000,7330.50000000,2.1668
1749263093,2.17360000,30.10000000,2.1668
1749263093,2.17370000,16612.30000000,2.1668
1749263093,2.17380000,9.70000000,2.1668
1749263093,2.17390000,7290.30000000,2.1668
1749263093,2.17400000,35880.60000000,2.1668
1749263093,2.17410000,1693.90000000,2.1668
1749263093,2.17420000,9052.70000000,2.1668
1749263093,2.17430000,71.00000000,2.1668
1749263093,2.17440000,11.20000000,2.1668
1749263093,2.17450000,62.10000000,2.1668
1749263093,2.17460000,25.60000000,2.1668
1749263093,2.17470000,14517.50000000,2.1668
1749263093,2.17480000,173628.50000000,2.1668
1749263093,2.17490000,164.30000000,2.1668
1749263093,2.17500000,6947.10000000,2.1668
1749263093,2.17510000,3752.10000000,2.1668
1749263093,2.17520000,117.90000000,2.1668
1749263093,2.17530000,2018.30000000,2.1668
1749263093,2.17540000,104.10000000,2.1668
1749263093,2.17550000,169.40000000,2.1668
1749263093,2.17560000,66.50000000,2.1668
1749263093,2.17570000,148.50000000,2.1668
1749263093,2.17590000,95.80000000,2.1668
1749263093,2.17600000,323.70000000,2.1668
1749263093,2.17610000,71.50000000,2.1668
1749263093,2.17620000,2.40000000,2.1668
1749263093,2.17630000,6894.00000000,2.1668
1749263093,2.17640000,20699.10000000,2.1668
1749263093,2.17650000,210.40000000,2.1668
1749263093,2.17660000,60.30000000,2.1668
1749263093,2.17670000,8.00000000,2.1668
1749263093,2.17680000,43.10000000,2.1668
1749263394,2.16880000,7802.30000000,2.1688
1749263394,2.16890000,7176.10000000,2.1688
1749263394,2.16900000,14048.30000000,2.1688
1749263394,2.16910000,10499.60000000,2.1688
1749263394,2.16920000,41883.10000000,2.1688
1749263394,2.16930000,99175.10000000,2.1688
1749263394,2.16940000,17641.70000000,2.1688
1749263394,2.16950000,15505.20000000,2.1688
1749263394,2.16960000,7650.50000000,2.1688
1749263394,2.16970000,11287.00000000,2.1688
1749263394,2.16980000,17464.70000000,2.1688
1749263394,2.16990000,12871.20000000,2.1688
1749263394,2.17000000,19832.00000000,2.1688
1749263394,2.17010000,10279.10000000,2.1688
1749263394,2.17020000,6674.10000000,2.1688
1749263394,2.17030000,12370.80000000,2.1688
1749263394,2.17040000,11959.00000000,2.1688
1749263394,2.17050000,9909.80000000,2.1688
1749263394,2.17060000,9466.10000000,2.1688
1749263394,2.17070000,20457.40000000,2.1688
1749263394,2.17080000,4004.10000000,2.1688
1749263394,2.17090000,5428.20000000,2.1688
1749263394,2.17100000,8727.30000000,2.1688
1749263394,2.17110000,8827.40000000,2.1688
1749263394,2.17120000,12436.90000000,2.1688
1749263394,2.17130000,34933.30000000,2.1688
1749263394,2.17140000,33052.70000000,2.1688
1749263394,2.17150000,45090.60000000,2.1688
1749263394,2.17160000,19246.30000000,2.1688
1749263394,2.17170000,10631.60000000,2.1688
1749263394,2.17180000,12553.30000000,2.1688
1749263394,2.17190000,6483.80000000,2.1688
1749263394,2.17200000,8417.60000000,2.1688
1749263394,2.17210000,12208.90000000,2.1688
1749263394,2.17220000,8124.30000000,2.1688
1749263394,2.17230000,9571.50000000,2.1688
1749263394,2.17240000,12862.00000000,2.1688
1749263394,2.17250000,20353.50000000,2.1688
1749263394,2.17260000,10991.00000000,2.1688
1749263394,2.17270000,16283.20000000,2.1688
1749263394,2.17280000,7948.30000000,2.1688
1749263394,2.17290000,10999.40000000,2.1688
1749263394,2.17300000,7098.70000000,2.1688
1749263394,2.17310000,12632.80000000,2.1688
1749263394,2.17320000,985.40000000,2.1688
1749263394,2.17330000,3443.90000000,2.1688
1749263394,2.17340000,4271.20000000,2.1688
1749263394,2.17350000,7335.20000000,2.1688
1749263394,2.17360000,992.30000000,2.1688
1749263394,2.17370000,4735.30000000,2.1688
1749263394,2.17380000,2186.50000000,2.1688
1749263394,2.17390000,7250.20000000,2.1688
1749263394,2.17400000,40534.10000000,2.1688
1749263394,2.17410000,111769.40000000,2.1688
1749263394,2.17420000,11238.10000000,2.1688
1749263394,2.17430000,2619.30000000,2.1688
1749263394,2.17440000,143770.20000000,2.1688
1749263394,2.17450000,2565.30000000,2.1688
1749263394,2.17460000,4074.70000000,2.1688
1749263394,2.17470000,15196.10000000,2.1688
1749263394,2.17480000,1829.00000000,2.1688
1749263394,2.17490000,4889.80000000,2.1688
1749263394,2.17500000,11565.40000000,2.1688
1749263394,2.17510000,6109.10000000,2.1688
1749263394,2.17520000,3300.50000000,2.1688
1749263394,2.17530000,4475.60000000,2.1688
1749263394,2.17540000,2531.60000000,2.1688
1749263394,2.17550000,13953.80000000,2.1688
1749263394,2.17560000,2343.70000000,2.1688
1749263394,2.17570000,298.20000000,2.1688
1749263394,2.17580000,43.10000000,2.1688
1749263394,2.17590000,1763.80000000,2.1688
1749263394,2.17600000,328.40000000,2.1688
1749263394,2.17610000,7044.40000000,2.1688
1749263394,2.17620000,7.10000000,2.1688
1749263394,2.17630000,5979.70000000,2.1688
1749263394,2.17640000,22603.80000000,2.1688
1749263394,2.17650000,1873.70000000,2.1688
1749263394,2.17660000,60.30000000,2.1688
1749263394,2.17670000,8.00000000,2.1688
1749263394,2.17680000,23.80000000,2.1688
1749263394,2.17690000,56.60000000,2.1688
1749263394,2.17700000,216.60000000,2.1688
1749263394,2.17710000,1670.20000000,2.1688
1749263394,2.17720000,58.80000000,2.1688
1749263394,2.17730000,12.60000000,2.1688
1749263394,2.17740000,3.90000000,2.1688
1749263394,2.17750000,53.90000000,2.1688
1749263394,2.17760000,14.60000000,2.1688
1749263394,2.17770000,9570.80000000,2.1688
1749263394,2.17780000,3561.40000000,2.1688
1749263394,2.17790000,172230.00000000,2.1688
1749263394,2.17800000,6254.50000000,2.1688
1749263394,2.17810000,52.70000000,2.1688
1749263394,2.17820000,159.40000000,2.1688
1749263394,2.17830000,337.20000000,2.1688
1749263394,2.17840000,23873.50000000,2.1688
1749263394,2.17850000,9097.30000000,2.1688
1749263394,2.17860000,66.70000000,2.1688
1749263394,2.17870000,29.60000000,2.1688
1749263696,2.16770000,16638.60000000,2.1676
1749263696,2.16780000,7210.80000000,2.1676
1749263696,2.16790000,10832.80000000,2.1676
1749263696,2.16800000,7339.60000000,2.1676
1749263696,2.16810000,3443.70000000,2.1676
1749263696,2.16820000,16587.00000000,2.1676
1749263696,2.16830000,29248.90000000,2.1676
1749263696,2.16840000,3781.20000000,2.1676
1749263696,2.16850000,15027.40000000,2.1676
1749263696,2.16860000,11776.90000000,2.1676
1749263696,2.16870000,5453.70000000,2.1676
1749263696,2.16880000,13804.10000000,2.1676
1749263696,2.16890000,15842.60000000,2.1676
1749263696,2.16900000,10286.20000000,2.1676
1749263696,2.16910000,15971.80000000,2.1676
1749263696,2.16920000,40368.30000000,2.1676
1749263696,2.16930000,99208.50000000,2.1676
1749263696,2.16940000,1905.40000000,2.1676
1749263696,2.16950000,5934.50000000,2.1676
1749263696,2.16960000,7637.60000000,2.1676
1749263696,2.16970000,21099.60000000,2.1676
1749263696,2.16980000,10468.10000000,2.1676
1749263696,2.16990000,9607.00000000,2.1676
1749263696,2.17000000,18200.50000000,2.1676
1749263696,2.17010000,5125.60000000,2.1676
1749263696,2.17020000,3102.80000000,2.1676
1749263696,2.17030000,13537.90000000,2.1676
1749263696,2.17040000,14313.40000000,2.1676
1749263696,2.17050000,9019.90000000,2.1676
1749263696,2.17060000,6563.40000000,2.1676
1749263696,2.17070000,15665.00000000,2.1676
1749263696,2.17080000,7211.40000000,2.1676
1749263696,2.17090000,9939.70000000,2.1676
1749263696,2.17100000,23698.20000000,2.1676
1749263696,2.17110000,9663.30000000,2.1676
1749263696,2.17120000,13019.40000000,2.1676
1749263696,2.17130000,19225.40000000,2.1676
1749263696,2.17140000,28997.90000000,2.1676
1749263696,2.17150000,42764.20000000,2.1676
1749263696,2.17160000,27202.50000000,2.1676
1749263696,2.17170000,112944.20000000,2.1676
1749263696,2.17180000,14194.20000000,2.1676
1749263696,2.17190000,22196.80000000,2.1676
1749263696,2.17200000,10464.90000000,2.1676
1749263696,2.17210000,6016.20000000,2.1676
1749263696,2.17220000,5924.80000000,2.1676
1749263696,2.17230000,1952.00000000,2.1676
1749263696,2.17240000,3464.30000000,2.1676
1749263696,2.17250000,9493.10000000,2.1676
1749263696,2.17260000,7321.40000000,2.1676
1749263696,2.17270000,6583.00000000,2.1676
1749263696,2.17280000,4959.60000000,2.1676
1749263696,2.17290000,9957.80000000,2.1676
1749263696,2.17300000,2564.80000000,2.1676
1749263696,2.17310000,3974.70000000,2.1676
1749263696,2.17320000,901.70000000,2.1676
1749263696,2.17330000,2728.10000000,2.1676
1749263696,2.17340000,8549.90000000,2.1676
1749263696,2.17350000,5755.70000000,2.1676
1749263696,2.17360000,911.10000000,2.1676
1749263696,2.17370000,4760.60000000,2.1676
1749263696,2.17380000,14.40000000,2.1676
1749263696,2.17390000,23241.60000000,2.1676
1749263696,2.17400000,2358.90000000,2.1676
1749263696,2.17410000,4130.40000000,2.1676
1749263696,2.17420000,11498.00000000,2.1676
1749263696,2.17430000,4777.70000000,2.1676
1749263696,2.17440000,141415.90000000,2.1676
1749263696,2.17450000,2506.90000000,2.1676
1749263696,2.17460000,4765.20000000,2.1676
1749263696,2.17470000,14522.20000000,2.1676
1749263696,2.17480000,3595.00000000,2.1676
1749263696,2.17490000,161.10000000,2.1676
1749263696,2.17500000,11578.70000000,2.1676
1749263696,2.17510000,3756.80000000,2.1676
1749263696,2.17520000,133.80000000,2.1676
1749263696,2.17530000,2053.20000000,2.1676
1749263696,2.17540000,104.10000000,2.1676
1749263696,2.17550000,169.40000000,2.1676
1749263696,2.17560000,66.50000000,2.1676
1749263696,2.17570000,148.50000000,2.1676
1749263696,2.17590000,1759.10000000,2.1676
1749263696,2.17600000,323.70000000,2.1676
1749263696,2.17610000,7039.70000000,2.1676
1749263696,2.17620000,2.40000000,2.1676
1749263696,2.17630000,5975.00000000,2.1676
1749263696,2.17640000,23518.00000000,2.1676
1749263696,2.17650000,1873.70000000,2.1676
1749263696,2.17660000,60.30000000,2.1676
1749263696,2.17670000,8.00000000,2.1676
1749263696,2.17680000,23.80000000,2.1676
1749263696,2.17690000,56.60000000,2.1676
1749263696,2.17700000,3827.50000000,2.1676
1749263696,2.17710000,6.90000000,2.1676
1749263696,2.17720000,58.80000000,2.1676
1749263696,2.17730000,12.60000000,2.1676
1749263696,2.17740000,3.90000000,2.1676
1749263696,2.17750000,53.90000000,2.1676
1749263696,2.17760000,14.60000000,2.1676
1749263696,2.17770000,9582.00000000,2.1676
1749263997,2.16710000,15951.70000000,2.1671
1749263997,2.16720000,17350.20000000,2.1671
1749263997,2.16730000,27472.60000000,2.1671
1749263997,2.16740000,37469.20000000,2.1671
1749263997,2.16750000,21241.50000000,2.1671
1749263997,2.16760000,16343.90000000,2.1671
1749263997,2.16770000,3276.00000000,2.1671
1749263997,2.16780000,6515.70000000,2.1671
1749263997,2.16790000,18579.10000000,2.1671
1749263997,2.16800000,14312.90000000,2.1671
1749263997,2.16810000,28475.40000000,2.1671
1749263997,2.16820000,7990.90000000,2.1671
1749263997,2.16830000,14725.50000000,2.1671
1749263997,2.16840000,3979.40000000,2.1671
1749263997,2.16850000,6476.20000000,2.1671
1749263997,2.16860000,9855.80000000,2.1671
1749263997,2.16870000,3315.00000000,2.1671
1749263997,2.16880000,7725.50000000,2.1671
1749263997,2.16890000,15026.70000000,2.1671
1749263997,2.16900000,14483.60000000,2.1671
1749263997,2.16910000,8716.20000000,2.1671
1749263997,2.16920000,41920.20000000,2.1671
1749263997,2.16930000,101615.30000000,2.1671
1749263997,2.16940000,9817.90000000,2.1671
1749263997,2.16950000,21463.80000000,2.1671
1749263997,2.16960000,9915.60000000,2.1671
1749263997,2.16970000,13701.00000000,2.1671
1749263997,2.16980000,11059.60000000,2.1671
1749263997,2.16990000,11843.90000000,2.1671
1749263997,2.17000000,19819.70000000,2.1671
1749263997,2.17010000,6065.70000000,2.1671
1749263997,2.17020000,1908.00000000,2.1671
1749263997,2.17030000,8767.50000000,2.1671
1749263997,2.17040000,10904.20000000,2.1671
1749263997,2.17050000,6561.70000000,2.1671
1749263997,2.17060000,5058.60000000,2.1671
1749263997,2.17070000,12918.80000000,2.1671
1749263997,2.17080000,2988.90000000,2.1671
1749263997,2.17090000,4013.20000000,2.1671
1749263997,2.17100000,7985.20000000,2.1671
1749263997,2.17110000,11948.90000000,2.1671
1749263997,2.17120000,13304.20000000,2.1671
1749263997,2.17130000,18709.80000000,2.1671
1749263997,2.17140000,38182.10000000,2.1671
1749263997,2.17150000,40182.10000000,2.1671
1749263997,2.17160000,12128.40000000,2.1671
1749263997,2.17170000,5337.40000000,2.1671
1749263997,2.17180000,28391.60000000,2.1671
1749263997,2.17190000,11722.50000000,2.1671
1749263997,2.17200000,2496.90000000,2.1671
1749263997,2.17210000,6016.10000000,2.1671
1749263997,2.17220000,4741.70000000,2.1671
1749263997,2.17230000,1726.90000000,2.1671
1749263997,2.17240000,3236.60000000,2.1671
1749263997,2.17250000,9654.40000000,2.1671
1749263997,2.17260000,7113.70000000,2.1671
1749263997,2.17270000,5927.90000000,2.1671
1749263997,2.17280000,4729.10000000,2.1671
1749263997,2.17290000,9957.80000000,2.1671
1749263997,2.17300000,2561.70000000,2.1671
1749263997,2.17310000,3974.70000000,2.1671
1749263997,2.17320000,943.70000000,2.1671
1749263997,2.17330000,2728.10000000,2.1671
1749263997,2.17340000,8549.90000000,2.1671
1749263997,2.17350000,113685.20000000,2.1671
1749263997,2.17360000,911.10000000,2.1671
1749263997,2.17370000,4748.70000000,2.1671
1749263997,2.17380000,14.40000000,2.1671
1749263997,2.17390000,23237.60000000,2.1671
1749263997,2.17400000,2406.00000000,2.1671
1749263997,2.17410000,4125.90000000,2.1671
1749263997,2.17420000,11347.90000000,2.1671
1749263997,2.17430000,203.20000000,2.1671
1749263997,2.17440000,141748.10000000,2.1671
1749263997,2.17450000,66.80000000,2.1671
1749263997,2.17460000,30.30000000,2.1671
1749263997,2.17470000,14522.20000000,2.1671
1749263997,2.17480000,1150.40000000,2.1671
1749263997,2.17490000,156.40000000,2.1671
1749263997,2.17500000,11560.90000000,2.1671
1749263997,2.17510000,3752.10000000,2.1671
1749263997,2.17520000,129.10000000,2.1671
1749263997,2.17530000,2048.50000000,2.1671
1749263997,2.17540000,104.10000000,2.1671
1749263997,2.17550000,169.40000000,2.1671
1749263997,2.17560000,66.50000000,2.1671
1749263997,2.17570000,148.50000000,2.1671
1749263997,2.17590000,95.80000000,2.1671
1749263997,2.17600000,323.70000000,2.1671
1749263997,2.17610000,7036.60000000,2.1671
1749263997,2.17620000,2.40000000,2.1671
1749263997,2.17630000,5975.00000000,2.1671
1749263997,2.17640000,22599.10000000,2.1671
1749263997,2.17650000,210.40000000,2.1671
1749263997,2.17660000,60.30000000,2.1671
1749263997,2.17670000,8.00000000,2.1671
1749263997,2.17680000,26.60000000,2.1671
1749263997,2.17690000,56.60000000,2.1671
1749263997,2.17700000,216.60000000,2.1671
1749263997,2.17710000,6.90000000,2.1671
1749264304,2.16610000,16829.40000000,2.166
1749264304,2.16620000,18045.70000000,2.166
1749264304,2.16630000,22287.20000000,2.166
1749264304,2.16640000,25220.70000000,2.166
1749264304,2.16650000,21461.10000000,2.166
1749264304,2.16660000,37119.70000000,2.166
1749264304,2.16670000,19120.70000000,2.166
1749264304,2.16680000,7185.60000000,2.166
1749264304,2.16690000,16256.10000000,2.166
1749264304,2.16700000,18567.60000000,2.166
1749264304,2.16710000,12518.20000000,2.166
1749264304,2.16720000,6082.10000000,2.166
1749264304,2.16730000,18648.90000000,2.166
1749264304,2.16740000,16593.10000000,2.166
1749264304,2.16750000,12660.80000000,2.166
1749264304,2.16760000,15418.00000000,2.166
1749264304,2.16770000,2615.30000000,2.166
1749264304,2.16780000,2416.10000000,2.166
1749264304,2.16790000,7437.50000000,2.166
1749264304,2.16800000,11900.90000000,2.166
1749264304,2.16810000,12845.40000000,2.166
1749264304,2.16820000,6578.30000000,2.166
1749264304,2.16830000,16066.60000000,2.166
1749264304,2.16840000,3492.30000000,2.166
1749264304,2.16850000,4406.00000000,2.166
1749264304,2.16860000,4811.20000000,2.166
1749264304,2.16870000,1872.70000000,2.166
1749264304,2.16880000,7076.00000000,2.166
1749264304,2.16890000,10633.00000000,2.166
1749264304,2.16900000,9464.10000000,2.166
1749264304,2.16910000,8090.70000000,2.166
1749264304,2.16920000,36887.40000000,2.166
1749264304,2.16930000,93097.90000000,2.166
1749264304,2.16940000,6539.20000000,2.166
1749264304,2.16950000,18289.70000000,2.166
1749264304,2.16960000,6717.20000000,2.166
1749264304,2.16970000,15785.60000000,2.166
1749264304,2.16980000,11387.60000000,2.166
1749264304,2.16990000,11033.90000000,2.166
1749264304,2.17000000,20978.40000000,2.166
1749264304,2.17010000,7487.60000000,2.166
1749264304,2.17020000,8618.90000000,2.166
1749264304,2.17030000,15734.40000000,2.166
1749264304,2.17040000,11338.90000000,2.166
1749264304,2.17050000,6117.60000000,2.166
1749264304,2.17060000,2007.80000000,2.166
1749264304,2.17070000,11543.20000000,2.166
1749264304,2.17080000,18311.60000000,2.166
1749264304,2.17090000,2159.10000000,2.166
1749264304,2.17100000,4733.10000000,2.166
1749264304,2.17110000,6823.00000000,2.166
1749264304,2.17120000,2675.00000000,2.166
1749264304,2.17130000,9367.90000000,2.166
1749264304,2.17140000,14785.00000000,2.166
1749264304,2.17150000,36089.20000000,2.166
1749264304,2.17160000,9755.40000000,2.166
1749264304,2.17170000,4318.30000000,2.166
1749264304,2.17180000,12107.20000000,2.166
1749264304,2.17190000,3755.10000000,2.166
1749264304,2.17200000,2496.90000000,2.166
1749264304,2.17210000,6016.10000000,2.166
1749264304,2.17220000,18541.90000000,2.166
1749264304,2.17230000,1726.90000000,2.166
1749264304,2.17240000,3236.60000000,2.166
1749264304,2.17250000,9654.40000000,2.166
1749264304,2.17260000,7113.70000000,2.166
1749264304,2.17270000,5663.90000000,2.166
1749264304,2.17280000,4731.80000000,2.166
1749264304,2.17290000,11611.50000000,2.166
1749264304,2.17300000,2875.40000000,2.166
1749264304,2.17310000,1679.70000000,2.166
1749264304,2.17320000,5519.00000000,2.166
1749264304,2.17330000,1128.30000000,2.166
1749264304,2.17340000,4972.30000000,2.166
1749264304,2.17350000,112848.10000000,2.166
1749264304,2.17360000,73.20000000,2.166
1749264304,2.17370000,29.20000000,2.166
1749264304,2.17380000,9.70000000,2.166
1749264304,2.17390000,7258.30000000,2.166
1749264304,2.17400000,59.20000000,2.166
1749264304,2.17410000,1693.90000000,2.166
1749264304,2.17420000,9052.70000000,2.166
1749264304,2.17430000,73.80000000,2.166
1749264304,2.17440000,141411.20000000,2.166
1749264304,2.17450000,62.10000000,2.166
1749264304,2.17460000,25.60000000,2.166
1749264304,2.17470000,14517.50000000,2.166
1749264304,2.17480000,1150.40000000,2.166
1749264304,2.17490000,156.40000000,2.166
1749264304,2.17500000,6947.10000000,2.166
1749264304,2.17510000,3752.10000000,2.166
1749264304,2.17520000,129.10000000,2.166
1749264304,2.17530000,385.20000000,2.166
1749264304,2.17540000,104.10000000,2.166
1749264304,2.17550000,1518.80000000,2.166
1749264304,2.17560000,66.50000000,2.166
1749264304,2.17570000,148.50000000,2.166
1749264304,2.17590000,118.30000000,2.166
1749264304,2.17600000,323.70000000,2.166
1749264304,2.17610000,7017.00000000,2.166
1749264606,2.16960000,1935.30000000,2.1696
1749264606,2.16970000,21.80000000,2.1696
1749264606,2.16980000,833.50000000,2.1696
1749264606,2.16990000,4412.40000000,2.1696
1749264606,2.17000000,7954.20000000,2.1696
1749264606,2.17010000,12436.10000000,2.1696
1749264606,2.17020000,9795.50000000,2.1696
1749264606,2.17030000,12960.50000000,2.1696
1749264606,2.17040000,15072.10000000,2.1696
1749264606,2.17050000,9275.50000000,2.1696
1749264606,2.17060000,10610.90000000,2.1696
1749264606,2.17070000,17912.70000000,2.1696
1749264606,2.17080000,16090.50000000,2.1696
1749264606,2.17090000,19476.80000000,2.1696
1749264606,2.17100000,15229.90000000,2.1696
1749264606,2.17110000,3855.50000000,2.1696
1749264606,2.17120000,6101.60000000,2.1696
1749264606,2.17130000,17949.70000000,2.1696
1749264606,2.17140000,19515.30000000,2.1696
1749264606,2.17150000,4483.70000000,2.1696
1749264606,2.17160000,11508.40000000,2.1696
1749264606,2.17170000,12152.20000000,2.1696
1749264606,2.17180000,4895.70000000,2.1696
1749264606,2.17190000,7453.70000000,2.1696
1749264606,2.17200000,18207.90000000,2.1696
1749264606,2.17210000,7209.50000000,2.1696
1749264606,2.17220000,5590.60000000,2.1696
1749264606,2.17230000,4055.40000000,2.1696
1749264606,2.17240000,7128.60000000,2.1696
1749264606,2.17250000,13465.60000000,2.1696
1749264606,2.17260000,9630.30000000,2.1696
1749264606,2.17270000,11750.10000000,2.1696
1749264606,2.17280000,16603.70000000,2.1696
1749264606,2.17290000,17014.00000000,2.1696
1749264606,2.17300000,17317.50000000,2.1696
1749264606,2.17310000,22834.00000000,2.1696
1749264606,2.17320000,7181.40000000,2.1696
1749264606,2.17330000,9078.20000000,2.1696
1749264606,2.17340000,13539.10000000,2.1696
1749264606,2.17350000,22658.20000000,2.1696
1749264606,2.17360000,19297.80000000,2.1696
1749264606,2.17370000,5801.10000000,2.1696
1749264606,2.17380000,5961.20000000,2.1696
1749264606,2.17390000,8742.70000000,2.1696
1749264606,2.17400000,2139.10000000,2.1696
1749264606,2.17410000,17317.30000000,2.1696
1749264606,2.17420000,48763.20000000,2.1696
1749264606,2.17430000,4698.90000000,2.1696
1749264606,2.17440000,3569.90000000,2.1696
1749264606,2.17450000,2399.60000000,2.1696
1749264606,2.17460000,2365.40000000,2.1696
1749264606,2.17470000,8739.40000000,2.1696
1749264606,2.17480000,3559.10000000,2.1696
1749264606,2.17490000,299.10000000,2.1696
1749264606,2.17500000,8694.20000000,2.1696
1749264606,2.17510000,14955.60000000,2.1696
1749264606,2.17520000,7167.30000000,2.1696
1749264606,2.17530000,109982.70000000,2.1696
1749264606,2.17540000,4167.10000000,2.1696
1749264606,2.17550000,174.10000000,2.1696
1749264606,2.17560000,2486.70000000,2.1696
1749264606,2.17570000,18496.10000000,2.1696
1749264606,2.17580000,2569.20000000,2.1696
1749264606,2.17590000,1745.60000000,2.1696
1749264606,2.17600000,16912.30000000,2.1696
1749264606,2.17610000,13707.80000000,2.1696
1749264606,2.17620000,457.60000000,2.1696
1749264606,2.17630000,8324.10000000,2.1696
1749264606,2.17640000,20707.20000000,2.1696
1749264606,2.17650000,2298.40000000,2.1696
1749264606,2.17660000,141465.00000000,2.1696
1749264606,2.17670000,43.30000000,2.1696
1749264606,2.17680000,31.30000000,2.1696
1749264606,2.17690000,61.30000000,2.1696
1749264606,2.17700000,221.30000000,2.1696
1749264606,2.17710000,1674.90000000,2.1696
1749264606,2.17720000,63.50000000,2.1696
1749264606,2.17730000,12.60000000,2.1696
1749264606,2.17740000,3.90000000,2.1696
1749264606,2.17750000,7022.10000000,2.1696
1749264606,2.17760000,14.60000000,2.1696
1749264606,2.17770000,7666.60000000,2.1696
1749264606,2.17780000,3561.40000000,2.1696
1749264606,2.17790000,54.50000000,2.1696
1749264606,2.17800000,8006.10000000,2.1696
1749264606,2.17810000,1952.70000000,2.1696
1749264606,2.17820000,159.40000000,2.1696
1749264606,2.17830000,1697.90000000,2.1696
1749264606,2.17840000,19.60000000,2.1696
1749264606,2.17850000,9100.70000000,2.1696
1749264606,2.17860000,20.80000000,2.1696
1749264606,2.17870000,29.60000000,2.1696
1749264606,2.17880000,17.00000000,2.1696
1749264606,2.17890000,1710.40000000,2.1696
1749264606,2.17900000,95.80000000,2.1696
1749264606,2.17910000,396.20000000,2.1696
1749264606,2.17920000,10.80000000,2.1696
1749264606,2.17930000,6.40000000,2.1696
1749264606,2.17940000,153.10000000,2.1696
1749264606,2.17950000,5266.60000000,2.1696
1749264907,2.17150000,41146.80000000,2.1711
1749264907,2.17160000,28962.30000000,2.1711
1749264907,2.17170000,19969.00000000,2.1711
1749264907,2.17180000,11670.50000000,2.1711
1749264907,2.17190000,19199.00000000,2.1711
1749264907,2.17200000,18045.50000000,2.1711
1749264907,2.17210000,2324.90000000,2.1711
1749264907,2.17220000,7682.20000000,2.1711
1749264907,2.17230000,12063.00000000,2.1711
1749264907,2.17240000,20205.20000000,2.1711
1749264907,2.17250000,18588.80000000,2.1711
1749264907,2.17260000,5238.10000000,2.1711
1749264907,2.17270000,15986.60000000,2.1711
1749264907,2.17280000,16438.30000000,2.1711
1749264907,2.17290000,7617.70000000,2.1711
1749264907,2.17300000,5367.30000000,2.1711
1749264907,2.17310000,12725.10000000,2.1711
1749264907,2.17320000,21414.60000000,2.1711
1749264907,2.17330000,12288.60000000,2.1711
1749264907,2.17340000,14000.20000000,2.1711
1749264907,2.17350000,11920.20000000,2.1711
1749264907,2.17360000,11334.70000000,2.1711
1749264907,2.17370000,4747.50000000,2.1711
1749264907,2.17380000,7233.30000000,2.1711
1749264907,2.17390000,10165.60000000,2.1711
1749264907,2.17400000,8086.90000000,2.1711
1749264907,2.17410000,8518.40000000,2.1711
1749264907,2.17420000,13993.70000000,2.1711
1749264907,2.17430000,11176.70000000,2.1711
1749264907,2.17440000,13505.60000000,2.1711
1749264907,2.17450000,7000.60000000,2.1711
1749264907,2.17460000,11952.30000000,2.1711
1749264907,2.17470000,15897.50000000,2.1711
1749264907,2.17480000,11814.90000000,2.1711
1749264907,2.17490000,7895.90000000,2.1711
1749264907,2.17500000,18323.20000000,2.1711
1749264907,2.17510000,15380.50000000,2.1711
1749264907,2.17520000,13087.10000000,2.1711
1749264907,2.17530000,18683.30000000,2.1711
1749264907,2.17540000,51211.60000000,2.1711
1749264907,2.17550000,6397.10000000,2.1711
1749264907,2.17560000,6577.10000000,2.1711
1749264907,2.17570000,7008.70000000,2.1711
1749264907,2.17580000,12253.10000000,2.1711
1749264907,2.17590000,3148.20000000,2.1711
1749264907,2.17600000,7084.30000000,2.1711
1749264907,2.17610000,14773.80000000,2.1711
1749264907,2.17620000,7611.60000000,2.1711
1749264907,2.17630000,19785.70000000,2.1711
1749264907,2.17640000,25867.40000000,2.1711
1749264907,2.17650000,4609.20000000,2.1711
1749264907,2.17660000,5559.50000000,2.1711
1749264907,2.17670000,11330.90000000,2.1711
1749264907,2.17680000,31.30000000,2.1711
1749264907,2.17690000,2582.60000000,2.1711
1749264907,2.17700000,108682.40000000,2.1711
1749264907,2.17710000,4088.90000000,2.1711
1749264907,2.17720000,2585.50000000,2.1711
1749264907,2.17730000,18352.90000000,2.1711
1749264907,2.17740000,2535.30000000,2.1711
1749264907,2.17750000,7026.80000000,2.1711
1749264907,2.17760000,2546.00000000,2.1711
1749264907,2.17770000,7671.30000000,2.1711
1749264907,2.17780000,6092.80000000,2.1711
1749264907,2.17790000,18433.10000000,2.1711
1749264907,2.17800000,10090.30000000,2.1711
1749264907,2.17810000,2584.00000000,2.1711
1749264907,2.17820000,164.10000000,2.1711
1749264907,2.17830000,4229.20000000,2.1711
1749264907,2.17840000,24.30000000,2.1711
1749264907,2.17850000,11632.00000000,2.1711
1749264907,2.17860000,25.50000000,2.1711
1749264907,2.17870000,436.90000000,2.1711
1749264907,2.17880000,21.70000000,2.1711
1749264907,2.17890000,150027.40000000,2.1711
1749264907,2.17900000,100.50000000,2.1711
1749264907,2.17910000,400.90000000,2.1711
1749264907,2.17920000,10.80000000,2.1711
1749264907,2.17930000,6.40000000,2.1711
1749264907,2.17940000,153.10000000,2.1711
1749264907,2.17950000,1695.80000000,2.1711
1749264907,2.17960000,25.40000000,2.1711
1749264907,2.17970000,170.20000000,2.1711
1749264907,2.17980000,21.80000000,2.1711
1749264907,2.17990000,16074.10000000,2.1711
1749264907,2.18000000,245375.90000000,2.1711
1749264907,2.18010000,1701.20000000,2.1711
1749264907,2.18020000,64.10000000,2.1711
1749264907,2.18030000,65.30000000,2.1711
1749264907,2.18040000,29.50000000,2.1711
1749264907,2.18050000,43.50000000,2.1711
1749264907,2.18060000,28.40000000,2.1711
1749264907,2.18070000,925.70000000,2.1711
1749264907,2.18080000,775.90000000,2.1711
1749264907,2.18090000,79.70000000,2.1711
1749264907,2.18100000,1946.40000000,2.1711
1749264907,2.18110000,204.90000000,2.1711
1749264907,2.18120000,181231.60000000,2.1711
1749264907,2.18130000,6087.50000000,2.1711
1749264907,2.18140000,103.50000000,2.1711
1749265209,2.17010000,46587.80000000,2.1701
1749265209,2.17020000,18423.00000000,2.1701
1749265209,2.17030000,20652.60000000,2.1701
1749265209,2.17040000,36915.30000000,2.1701
1749265209,2.17050000,41734.80000000,2.1701
1749265209,2.17060000,31330.20000000,2.1701
1749265209,2.17070000,31332.00000000,2.1701
1749265209,2.17080000,29236.40000000,2.1701
1749265209,2.17090000,37917.60000000,2.1701
1749265209,2.17100000,34095.00000000,2.1701
1749265209,2.17110000,15312.10000000,2.1701
1749265209,2.17120000,1959.00000000,2.1701
1749265209,2.17130000,6914.20000000,2.1701
1749265209,2.17140000,15911.10000000,2.1701
1749265209,2.17150000,12066.30000000,2.1701
1749265209,2.17160000,17457.50000000,2.1701
1749265209,2.17170000,9543.10000000,2.1701
1749265209,2.17180000,4002.90000000,2.1701
1749265209,2.17190000,6419.10000000,2.1701
1749265209,2.17200000,16234.50000000,2.1701
1749265209,2.17210000,10702.60000000,2.1701
1749265209,2.17220000,4488.10000000,2.1701
1749265209,2.17230000,7785.90000000,2.1701
1749265209,2.17240000,11119.00000000,2.1701
1749265209,2.17250000,9977.40000000,2.1701
1749265209,2.17260000,3400.10000000,2.1701
1749265209,2.17270000,11367.60000000,2.1701
1749265209,2.17280000,7270.00000000,2.1701
1749265209,2.17290000,9006.90000000,2.1701
1749265209,2.17300000,12335.00000000,2.1701
1749265209,2.17310000,7025.30000000,2.1701
1749265209,2.17320000,10853.50000000,2.1701
1749265209,2.17330000,5555.60000000,2.1701
1749265209,2.17340000,15436.80000000,2.1701
1749265209,2.17350000,22363.20000000,2.1701
1749265209,2.17360000,12867.90000000,2.1701
1749265209,2.17370000,3184.10000000,2.1701
1749265209,2.17380000,10811.40000000,2.1701
1749265209,2.17390000,10830.30000000,2.1701
1749265209,2.17400000,4549.90000000,2.1701
1749265209,2.17410000,10444.00000000,2.1701
1749265209,2.17420000,19177.70000000,2.1701
1749265209,2.17430000,19128.30000000,2.1701
1749265209,2.17440000,9051.40000000,2.1701
1749265209,2.17450000,7980.10000000,2.1701
1749265209,2.17460000,10450.10000000,2.1701
1749265209,2.17470000,22791.80000000,2.1701
1749265209,2.17480000,8624.30000000,2.1701
1749265209,2.17490000,4908.00000000,2.1701
1749265209,2.17500000,10994.70000000,2.1701
1749265209,2.17510000,7541.50000000,2.1701
1749265209,2.17520000,7164.90000000,2.1701
1749265209,2.17530000,10007.70000000,2.1701
1749265209,2.17540000,38336.60000000,2.1701
1749265209,2.17550000,1609.30000000,2.1701
1749265209,2.17560000,2486.70000000,2.1701
1749265209,2.17570000,18551.20000000,2.1701
1749265209,2.17580000,2569.20000000,2.1701
1749265209,2.17590000,2206.00000000,2.1701
1749265209,2.17600000,3140.70000000,2.1701
1749265209,2.17610000,11869.90000000,2.1701
1749265209,2.17620000,2502.00000000,2.1701
1749265209,2.17630000,8164.70000000,2.1701
1749265209,2.17640000,23234.10000000,2.1701
1749265209,2.17650000,3961.10000000,2.1701
1749265209,2.17660000,516.70000000,2.1701
1749265209,2.17670000,2635.40000000,2.1701
1749265209,2.17680000,6943.60000000,2.1701
1749265209,2.17690000,2582.60000000,2.1701
1749265209,2.17700000,108682.40000000,2.1701
1749265209,2.17710000,4088.90000000,2.1701
1749265209,2.17720000,66.70000000,2.1701
1749265209,2.17730000,1969.40000000,2.1701
1749265209,2.17740000,8.60000000,2.1701
1749265209,2.17750000,7026.80000000,2.1701
1749265209,2.17760000,19.30000000,2.1701
1749265209,2.17770000,7671.30000000,2.1701
1749265209,2.17780000,8167.90000000,2.1701
1749265209,2.17790000,54.50000000,2.1701
1749265209,2.17800000,21769.70000000,2.1701
1749265209,2.17810000,52.70000000,2.1701
1749265209,2.17820000,159.40000000,2.1701
1749265209,2.17830000,1697.90000000,2.1701
1749265209,2.17840000,19.60000000,2.1701
1749265209,2.17850000,9100.70000000,2.1701
1749265209,2.17860000,20.80000000,2.1701
1749265209,2.17870000,32.80000000,2.1701
1749265209,2.17880000,17.00000000,2.1701
1749265209,2.17890000,150022.70000000,2.1701
1749265209,2.17900000,95.80000000,2.1701
1749265209,2.17910000,396.20000000,2.1701
1749265209,2.17920000,10.80000000,2.1701
1749265209,2.17930000,66.40000000,2.1701
1749265209,2.17940000,153.10000000,2.1701
1749265209,2.17950000,1695.80000000,2.1701
1749265209,2.17960000,25.40000000,2.1701
1749265209,2.17970000,170.20000000,2.1701
1749265209,2.17980000,21.80000000,2.1701
1749265209,2.17990000,16074.10000000,2.1701
1749265209,2.18000000,245375.90000000,2.1701
1749265510,2.17160000,7219.20000000,2.1717
1749265510,2.17170000,15.40000000,2.1717
1749265510,2.17180000,1603.80000000,2.1717
1749265510,2.17190000,6912.20000000,2.1717
1749265510,2.17200000,20680.20000000,2.1717
1749265510,2.17210000,29065.30000000,2.1717
1749265510,2.17220000,38788.20000000,2.1717
1749265510,2.17230000,23786.20000000,2.1717
1749265510,2.17240000,22327.90000000,2.1717
1749265510,2.17250000,15097.40000000,2.1717
1749265510,2.17260000,6954.50000000,2.1717
1749265510,2.17270000,15195.40000000,2.1717
1749265510,2.17280000,7784.30000000,2.1717
1749265510,2.17290000,8986.10000000,2.1717
1749265510,2.17300000,9722.30000000,2.1717
1749265510,2.17310000,28249.20000000,2.1717
1749265510,2.17320000,951.80000000,2.1717
1749265510,2.17330000,6584.30000000,2.1717
1749265510,2.17340000,11486.80000000,2.1717
1749265510,2.17350000,7349.90000000,2.1717
1749265510,2.17360000,17963.90000000,2.1717
1749265510,2.17370000,5337.80000000,2.1717
1749265510,2.17380000,818.30000000,2.1717
1749265510,2.17390000,7630.30000000,2.1717
1749265510,2.17400000,18549.60000000,2.1717
1749265510,2.17410000,17555.10000000,2.1717
1749265510,2.17420000,24099.70000000,2.1717
1749265510,2.17430000,11479.30000000,2.1717
1749265510,2.17440000,4918.50000000,2.1717
1749265510,2.17450000,5878.20000000,2.1717
1749265510,2.17460000,9648.60000000,2.1717
1749265510,2.17470000,11702.40000000,2.1717
1749265510,2.17480000,5731.80000000,2.1717
1749265510,2.17490000,6556.80000000,2.1717
1749265510,2.17500000,14925.40000000,2.1717
1749265510,2.17510000,13103.70000000,2.1717
1749265510,2.17520000,14304.90000000,2.1717
1749265510,2.17530000,2953.00000000,2.1717
1749265510,2.17540000,4926.20000000,2.1717
1749265510,2.17550000,7020.00000000,2.1717
1749265510,2.17560000,3706.00000000,2.1717
1749265510,2.17570000,5596.20000000,2.1717
1749265510,2.17580000,4772.20000000,2.1717
1749265510,2.17590000,7316.80000000,2.1717
1749265510,2.17600000,23628.80000000,2.1717
1749265510,2.17610000,28613.10000000,2.1717
1749265510,2.17620000,9825.80000000,2.1717
1749265510,2.17630000,25410.80000000,2.1717
1749265510,2.17640000,24652.50000000,2.1717
1749265510,2.17650000,5473.30000000,2.1717
1749265510,2.17660000,1070.10000000,2.1717
1749265510,2.17670000,20812.20000000,2.1717
1749265510,2.17680000,10655.10000000,2.1717
1749265510,2.17690000,5194.10000000,2.1717
1749265510,2.17700000,43141.30000000,2.1717
1749265510,2.17710000,1904.90000000,2.1717
1749265510,2.17720000,2620.80000000,2.1717
1749265510,2.17730000,2567.80000000,2.1717
1749265510,2.17740000,2561.00000000,2.1717
1749265510,2.17750000,7026.80000000,2.1717
1749265510,2.17760000,11370.60000000,2.1717
1749265510,2.17770000,7671.30000000,2.1717
1749265510,2.17780000,6120.20000000,2.1717
1749265510,2.17790000,2613.30000000,2.1717
1749265510,2.17800000,10360.60000000,2.1717
1749265510,2.17810000,2599.60000000,2.1717
1749265510,2.17820000,2033.00000000,2.1717
1749265510,2.17830000,15492.50000000,2.1717
1749265510,2.17840000,63.70000000,2.1717
1749265510,2.17850000,9105.40000000,2.1717
1749265510,2.17860000,25.50000000,2.1717
1749265510,2.17870000,107967.00000000,2.1717
1749265510,2.17880000,21.70000000,2.1717
1749265510,2.17890000,150027.40000000,2.1717
1749265510,2.17900000,100.50000000,2.1717
1749265510,2.17910000,20.10000000,2.1717
1749265510,2.17920000,15.50000000,2.1717
1749265510,2.17930000,66.40000000,2.1717
1749265510,2.17940000,153.10000000,2.1717
1749265510,2.17950000,1695.80000000,2.1717
1749265510,2.17960000,4629.40000000,2.1717
1749265510,2.17970000,170.20000000,2.1717
1749265510,2.17980000,21.80000000,2.1717
1749265510,2.17990000,16074.10000000,2.1717
1749265510,2.18000000,255365.90000000,2.1717
1749265510,2.18010000,1726.20000000,2.1717
1749265510,2.18020000,64.10000000,2.1717
1749265510,2.18030000,65.30000000,2.1717
1749265510,2.18040000,29.50000000,2.1717
1749265510,2.18050000,43.50000000,2.1717
1749265510,2.18060000,28.40000000,2.1717
1749265510,2.18070000,1671.90000000,2.1717
1749265510,2.18080000,775.90000000,2.1717
1749265510,2.18090000,79.70000000,2.1717
1749265510,2.18100000,1946.40000000,2.1717
1749265510,2.18110000,204.90000000,2.1717
1749265510,2.18120000,181231.60000000,2.1717
1749265510,2.18130000,7750.80000000,2.1717
1749265510,2.18140000,103.50000000,2.1717
1749265510,2.18150000,207.10000000,2.1717
1749265812,2.16960000,35722.70000000,2.1696
1749265812,2.16970000,34932.10000000,2.1696
1749265812,2.16980000,60552.40000000,2.1696
1749265812,2.16990000,24921.70000000,2.1696
1749265812,2.17000000,32344.70000000,2.1696
1749265812,2.17010000,19140.90000000,2.1696
1749265812,2.17020000,10568.50000000,2.1696
1749265812,2.17030000,10889.30000000,2.1696
1749265812,2.17040000,23984.60000000,2.1696
1749265812,2.17050000,9125.40000000,2.1696
1749265812,2.17060000,12294.80000000,2.1696
1749265812,2.17070000,12515.80000000,2.1696
1749265812,2.17080000,11540.10000000,2.1696
1749265812,2.17090000,9866.90000000,2.1696
1749265812,2.17100000,10079.40000000,2.1696
1749265812,2.17110000,5155.90000000,2.1696
1749265812,2.17120000,10283.10000000,2.1696
1749265812,2.17130000,1441.80000000,2.1696
1749265812,2.17140000,7418.20000000,2.1696
1749265812,2.17150000,10135.00000000,2.1696
1749265812,2.17160000,19642.50000000,2.1696
1749265812,2.17170000,10433.40000000,2.1696
1749265812,2.17180000,7718.60000000,2.1696
1749265812,2.17190000,16969.00000000,2.1696
1749265812,2.17200000,8354.50000000,2.1696
1749265812,2.17210000,14518.90000000,2.1696
1749265812,2.17220000,9719.50000000,2.1696
1749265812,2.17230000,15656.80000000,2.1696
1749265812,2.17240000,14866.40000000,2.1696
1749265812,2.17250000,12079.70000000,2.1696
1749265812,2.17260000,4756.60000000,2.1696
1749265812,2.17270000,4131.70000000,2.1696
1749265812,2.17280000,8500.70000000,2.1696
1749265812,2.17290000,7693.60000000,2.1696
1749265812,2.17300000,6162.30000000,2.1696
1749265812,2.17310000,18738.00000000,2.1696
1749265812,2.17320000,4504.90000000,2.1696
1749265812,2.17330000,13733.20000000,2.1696
1749265812,2.17340000,5643.80000000,2.1696
1749265812,2.17350000,5183.80000000,2.1696
1749265812,2.17360000,5106.30000000,2.1696
1749265812,2.17370000,3039.80000000,2.1696
1749265812,2.17380000,1390.30000000,2.1696
1749265812,2.17390000,8306.80000000,2.1696
1749265812,2.17400000,12088.50000000,2.1696
1749265812,2.17410000,7984.60000000,2.1696
1749265812,2.17420000,20839.30000000,2.1696
1749265812,2.17430000,18528.20000000,2.1696
1749265812,2.17440000,10421.00000000,2.1696
1749265812,2.17450000,11101.50000000,2.1696
1749265812,2.17460000,16466.20000000,2.1696
1749265812,2.17470000,12227.60000000,2.1696
1749265812,2.17480000,5657.20000000,2.1696
1749265812,2.17490000,789.20000000,2.1696
1749265812,2.17500000,12257.80000000,2.1696
1749265812,2.17510000,15986.70000000,2.1696
1749265812,2.17520000,44297.00000000,2.1696
1749265812,2.17530000,2053.20000000,2.1696
1749265812,2.17540000,2658.40000000,2.1696
1749265812,2.17550000,3392.70000000,2.1696
1749265812,2.17560000,2489.10000000,2.1696
1749265812,2.17570000,3989.70000000,2.1696
1749265812,2.17580000,3608.80000000,2.1696
1749265812,2.17590000,18995.70000000,2.1696
1749265812,2.17600000,3143.10000000,2.1696
1749265812,2.17610000,13020.10000000,2.1696
1749265812,2.17620000,5302.40000000,2.1696
1749265812,2.17630000,115866.40000000,2.1696
1749265812,2.17640000,23464.20000000,2.1696
1749265812,2.17650000,3958.70000000,2.1696
1749265812,2.17660000,298.00000000,2.1696
1749265812,2.17670000,16359.90000000,2.1696
1749265812,2.17680000,9386.00000000,2.1696
1749265812,2.17690000,291.30000000,2.1696
1749265812,2.17700000,4842.00000000,2.1696
1749265812,2.17710000,1904.90000000,2.1696
1749265812,2.17720000,71.40000000,2.1696
1749265812,2.17730000,12.60000000,2.1696
1749265812,2.17740000,3.90000000,2.1696
1749265812,2.17750000,7022.10000000,2.1696
1749265812,2.17760000,14.60000000,2.1696
1749265812,2.17770000,7666.60000000,2.1696
1749265812,2.17780000,8167.60000000,2.1696
1749265812,2.17790000,54.50000000,2.1696
1749265812,2.17800000,7765.10000000,2.1696
1749265812,2.17810000,52.70000000,2.1696
1749265812,2.17820000,159.40000000,2.1696
1749265812,2.17830000,1697.90000000,2.1696
1749265812,2.17840000,19.60000000,2.1696
1749265812,2.17850000,9100.70000000,2.1696
1749265812,2.17860000,20.80000000,2.1696
1749265812,2.17870000,32.80000000,2.1696
1749265812,2.17880000,17.00000000,2.1696
1749265812,2.17890000,150025.40000000,2.1696
1749265812,2.17900000,95.80000000,2.1696
1749265812,2.17910000,36.30000000,2.1696
1749265812,2.17920000,10.80000000,2.1696
1749265812,2.17930000,66.40000000,2.1696
1749265812,2.17940000,153.10000000,2.1696
1749265812,2.17950000,1695.80000000,2.1696
1749266113,2.17310000,15013.80000000,2.173
1749266113,2.17320000,24144.80000000,2.173
1749266113,2.17330000,28009.90000000,2.173
1749266113,2.17340000,34134.30000000,2.173
1749266113,2.17350000,33725.40000000,2.173
1749266113,2.17360000,9032.50000000,2.173
1749266113,2.17370000,9548.20000000,2.173
1749266113,2.17380000,7948.10000000,2.173
1749266113,2.17390000,10170.60000000,2.173
1749266113,2.17400000,14619.60000000,2.173
1749266113,2.17410000,9841.80000000,2.173
1749266113,2.17420000,15383.80000000,2.173
1749266113,2.17430000,14874.00000000,2.173
1749266113,2.17440000,11266.90000000,2.173
1749266113,2.17450000,10225.50000000,2.173
1749266113,2.17460000,9316.30000000,2.173
1749266113,2.17470000,10852.60000000,2.173
1749266113,2.17480000,11930.20000000,2.173
1749266113,2.17490000,8071.90000000,2.173
1749266113,2.17500000,13915.20000000,2.173
1749266113,2.17510000,15110.70000000,2.173
1749266113,2.17520000,14395.70000000,2.173
1749266113,2.17530000,13073.20000000,2.173
1749266113,2.17540000,4798.10000000,2.173
1749266113,2.17550000,2975.80000000,2.173
1749266113,2.17560000,9255.90000000,2.173
1749266113,2.17570000,14791.10000000,2.173
1749266113,2.17580000,5703.20000000,2.173
1749266113,2.17590000,7350.10000000,2.173
1749266113,2.17600000,11731.10000000,2.173
1749266113,2.17610000,16084.90000000,2.173
1749266113,2.17620000,12008.50000000,2.173
1749266113,2.17630000,39393.60000000,2.173
1749266113,2.17640000,64330.40000000,2.173
1749266113,2.17650000,5741.00000000,2.173
1749266113,2.17660000,5210.70000000,2.173
1749266113,2.17670000,16769.60000000,2.173
1749266113,2.17680000,9737.20000000,2.173
1749266113,2.17690000,7137.60000000,2.173
1749266113,2.17700000,9382.70000000,2.173
1749266113,2.17710000,8754.10000000,2.173
1749266113,2.17720000,12247.20000000,2.173
1749266113,2.17730000,14745.80000000,2.173
1749266113,2.17740000,2881.90000000,2.173
1749266113,2.17750000,11259.70000000,2.173
1749266113,2.17760000,3999.30000000,2.173
1749266113,2.17770000,15357.50000000,2.173
1749266113,2.17780000,13522.60000000,2.173
1749266113,2.17790000,20143.80000000,2.173
1749266113,2.17800000,113366.40000000,2.173
1749266113,2.17810000,1290.20000000,2.173
1749266113,2.17820000,3485.30000000,2.173
1749266113,2.17830000,2621.70000000,2.173
1749266113,2.17840000,2558.80000000,2.173
1749266113,2.17850000,11279.60000000,2.173
1749266113,2.17860000,2257.00000000,2.173
1749266113,2.17870000,1820.30000000,2.173
1749266113,2.17880000,777.70000000,2.173
1749266113,2.17890000,167116.30000000,2.173
1749266113,2.17900000,2784.50000000,2.173
1749266113,2.17910000,2518.50000000,2.173
1749266113,2.17920000,67.50000000,2.173
1749266113,2.17930000,2600.70000000,2.173
1749266113,2.17940000,157.80000000,2.173
1749266113,2.17950000,4231.80000000,2.173
1749266113,2.17960000,72.10000000,2.173
1749266113,2.17970000,2706.20000000,2.173
1749266113,2.17980000,2560.70000000,2.173
1749266113,2.17990000,18481.40000000,2.173
1749266113,2.18000000,256287.30000000,2.173
1749266113,2.18010000,1870.00000000,2.173
1749266113,2.18020000,376.00000000,2.173
1749266113,2.18030000,70.00000000,2.173
1749266113,2.18040000,34.20000000,2.173
1749266113,2.18050000,48.20000000,2.173
1749266113,2.18060000,16.90000000,2.173
1749266113,2.18070000,15423.20000000,2.173
1749266113,2.18080000,823.60000000,2.173
1749266113,2.18090000,79.70000000,2.173
1749266113,2.18100000,1946.40000000,2.173
1749266113,2.18110000,204.90000000,2.173
1749266113,2.18120000,181240.80000000,2.173
1749266113,2.18130000,7750.80000000,2.173
1749266113,2.18140000,103.50000000,2.173
1749266113,2.18150000,4811.70000000,2.173
1749266113,2.18160000,52.80000000,2.173
1749266113,2.18170000,89.40000000,2.173
1749266113,2.18180000,65.50000000,2.173
1749266113,2.18190000,1711.90000000,2.173
1749266113,2.18200000,30990.00000000,2.173
1749266113,2.18210000,6.10000000,2.173
1749266113,2.18220000,225.40000000,2.173
1749266113,2.18230000,27.00000000,2.173
1749266113,2.18240000,38.70000000,2.173
1749266113,2.18250000,70.10000000,2.173
1749266113,2.18260000,14817.80000000,2.173
1749266113,2.18270000,921.90000000,2.173
1749266113,2.18280000,72.10000000,2.173
1749266113,2.18290000,59.60000000,2.173
1749266113,2.18300000,284.50000000,2.173
1749266415,2.17310000,1313.80000000,2.1732
1749266415,2.17320000,4622.60000000,2.1732
1749266415,2.17330000,1237.40000000,2.1732
1749266415,2.17340000,1567.90000000,2.1732
1749266415,2.17350000,3188.40000000,2.1732
1749266415,2.17360000,15249.10000000,2.1732
1749266415,2.17370000,15617.00000000,2.1732
1749266415,2.17380000,11397.00000000,2.1732
1749266415,2.17390000,23897.40000000,2.1732
1749266415,2.17400000,10310.10000000,2.1732
1749266415,2.17410000,15251.50000000,2.1732
1749266415,2.17420000,8051.40000000,2.1732
1749266415,2.17430000,7960.00000000,2.1732
1749266415,2.17440000,12758.70000000,2.1732
1749266415,2.17450000,14293.30000000,2.1732
1749266415,2.17460000,18010.60000000,2.1732
1749266415,2.17470000,4573.90000000,2.1732
1749266415,2.17480000,6887.80000000,2.1732
1749266415,2.17490000,7536.50000000,2.1732
1749266415,2.17500000,17225.50000000,2.1732
1749266415,2.17510000,12174.20000000,2.1732
1749266415,2.17520000,10295.60000000,2.1732
1749266415,2.17530000,6619.50000000,2.1732
1749266415,2.17540000,12288.80000000,2.1732
1749266415,2.17550000,2613.20000000,2.1732
1749266415,2.17560000,10293.10000000,2.1732
1749266415,2.17570000,6541.00000000,2.1732
1749266415,2.17580000,4305.10000000,2.1732
1749266415,2.17590000,5534.80000000,2.1732
1749266415,2.17600000,9328.90000000,2.1732
1749266415,2.17610000,12501.00000000,2.1732
1749266415,2.17620000,6049.50000000,2.1732
1749266415,2.17630000,18683.00000000,2.1732
1749266415,2.17640000,30404.00000000,2.1732
1749266415,2.17650000,10691.10000000,2.1732
1749266415,2.17660000,8254.20000000,2.1732
1749266415,2.17670000,8872.90000000,2.1732
1749266415,2.17680000,13792.30000000,2.1732
1749266415,2.17690000,19633.70000000,2.1732
1749266415,2.17700000,42800.40000000,2.1732
1749266415,2.17710000,54571.70000000,2.1732
1749266415,2.17720000,8012.50000000,2.1732
1749266415,2.17730000,5451.90000000,2.1732
1749266415,2.17740000,7924.20000000,2.1732
1749266415,2.17750000,9626.70000000,2.1732
1749266415,2.17760000,4000.00000000,2.1732
1749266415,2.17770000,11737.10000000,2.1732
1749266415,2.17780000,5079.00000000,2.1732
1749266415,2.17790000,7184.50000000,2.1732
1749266415,2.17800000,11605.60000000,2.1732
1749266415,2.17810000,640.60000000,2.1732
1749266415,2.17820000,11021.70000000,2.1732
1749266415,2.17830000,1702.60000000,2.1732
1749266415,2.17840000,11356.70000000,2.1732
1749266415,2.17850000,27656.30000000,2.1732
1749266415,2.17860000,2185.60000000,2.1732
1749266415,2.17870000,1823.00000000,2.1732
1749266415,2.17880000,5498.10000000,2.1732
1749266415,2.17890000,9778.10000000,2.1732
1749266415,2.17900000,16388.80000000,2.1732
1749266415,2.17910000,2518.50000000,2.1732
1749266415,2.17920000,109.50000000,2.1732
1749266415,2.17930000,2637.80000000,2.1732
1749266415,2.17940000,157.80000000,2.1732
1749266415,2.17950000,4277.80000000,2.1732
1749266415,2.17960000,67.10000000,2.1732
1749266415,2.17970000,115250.00000000,2.1732
1749266415,2.17980000,79.40000000,2.1732
1749266415,2.17990000,18635.40000000,2.1732
1749266415,2.18000000,255208.60000000,2.1732
1749266415,2.18010000,4277.20000000,2.1732
1749266415,2.18020000,107.10000000,2.1732
1749266415,2.18030000,2616.30000000,2.1732
1749266415,2.18040000,34.20000000,2.1732
1749266415,2.18050000,48.20000000,2.1732
1749266415,2.18060000,16.90000000,2.1732
1749266415,2.18070000,1671.90000000,2.1732
1749266415,2.18080000,827.10000000,2.1732
1749266415,2.18090000,79.70000000,2.1732
1749266415,2.18100000,1916.20000000,2.1732
1749266415,2.18110000,148517.20000000,2.1732
1749266415,2.18120000,9065.30000000,2.1732
1749266415,2.18130000,7856.90000000,2.1732
1749266415,2.18140000,103.50000000,2.1732
1749266415,2.18150000,209.80000000,2.1732
1749266415,2.18160000,52.80000000,2.1732
1749266415,2.18170000,89.40000000,2.1732
1749266415,2.18180000,65.50000000,2.1732
1749266415,2.18190000,1711.90000000,2.1732
1749266415,2.18200000,30992.70000000,2.1732
1749266415,2.18210000,6.10000000,2.1732
1749266415,2.18220000,225.40000000,2.1732
1749266415,2.18230000,27.00000000,2.1732
1749266415,2.18240000,38.70000000,2.1732
1749266415,2.18250000,1733.40000000,2.1732
1749266415,2.18260000,14817.80000000,2.1732
1749266415,2.18270000,921.90000000,2.1732
1749266415,2.18280000,72.10000000,2.1732
1749266415,2.18290000,59.60000000,2.1732
1749266415,2.18300000,280.00000000,2.1732
1749266716,2.17640000,15261.40000000,2.176
1749266716,2.17650000,20395.50000000,2.176
1749266716,2.17660000,9626.30000000,2.176
1749266716,2.17670000,12629.50000000,2.176
1749266716,2.17680000,8617.10000000,2.176
1749266716,2.17690000,10114.50000000,2.176
1749266716,2.17700000,13982.60000000,2.176
1749266716,2.17710000,6600.70000000,2.176
1749266716,2.17720000,4995.70000000,2.176
1749266716,2.17730000,6895.10000000,2.176
1749266716,2.17740000,18712.20000000,2.176
1749266716,2.17750000,28361.80000000,2.176
1749266716,2.17760000,15112.10000000,2.176
1749266716,2.17770000,21254.10000000,2.176
1749266716,2.17780000,8206.30000000,2.176
1749266716,2.17790000,10618.30000000,2.176
1749266716,2.17800000,15059.80000000,2.176
1749266716,2.17810000,19728.90000000,2.176
1749266716,2.17820000,10940.40000000,2.176
1749266716,2.17830000,2001.50000000,2.176
1749266716,2.17840000,10311.60000000,2.176
1749266716,2.17850000,13222.10000000,2.176
1749266716,2.17860000,4440.90000000,2.176
1749266716,2.17870000,4813.40000000,2.176
1749266716,2.17880000,11042.20000000,2.176
1749266716,2.17890000,12680.50000000,2.176
1749266716,2.17900000,5838.20000000,2.176
1749266716,2.17910000,10721.50000000,2.176
1749266716,2.17920000,15960.20000000,2.176
1749266716,2.17930000,8591.80000000,2.176
1749266716,2.17940000,11510.40000000,2.176
1749266716,2.17950000,12234.40000000,2.176
1749266716,2.17960000,11439.70000000,2.176
1749266716,2.17970000,30324.10000000,2.176
1749266716,2.17980000,41977.60000000,2.176
1749266716,2.17990000,28934.60000000,2.176
1749266716,2.18000000,253303.40000000,2.176
1749266716,2.18010000,14003.30000000,2.176
1749266716,2.18020000,13868.90000000,2.176
1749266716,2.18030000,2727.80000000,2.176
1749266716,2.18040000,2477.60000000,2.176
1749266716,2.18050000,4942.80000000,2.176
1749266716,2.18060000,9488.20000000,2.176
1749266716,2.18070000,12914.20000000,2.176
1749266716,2.18080000,2942.60000000,2.176
1749266716,2.18090000,190.80000000,2.176
1749266716,2.18100000,3571.40000000,2.176
1749266716,2.18110000,10660.50000000,2.176
1749266716,2.18120000,10502.20000000,2.176
1749266716,2.18130000,4268.00000000,2.176
1749266716,2.18140000,110586.00000000,2.176
1749266716,2.18150000,7380.50000000,2.176
1749266716,2.18160000,15947.70000000,2.176
1749266716,2.18170000,3561.10000000,2.176
1749266716,2.18180000,70.20000000,2.176
1749266716,2.18190000,4132.10000000,2.176
1749266716,2.18200000,31072.40000000,2.176
1749266716,2.18210000,2395.10000000,2.176
1749266716,2.18220000,2751.10000000,2.176
1749266716,2.18230000,2577.50000000,2.176
1749266716,2.18240000,293.50000000,2.176
1749266716,2.18250000,11134.60000000,2.176
1749266716,2.18260000,16464.30000000,2.176
1749266716,2.18270000,2561.20000000,2.176
1749266716,2.18280000,1364.10000000,2.176
1749266716,2.18290000,2676.50000000,2.176
1749266716,2.18300000,14209.80000000,2.176
1749266716,2.18310000,1673.00000000,2.176
1749266716,2.18320000,53.50000000,2.176
1749266716,2.18330000,12706.80000000,2.176
1749266716,2.18340000,141418.50000000,2.176
1749266716,2.18350000,13.50000000,2.176
1749266716,2.18360000,20.30000000,2.176
1749266716,2.18370000,1712.60000000,2.176
1749266716,2.18380000,434.70000000,2.176
1749266716,2.18390000,9087.30000000,2.176
1749266716,2.18400000,2979.00000000,2.176
1749266716,2.18410000,2300.50000000,2.176
1749266716,2.18420000,173380.10000000,2.176
1749266716,2.18430000,3593.50000000,2.176
1749266716,2.18440000,29.90000000,2.176
1749266716,2.18450000,219.00000000,2.176
1749266716,2.18460000,6183.80000000,2.176
1749266716,2.18470000,41.80000000,2.176
1749266716,2.18480000,794.30000000,2.176
1749266716,2.18490000,1923.10000000,2.176
1749266716,2.18500000,5810.60000000,2.176
1749266716,2.18510000,34.20000000,2.176
1749266716,2.18520000,33.70000000,2.176
1749266716,2.18530000,9035.70000000,2.176
1749266716,2.18540000,70.60000000,2.176
1749266716,2.18550000,3206.10000000,2.176
1749266716,2.18560000,99.10000000,2.176
1749266716,2.18570000,473.70000000,2.176
1749266716,2.18580000,14.60000000,2.176
1749266716,2.18590000,124.50000000,2.176
1749266716,2.18600000,9242.40000000,2.176
1749266716,2.18610000,8.80000000,2.176
1749266716,2.18620000,693.00000000,2.176
1749266716,2.18630000,79.60000000,2.176
1749267018,2.17420000,26891.30000000,2.1742
1749267018,2.17430000,22489.60000000,2.1742
1749267018,2.17440000,20605.80000000,2.1742
1749267018,2.17450000,11743.30000000,2.1742
1749267018,2.17460000,14980.20000000,2.1742
1749267018,2.17470000,11801.60000000,2.1742
1749267018,2.17480000,7807.60000000,2.1742
1749267018,2.17490000,8873.50000000,2.1742
1749267018,2.17500000,6154.00000000,2.1742
1749267018,2.17510000,9718.10000000,2.1742
1749267018,2.17520000,11890.90000000,2.1742
1749267018,2.17530000,21502.20000000,2.1742
1749267018,2.17540000,20480.40000000,2.1742
1749267018,2.17550000,9186.50000000,2.1742
1749267018,2.17560000,15014.80000000,2.1742
1749267018,2.17570000,12251.40000000,2.1742
1749267018,2.17580000,3392.50000000,2.1742
1749267018,2.17590000,3137.20000000,2.1742
1749267018,2.17600000,11665.90000000,2.1742
1749267018,2.17610000,19653.00000000,2.1742
1749267018,2.17620000,15232.30000000,2.1742
1749267018,2.17630000,17993.80000000,2.1742
1749267018,2.17640000,6900.90000000,2.1742
1749267018,2.17650000,7112.70000000,2.1742
1749267018,2.17660000,9842.30000000,2.1742
1749267018,2.17670000,9385.60000000,2.1742
1749267018,2.17680000,11413.00000000,2.1742
1749267018,2.17690000,5811.90000000,2.1742
1749267018,2.17700000,16283.20000000,2.1742
1749267018,2.17710000,2001.60000000,2.1742
1749267018,2.17720000,5408.10000000,2.1742
1749267018,2.17730000,4118.80000000,2.1742
1749267018,2.17740000,6828.20000000,2.1742
1749267018,2.17750000,11846.20000000,2.1742
1749267018,2.17760000,3854.00000000,2.1742
1749267018,2.17770000,12630.60000000,2.1742
1749267018,2.17780000,9320.10000000,2.1742
1749267018,2.17790000,19062.90000000,2.1742
1749267018,2.17800000,10761.50000000,2.1742
1749267018,2.17810000,12324.90000000,2.1742
1749267018,2.17820000,12734.80000000,2.1742
1749267018,2.17830000,6807.50000000,2.1742
1749267018,2.17840000,21201.40000000,2.1742
1749267018,2.17850000,17073.00000000,2.1742
1749267018,2.17860000,13459.20000000,2.1742
1749267018,2.17870000,14027.30000000,2.1742
1749267018,2.17880000,6319.80000000,2.1742
1749267018,2.17890000,9778.10000000,2.1742
1749267018,2.17900000,2692.40000000,2.1742
1749267018,2.17910000,4077.20000000,2.1742
1749267018,2.17920000,27245.80000000,2.1742
1749267018,2.17930000,157.80000000,2.1742
1749267018,2.17940000,4087.30000000,2.1742
1749267018,2.17950000,5074.20000000,2.1742
1749267018,2.17960000,136.70000000,2.1742
1749267018,2.17970000,7356.80000000,2.1742
1749267018,2.17980000,36096.00000000,2.1742
1749267018,2.17990000,18643.80000000,2.1742
1749267018,2.18000000,253271.20000000,2.1742
1749267018,2.18010000,13098.10000000,2.1742
1749267018,2.18020000,107.10000000,2.1742
1749267018,2.18030000,2627.80000000,2.1742
1749267018,2.18040000,2477.60000000,2.1742
1749267018,2.18050000,162.20000000,2.1742
1749267018,2.18060000,7417.50000000,2.1742
1749267018,2.18070000,1906.20000000,2.1742
1749267018,2.18080000,2940.00000000,2.1742
1749267018,2.18090000,179.60000000,2.1742
1749267018,2.18100000,8571.40000000,2.1742
1749267018,2.18110000,7198.70000000,2.1742
1749267018,2.18120000,11425.80000000,2.1742
1749267018,2.18130000,21682.30000000,2.1742
1749267018,2.18140000,108037.70000000,2.1742
1749267018,2.18150000,4832.50000000,2.1742
1749267018,2.18160000,57.50000000,2.1742
1749267018,2.18170000,94.10000000,2.1742
1749267018,2.18180000,70.20000000,2.1742
1749267018,2.18190000,1711.90000000,2.1742
1749267018,2.18200000,31213.40000000,2.1742
1749267018,2.18210000,6.10000000,2.1742
1749267018,2.18220000,225.40000000,2.1742
1749267018,2.18230000,27.00000000,2.1742
1749267018,2.18240000,77.00000000,2.1742
1749267018,2.18250000,8645.70000000,2.1742
1749267018,2.18260000,14817.80000000,2.1742
1749267018,2.18270000,5.60000000,2.1742
1749267018,2.18280000,72.10000000,2.1742
1749267018,2.18290000,59.60000000,2.1742
1749267018,2.18300000,280.00000000,2.1742
1749267018,2.18310000,6264.50000000,2.1742
1749267018,2.18320000,48.80000000,2.1742
1749267018,2.18330000,8105.30000000,2.1742
1749267018,2.18340000,141413.80000000,2.1742
1749267018,2.18350000,8.80000000,2.1742
1749267018,2.18360000,15.60000000,2.1742
1749267018,2.18370000,1707.90000000,2.1742
1749267018,2.18380000,275.20000000,2.1742
1749267018,2.18390000,9082.60000000,2.1742
1749267018,2.18400000,2974.30000000,2.1742
1749267018,2.18410000,2314.40000000,2.1742
1749267319,2.17380000,528.80000000,2.1737
1749267319,2.17390000,17.00000000,2.1737
1749267319,2.17400000,228.60000000,2.1737
1749267319,2.17410000,5026.30000000,2.1737
1749267319,2.17420000,10251.70000000,2.1737
1749267319,2.17430000,9409.10000000,2.1737
1749267319,2.17440000,13627.80000000,2.1737
1749267319,2.17450000,14394.40000000,2.1737
1749267319,2.17460000,8394.60000000,2.1737
1749267319,2.17470000,9040.00000000,2.1737
1749267319,2.17480000,22038.00000000,2.1737
1749267319,2.17490000,17380.50000000,2.1737
1749267319,2.17500000,15257.70000000,2.1737
1749267319,2.17510000,7240.20000000,2.1737
1749267319,2.17520000,19890.80000000,2.1737
1749267319,2.17530000,13718.60000000,2.1737
1749267319,2.17540000,17138.70000000,2.1737
1749267319,2.17550000,5657.40000000,2.1737
1749267319,2.17560000,14651.10000000,2.1737
1749267319,2.17570000,8130.70000000,2.1737
1749267319,2.17580000,6270.60000000,2.1737
1749267319,2.17590000,1769.00000000,2.1737
1749267319,2.17600000,7025.00000000,2.1737
1749267319,2.17610000,15227.10000000,2.1737
1749267319,2.17620000,8804.10000000,2.1737
1749267319,2.17630000,7396.70000000,2.1737
1749267319,2.17640000,6533.20000000,2.1737
1749267319,2.17650000,3723.10000000,2.1737
1749267319,2.17660000,5905.90000000,2.1737
1749267319,2.17670000,6841.30000000,2.1737
1749267319,2.17680000,14523.20000000,2.1737
1749267319,2.17690000,8333.90000000,2.1737
1749267319,2.17700000,22912.70000000,2.1737
1749267319,2.17710000,9187.30000000,2.1737
1749267319,2.17720000,10462.50000000,2.1737
1749267319,2.17730000,10286.60000000,2.1737
1749267319,2.17740000,10762.60000000,2.1737
1749267319,2.17750000,23870.00000000,2.1737
1749267319,2.17760000,18026.50000000,2.1737
1749267319,2.17770000,13942.30000000,2.1737
1749267319,2.17780000,16827.70000000,2.1737
1749267319,2.17790000,18462.00000000,2.1737
1749267319,2.17800000,7745.20000000,2.1737
1749267319,2.17810000,7164.40000000,2.1737
1749267319,2.17820000,12398.10000000,2.1737
1749267319,2.17830000,807.70000000,2.1737
1749267319,2.17840000,5946.20000000,2.1737
1749267319,2.17850000,11283.20000000,2.1737
1749267319,2.17860000,3104.70000000,2.1737
1749267319,2.17870000,1823.00000000,2.1737
1749267319,2.17880000,5427.30000000,2.1737
1749267319,2.17890000,9755.60000000,2.1737
1749267319,2.17900000,110621.90000000,2.1737
1749267319,2.17910000,2520.90000000,2.1737
1749267319,2.17920000,27245.80000000,2.1737
1749267319,2.17930000,157.80000000,2.1737
1749267319,2.17940000,2709.30000000,2.1737
1749267319,2.17950000,1707.90000000,2.1737
1749267319,2.17960000,1716.90000000,2.1737
1749267319,2.17970000,18548.80000000,2.1737
1749267319,2.17980000,38494.30000000,2.1737
1749267319,2.17990000,16086.00000000,2.1737
1749267319,2.18000000,255933.50000000,2.1737
1749267319,2.18010000,4426.50000000,2.1737
1749267319,2.18020000,2795.70000000,2.1737
1749267319,2.18030000,2700.90000000,2.1737
1749267319,2.18040000,64.80000000,2.1737
1749267319,2.18050000,2709.70000000,2.1737
1749267319,2.18060000,4648.80000000,2.1737
1749267319,2.18070000,5975.60000000,2.1737
1749267319,2.18080000,167.50000000,2.1737
1749267319,2.18090000,149.30000000,2.1737
1749267319,2.18100000,6020.90000000,2.1737
1749267319,2.18110000,6969.10000000,2.1737
