timestamp,price,volume,current_price
1749258247,2.16660000,17151.70000000,2.1666
1749258247,2.16670000,11735.00000000,2.1666
1749258247,2.16680000,7651.40000000,2.1666
1749258247,2.16690000,8808.10000000,2.1666
1749258247,2.16700000,1314.20000000,2.1666
1749258247,2.16710000,4869.70000000,2.1666
1749258247,2.16720000,3379.10000000,2.1666
1749258247,2.16730000,12512.90000000,2.1666
1749258247,2.16740000,36801.10000000,2.1666
1749258247,2.16750000,16847.50000000,2.1666
1749258247,2.16760000,13875.10000000,2.1666
1749258247,2.16770000,12052.50000000,2.1666
1749258247,2.16780000,7228.30000000,2.1666
1749258247,2.16790000,10693.30000000,2.1666
1749258247,2.16800000,8579.60000000,2.1666
1749258247,2.16810000,5870.70000000,2.1666
1749258247,2.16820000,5804.30000000,2.1666
1749258247,2.16830000,12004.70000000,2.1666
1749258247,2.16840000,13632.40000000,2.1666
1749258247,2.16850000,2772.20000000,2.1666
1749258247,2.16860000,5763.30000000,2.1666
1749258247,2.16870000,17098.90000000,2.1666
1749258247,2.16880000,8702.30000000,2.1666
1749258247,2.16890000,11467.00000000,2.1666
1749258247,2.16900000,13037.00000000,2.1666
1749258247,2.16910000,9968.70000000,2.1666
1749258247,2.16920000,42379.70000000,2.1666
1749258247,2.16930000,92542.00000000,2.1666
1749258247,2.16940000,3725.40000000,2.1666
1749258247,2.16950000,5954.60000000,2.1666
1749258247,2.16960000,10738.20000000,2.1666
1749258247,2.16970000,20403.60000000,2.1666
1749258247,2.16980000,10168.60000000,2.1666
1749258247,2.16990000,25443.10000000,2.1666
1749258247,2.17000000,15880.40000000,2.1666
1749258247,2.17010000,3797.70000000,2.1666
1749258247,2.17020000,8401.40000000,2.1666
1749258247,2.17030000,15614.70000000,2.1666
1749258247,2.17040000,11902.50000000,2.1666
1749258247,2.17050000,11189.20000000,2.1666
1749258247,2.17060000,20777.90000000,2.1666
1749258247,2.17070000,28963.20000000,2.1666
1749258247,2.17080000,8310.40000000,2.1666
1749258247,2.17090000,5407.90000000,2.1666
1749258247,2.17100000,8601.30000000,2.1666
1749258247,2.17110000,32806.60000000,2.1666
1749258247,2.17120000,6069.80000000,2.1666
1749258247,2.17130000,2253.00000000,2.1666
1749258247,2.17140000,9812.20000000,2.1666
1749258247,2.17150000,5046.70000000,2.1666
1749258247,2.17160000,7871.50000000,2.1666
1749258247,2.17170000,4289.80000000,2.1666
1749258247,2.17180000,8208.40000000,2.1666
1749258247,2.17190000,8363.80000000,2.1666
1749258247,2.17200000,8599.20000000,2.1666
1749258247,2.17210000,11002.40000000,2.1666
1749258247,2.17220000,2573.10000000,2.1666
1749258247,2.17230000,1288.60000000,2.1666
1749258247,2.17240000,20952.40000000,2.1666
1749258247,2.17250000,5009.80000000,2.1666
1749258247,2.17260000,4516.30000000,2.1666
1749258247,2.17270000,8333.20000000,2.1666
1749258247,2.17280000,32.20000000,2.1666
1749258247,2.17290000,15528.10000000,2.1666
1749258247,2.17300000,2550.20000000,2.1666
1749258247,2.17310000,2796.60000000,2.1666
1749258247,2.17320000,1970.50000000,2.1666
1749258247,2.17330000,5331.10000000,2.1666
1749258247,2.17340000,4725.70000000,2.1666
1749258247,2.17350000,6033.70000000,2.1666
1749258247,2.17360000,2347.90000000,2.1666
1749258247,2.17370000,2767.60000000,2.1666
1749258247,2.17380000,1723.90000000,2.1666
1749258247,2.17390000,5076.30000000,2.1666
1749258247,2.17400000,17.70000000,2.1666
1749258247,2.17410000,1339.70000000,2.1666
1749258247,2.17420000,52667.10000000,2.1666
1749258247,2.17430000,54.80000000,2.1666
1749258247,2.17440000,1674.50000000,2.1666
1749258247,2.17450000,4630.20000000,2.1666
1749258247,2.17460000,71.80000000,2.1666
1749258247,2.17470000,5886.00000000,2.1666
1749258247,2.17480000,1150.40000000,2.1666
1749258247,2.17490000,631.40000000,2.1666
1749258247,2.17500000,14914.30000000,2.1666
1749258247,2.17510000,3752.10000000,2.1666
1749258247,2.17520000,117.90000000,2.1666
1749258247,2.17530000,355.00000000,2.1666
1749258247,2.17540000,54.00000000,2.1666
1749258247,2.17550000,215.60000000,2.1666
1749258247,2.17560000,104004.30000000,2.1666
1749258247,2.17570000,148.50000000,2.1666
1749258247,2.17580000,46.10000000,2.1666
1749258247,2.17590000,52.00000000,2.1666
1749258247,2.17600000,323.70000000,2.1666
1749258247,2.17610000,48.80000000,2.1666
1749258247,2.17620000,1677.20000000,2.1666
1749258247,2.17630000,5975.00000000,2.1666
1749258247,2.17640000,10283.10000000,2.1666
1749258247,2.17650000,210.40000000,2.1666
1749258555,2.16340000,16966.80000000,2.1634
1749258555,2.16350000,21857.50000000,2.1634
1749258555,2.16360000,21525.80000000,2.1634
1749258555,2.16370000,31576.10000000,2.1634
1749258555,2.16380000,12181.20000000,2.1634
1749258555,2.16390000,9609.00000000,2.1634
1749258555,2.16400000,3156.70000000,2.1634
1749258555,2.16410000,5042.90000000,2.1634
1749258555,2.16420000,10383.30000000,2.1634
1749258555,2.16430000,7256.40000000,2.1634
1749258555,2.16440000,16101.60000000,2.1634
1749258555,2.16450000,24357.50000000,2.1634
1749258555,2.16460000,21076.40000000,2.1634
1749258555,2.16470000,15482.50000000,2.1634
1749258555,2.16480000,6152.30000000,2.1634
1749258555,2.16490000,12449.60000000,2.1634
1749258555,2.16500000,10014.30000000,2.1634
1749258555,2.16510000,5249.10000000,2.1634
1749258555,2.16520000,15721.10000000,2.1634
1749258555,2.16530000,23504.70000000,2.1634
1749258555,2.16540000,7699.90000000,2.1634
1749258555,2.16550000,4307.00000000,2.1634
1749258555,2.16560000,8430.40000000,2.1634
1749258555,2.16570000,18767.00000000,2.1634
1749258555,2.16580000,7368.10000000,2.1634
1749258555,2.16590000,1863.40000000,2.1634
1749258555,2.16600000,4295.40000000,2.1634
1749258555,2.16610000,8836.20000000,2.1634
1749258555,2.16620000,15401.10000000,2.1634
1749258555,2.16630000,15314.70000000,2.1634
1749258555,2.16640000,5458.00000000,2.1634
1749258555,2.16650000,1522.70000000,2.1634
1749258555,2.16660000,4842.90000000,2.1634
1749258555,2.16670000,5580.50000000,2.1634
1749258555,2.16680000,2631.70000000,2.1634
1749258555,2.16690000,14076.90000000,2.1634
1749258555,2.16700000,18191.30000000,2.1634
1749258555,2.16710000,29869.90000000,2.1634
1749258555,2.16720000,3932.00000000,2.1634
1749258555,2.16730000,6208.90000000,2.1634
1749258555,2.16740000,5085.80000000,2.1634
1749258555,2.16750000,10924.20000000,2.1634
1749258555,2.16760000,19764.50000000,2.1634
1749258555,2.16770000,29116.90000000,2.1634
1749258555,2.16780000,8455.60000000,2.1634
1749258555,2.16790000,24099.40000000,2.1634
1749258555,2.16800000,19953.70000000,2.1634
1749258555,2.16810000,5051.40000000,2.1634
1749258555,2.16820000,5877.30000000,2.1634
1749258555,2.16830000,21582.00000000,2.1634
1749258555,2.16840000,12502.80000000,2.1634
1749258555,2.16850000,2812.40000000,2.1634
1749258555,2.16860000,530.50000000,2.1634
1749258555,2.16870000,5978.50000000,2.1634
1749258555,2.16880000,530.50000000,2.1634
1749258555,2.16890000,7390.40000000,2.1634
1749258555,2.16900000,6273.50000000,2.1634
1749258555,2.16910000,5066.60000000,2.1634
1749258555,2.16920000,10357.70000000,2.1634
1749258555,2.16930000,91239.10000000,2.1634
1749258555,2.16940000,2360.90000000,2.1634
1749258555,2.16950000,3289.40000000,2.1634
1749258555,2.16960000,477.00000000,2.1634
1749258555,2.16970000,10853.10000000,2.1634
1749258555,2.16980000,4622.70000000,2.1634
1749258555,2.16990000,10420.20000000,2.1634
1749258555,2.17000000,9431.90000000,2.1634
1749258555,2.17010000,1178.70000000,2.1634
1749258555,2.17020000,2836.40000000,2.1634
1749258555,2.17030000,8297.60000000,2.1634
1749258555,2.17040000,5941.00000000,2.1634
1749258555,2.17050000,2919.00000000,2.1634
1749258555,2.17060000,12147.90000000,2.1634
1749258555,2.17070000,7343.30000000,2.1634
1749258555,2.17080000,3159.80000000,2.1634
1749258555,2.17090000,23122.40000000,2.1634
1749258555,2.17100000,1415.00000000,2.1634
1749258555,2.17110000,6276.00000000,2.1634
1749258555,2.17120000,3812.90000000,2.1634
1749258555,2.17130000,12.40000000,2.1634
1749258555,2.17140000,14640.40000000,2.1634
1749258555,2.17150000,35879.30000000,2.1634
1749258555,2.17160000,6126.40000000,2.1634
1749258555,2.17170000,2572.10000000,2.1634
1749258555,2.17180000,7676.30000000,2.1634
1749258555,2.17190000,8011.00000000,2.1634
1749258555,2.17200000,5852.50000000,2.1634
1749258555,2.17210000,7133.60000000,2.1634
1749258555,2.17220000,1394.90000000,2.1634
1749258555,2.17230000,108.90000000,2.1634
1749258555,2.17240000,2135.90000000,2.1634
1749258555,2.17250000,4930.10000000,2.1634
1749258555,2.17260000,1793.80000000,2.1634
1749258555,2.17270000,3460.40000000,2.1634
1749258555,2.17280000,16.00000000,2.1634
1749258555,2.17290000,12786.70000000,2.1634
1749258555,2.17300000,250.50000000,2.1634
1749258555,2.17310000,50.20000000,2.1634
1749258555,2.17320000,1965.80000000,2.1634
1749258555,2.17330000,289.70000000,2.1634
1749258870,2.16750000,19065.00000000,2.1674
1749258870,2.16760000,26882.60000000,2.1674
1749258870,2.16770000,36152.30000000,2.1674
1749258870,2.16780000,16298.00000000,2.1674
1749258870,2.16790000,18487.80000000,2.1674
1749258870,2.16800000,35319.50000000,2.1674
1749258870,2.16810000,18193.60000000,2.1674
1749258870,2.16820000,11423.90000000,2.1674
1749258870,2.16830000,24503.00000000,2.1674
1749258870,2.16840000,21040.80000000,2.1674
1749258870,2.16850000,7758.80000000,2.1674
1749258870,2.16860000,9842.60000000,2.1674
1749258870,2.16870000,12658.60000000,2.1674
1749258870,2.16880000,9619.20000000,2.1674
1749258870,2.16890000,18923.70000000,2.1674
1749258870,2.16900000,13451.10000000,2.1674
1749258870,2.16910000,9945.50000000,2.1674
1749258870,2.16920000,41598.80000000,2.1674
1749258870,2.16930000,94210.60000000,2.1674
1749258870,2.16940000,11574.90000000,2.1674
1749258870,2.16950000,10627.60000000,2.1674
1749258870,2.16960000,8557.30000000,2.1674
1749258870,2.16970000,15190.00000000,2.1674
1749258870,2.16980000,10942.80000000,2.1674
1749258870,2.16990000,23431.90000000,2.1674
1749258870,2.17000000,13906.90000000,2.1674
1749258870,2.17010000,4628.30000000,2.1674
1749258870,2.17020000,7836.00000000,2.1674
1749258870,2.17030000,10979.20000000,2.1674
1749258870,2.17040000,6801.60000000,2.1674
1749258870,2.17050000,7648.00000000,2.1674
1749258870,2.17060000,21789.80000000,2.1674
1749258870,2.17070000,9499.80000000,2.1674
1749258870,2.17080000,4948.40000000,2.1674
1749258870,2.17090000,7109.60000000,2.1674
1749258870,2.17100000,5217.40000000,2.1674
1749258870,2.17110000,17067.20000000,2.1674
1749258870,2.17120000,4096.60000000,2.1674
1749258870,2.17130000,9399.20000000,2.1674
1749258870,2.17140000,35001.10000000,2.1674
1749258870,2.17150000,8563.30000000,2.1674
1749258870,2.17160000,11269.40000000,2.1674
1749258870,2.17170000,12356.40000000,2.1674
1749258870,2.17180000,9395.80000000,2.1674
1749258870,2.17190000,14994.40000000,2.1674
1749258870,2.17200000,6639.90000000,2.1674
1749258870,2.17210000,12351.50000000,2.1674
1749258870,2.17220000,1450.30000000,2.1674
1749258870,2.17230000,37128.40000000,2.1674
1749258870,2.17240000,5541.80000000,2.1674
1749258870,2.17250000,16158.10000000,2.1674
1749258870,2.17260000,4342.30000000,2.1674
1749258870,2.17270000,5970.80000000,2.1674
1749258870,2.17280000,2677.20000000,2.1674
1749258870,2.17290000,14780.80000000,2.1674
1749258870,2.17300000,2986.80000000,2.1674
1749258870,2.17310000,721.60000000,2.1674
1749258870,2.17320000,4396.60000000,2.1674
1749258870,2.17330000,2589.40000000,2.1674
1749258870,2.17340000,2663.80000000,2.1674
1749258870,2.17350000,4200.90000000,2.1674
1749258870,2.17360000,110933.40000000,2.1674
1749258870,2.17370000,9675.30000000,2.1674
1749258870,2.17380000,146111.80000000,2.1674
1749258870,2.17390000,2394.20000000,2.1674
1749258870,2.17400000,38479.90000000,2.1674
1749258870,2.17410000,35.30000000,2.1674
1749258870,2.17420000,13993.20000000,2.1674
1749258870,2.17430000,59.50000000,2.1674
1749258870,2.17440000,18106.10000000,2.1674
1749258870,2.17450000,4921.70000000,2.1674
1749258870,2.17460000,7183.40000000,2.1674
1749258870,2.17470000,6047.10000000,2.1674
1749258870,2.17480000,6082.20000000,2.1674
1749258870,2.17490000,624.60000000,2.1674
1749258870,2.17500000,8459.70000000,2.1674
1749258870,2.17510000,6716.10000000,2.1674
1749258870,2.17520000,570.50000000,2.1674
1749258870,2.17530000,355.00000000,2.1674
1749258870,2.17540000,2349.00000000,2.1674
1749258870,2.17550000,215.60000000,2.1674
1749258870,2.17560000,1729.80000000,2.1674
1749258870,2.17570000,148.50000000,2.1674
1749258870,2.17580000,115.30000000,2.1674
1749258870,2.17590000,49.60000000,2.1674
1749258870,2.17600000,323.70000000,2.1674
1749258870,2.17610000,48.80000000,2.1674
1749258870,2.17620000,1713.50000000,2.1674
1749258870,2.17630000,5975.00000000,2.1674
1749258870,2.17640000,3314.90000000,2.1674
1749258870,2.17650000,210.40000000,2.1674
1749258870,2.17660000,60.30000000,2.1674
1749258870,2.17670000,54.10000000,2.1674
1749258870,2.17680000,1687.10000000,2.1674
1749258870,2.17690000,10.40000000,2.1674
1749258870,2.17700000,216.60000000,2.1674
1749258870,2.17710000,53.00000000,2.1674
1749258870,2.17720000,42.60000000,2.1674
1749258870,2.17730000,174266.60000000,2.1674
1749258870,2.17740000,3.90000000,2.1674
1749259171,2.16520000,6126.60000000,2.1652
1749259171,2.16530000,13224.90000000,2.1652
1749259171,2.16540000,10922.70000000,2.1652
1749259171,2.16550000,17486.80000000,2.1652
1749259171,2.16560000,31074.60000000,2.1652
1749259171,2.16570000,29630.00000000,2.1652
1749259171,2.16580000,19218.50000000,2.1652
1749259171,2.16590000,8154.60000000,2.1652
1749259171,2.16600000,14222.10000000,2.1652
1749259171,2.16610000,21601.30000000,2.1652
1749259171,2.16620000,25847.90000000,2.1652
1749259171,2.16630000,13097.90000000,2.1652
1749259171,2.16640000,6832.50000000,2.1652
1749259171,2.16650000,9421.30000000,2.1652
1749259171,2.16660000,5868.70000000,2.1652
1749259171,2.16670000,2173.30000000,2.1652
1749259171,2.16680000,5994.00000000,2.1652
1749259171,2.16690000,12213.30000000,2.1652
1749259171,2.16700000,14492.30000000,2.1652
1749259171,2.16710000,12111.20000000,2.1652
1749259171,2.16720000,10971.00000000,2.1652
1749259171,2.16730000,15174.50000000,2.1652
1749259171,2.16740000,27689.60000000,2.1652
1749259171,2.16750000,5741.90000000,2.1652
1749259171,2.16760000,11854.00000000,2.1652
1749259171,2.16770000,12726.80000000,2.1652
1749259171,2.16780000,7103.90000000,2.1652
1749259171,2.16790000,2914.70000000,2.1652
1749259171,2.16800000,11477.50000000,2.1652
1749259171,2.16810000,4320.50000000,2.1652
1749259171,2.16820000,5918.10000000,2.1652
1749259171,2.16830000,13245.90000000,2.1652
1749259171,2.16840000,10118.70000000,2.1652
1749259171,2.16850000,7228.90000000,2.1652
1749259171,2.16860000,5716.90000000,2.1652
1749259171,2.16870000,5200.30000000,2.1652
1749259171,2.16880000,10628.60000000,2.1652
1749259171,2.16890000,13771.20000000,2.1652
1749259171,2.16900000,22380.20000000,2.1652
1749259171,2.16910000,10946.20000000,2.1652
1749259171,2.16920000,29242.30000000,2.1652
1749259171,2.16930000,94840.60000000,2.1652
1749259171,2.16940000,13508.50000000,2.1652
1749259171,2.16950000,6019.20000000,2.1652
1749259171,2.16960000,4193.50000000,2.1652
1749259171,2.16970000,10853.10000000,2.1652
1749259171,2.16980000,22528.40000000,2.1652
1749259171,2.16990000,11260.90000000,2.1652
1749259171,2.17000000,29837.20000000,2.1652
1749259171,2.17010000,2551.40000000,2.1652
1749259171,2.17020000,13120.30000000,2.1652
1749259171,2.17030000,9124.40000000,2.1652
1749259171,2.17040000,5941.00000000,2.1652
1749259171,2.17050000,2919.00000000,2.1652
1749259171,2.17060000,49809.00000000,2.1652
1749259171,2.17070000,17107.40000000,2.1652
1749259171,2.17080000,3198.00000000,2.1652
1749259171,2.17090000,6005.90000000,2.1652
1749259171,2.17100000,487.30000000,2.1652
1749259171,2.17110000,7433.70000000,2.1652
1749259171,2.17120000,108692.50000000,2.1652
1749259171,2.17130000,2471.10000000,2.1652
1749259171,2.17140000,16021.10000000,2.1652
1749259171,2.17150000,4631.10000000,2.1652
1749259171,2.17160000,5022.00000000,2.1652
1749259171,2.17170000,3141.90000000,2.1652
1749259171,2.17180000,7733.60000000,2.1652
1749259171,2.17190000,7645.60000000,2.1652
1749259171,2.17200000,4541.20000000,2.1652
1749259171,2.17210000,8050.40000000,2.1652
1749259171,2.17220000,2688.10000000,2.1652
1749259171,2.17230000,2261.70000000,2.1652
1749259171,2.17240000,3506.20000000,2.1652
1749259171,2.17250000,2695.70000000,2.1652
1749259171,2.17260000,4142.50000000,2.1652
1749259171,2.17270000,6015.30000000,2.1652
1749259171,2.17280000,2615.10000000,2.1652
1749259171,2.17290000,13575.80000000,2.1652
1749259171,2.17300000,6932.70000000,2.1652
1749259171,2.17310000,13854.40000000,2.1652
1749259171,2.17320000,1735.40000000,2.1652
1749259171,2.17330000,289.70000000,2.1652
1749259171,2.17340000,3.00000000,2.1652
1749259171,2.17350000,3294.40000000,2.1652
1749259171,2.17360000,30.10000000,2.1652
1749259171,2.17370000,24.50000000,2.1652
1749259171,2.17380000,145376.20000000,2.1652
1749259171,2.17390000,38.40000000,2.1652
1749259171,2.17400000,35834.40000000,2.1652
1749259171,2.17410000,30.60000000,2.1652
1749259171,2.17420000,9052.70000000,2.1652
1749259171,2.17430000,54.80000000,2.1652
1749259171,2.17440000,1674.50000000,2.1652
1749259171,2.17450000,15.90000000,2.1652
1749259171,2.17460000,71.80000000,2.1652
1749259171,2.17470000,5901.30000000,2.1652
1749259171,2.17480000,1150.40000000,2.1652
1749259171,2.17490000,619.90000000,2.1652
1749259171,2.17500000,6585.40000000,2.1652
1749259171,2.17510000,4416.40000000,2.1652
