timestamp,price,volume,current_price
1749254578,0.55540000,141.20000000,0.5552
1749254578,0.55550000,1093.40000000,0.5552
1749254578,0.55560000,5701.40000000,0.5552
1749254578,0.55570000,18291.60000000,0.5552
1749254578,0.55580000,436.90000000,0.5552
1749254578,0.55590000,1532.30000000,0.5552
1749254578,0.55600000,4583.70000000,0.5552
1749254578,0.55610000,4301.40000000,0.5552
1749254578,0.55620000,6527.70000000,0.5552
1749254578,0.55630000,6663.70000000,0.5552
1749254578,0.55640000,3493.50000000,0.5552
1749254578,0.55650000,9245.40000000,0.5552
1749254578,0.55660000,3669.30000000,0.5552
1749254578,0.55670000,357.30000000,0.5552
1749254578,0.55680000,5117.00000000,0.5552
1749254578,0.55690000,357.30000000,0.5552
1749254578,0.55700000,4653.00000000,0.5552
1749254578,0.55710000,3370.90000000,0.5552
1749254578,0.55720000,186.20000000,0.5552
1749254578,0.55730000,357.20000000,0.5552
1749254578,0.55740000,357.10000000,0.5552
1749254578,0.55750000,578.10000000,0.5552
1749254578,0.55760000,186.20000000,0.5552
1749254578,0.55770000,357.00000000,0.5552
1749254578,0.55780000,4653.00000000,0.5552
1749254578,0.55790000,356.90000000,0.5552
1749254578,0.55800000,323.90000000,0.5552
1749254578,0.55810000,357.00000000,0.5552
1749254578,0.55820000,357.00000000,0.5552
1749254578,0.55830000,1161.90000000,0.5552
1749254578,0.55840000,402.00000000,0.5552
1749254578,0.55850000,141.20000000,0.5552
1749254578,0.55860000,374.00000000,0.5552
1749254578,0.55870000,2915.20000000,0.5552
1749254578,0.55880000,45.00000000,0.5552
1749254578,0.55890000,2319.70000000,0.5552
1749254578,0.55900000,727.30000000,0.5552
1749254578,0.55910000,593.30000000,0.5552
1749254578,0.55920000,260.80000000,0.5552
1749254578,0.55940000,216.20000000,0.5552
1749254578,0.55960000,45.00000000,0.5552
1749254578,0.56000000,247.70000000,0.5552
1749254578,0.56010000,1691.40000000,0.5552
1749254578,0.56080000,9.90000000,0.5552
1749254578,0.56180000,9.30000000,0.5552
1749254578,0.56200000,22.00000000,0.5552
1749254578,0.56240000,9.30000000,0.5552
1749254578,0.56250000,3857.50000000,0.5552
1749254578,0.56290000,53.20000000,0.5552
1749254578,0.56310000,77.20000000,0.5552
1749254578,0.56330000,12.40000000,0.5552
1749254578,0.56340000,266.20000000,0.5552
1749254578,0.56400000,32.60000000,0.5552
1749254578,0.56410000,10.60000000,0.5552
1749254578,0.56460000,189.70000000,0.5552
1749254578,0.56480000,9.20000000,0.5552
1749254578,0.56500000,9.60000000,0.5552
1749254578,0.56540000,9.20000000,0.5552
1749254578,0.56600000,183.70000000,0.5552
1749254578,0.56620000,9.90000000,0.5552
1749254578,0.56660000,12.30000000,0.5552
1749254578,0.56690000,12.30000000,0.5552
1749254578,0.56710000,14.10000000,0.5552
1749254578,0.56720000,10.60000000,0.5552
1749254578,0.56740000,52.90000000,0.5552
1749254578,0.56800000,22.00000000,0.5552
1749254578,0.56810000,92.90000000,0.5552
1749254578,0.56840000,527.70000000,0.5552
1749254578,0.56860000,91.10000000,0.5552
1749254578,0.56880000,47.20000000,0.5552
1749254578,0.56910000,13.80000000,0.5552
1749254578,0.56980000,18.10000000,0.5552
1749254578,0.56990000,12.20000000,0.5552
1749254578,0.57000000,178.20000000,0.5552
1749254578,0.57030000,9.10000000,0.5552
1749254578,0.57050000,1752.20000000,0.5552
1749254578,0.57100000,30.60000000,0.5552
1749254578,0.57120000,12.30000000,0.5552
1749254578,0.57150000,9.90000000,0.5552
1749254578,0.57170000,14.00000000,0.5552
1749254578,0.57200000,42.80000000,0.5552
1749254578,0.57250000,9.80000000,0.5552
1749254578,0.57280000,14.00000000,0.5552
1749254578,0.57330000,12.20000000,0.5552
1749254578,0.57350000,83.70000000,0.5552
1749254578,0.57400000,22.00000000,0.5552
1749254578,0.57410000,158.30000000,0.5552
1749254578,0.57430000,16.90000000,0.5552
1749254578,0.57460000,9.10000000,0.5552
1749254578,0.57500000,3601.40000000,0.5552
1749254578,0.57520000,15.60000000,0.5552
1749254578,0.57530000,32.40000000,0.5552
1749254578,0.57600000,31.70000000,0.5552
1749254578,0.57660000,12.10000000,0.5552
1749254578,0.57670000,10.50000000,0.5552
1749254578,0.57680000,74.10000000,0.5552
1749254578,0.57690000,9.90000000,0.5552
1749254578,0.57700000,155.20000000,0.5552
1749254578,0.57750000,18.00000000,0.5552
1749254578,0.57800000,35.80000000,0.5552
1749254601,0.55530000,194.20000000,0.5552
1749254601,0.55540000,1040.80000000,0.5552
1749254601,0.55550000,141.20000000,0.5552
1749254601,0.55560000,514.80000000,0.5552
1749254601,0.55570000,219.80000000,0.5552
1749254601,0.55580000,837.60000000,0.5552
1749254601,0.55590000,2431.10000000,0.5552
1749254601,0.55600000,4286.10000000,0.5552
1749254601,0.55610000,4859.50000000,0.5552
1749254601,0.55620000,3958.00000000,0.5552
1749254601,0.55630000,6173.10000000,0.5552
1749254601,0.55640000,4559.30000000,0.5552
1749254601,0.55650000,9417.20000000,0.5552
1749254601,0.55660000,3669.30000000,0.5552
1749254601,0.55670000,357.30000000,0.5552
1749254601,0.55680000,5117.00000000,0.5552
1749254601,0.55690000,357.30000000,0.5552
1749254601,0.55700000,4653.00000000,0.5552
1749254601,0.55710000,3370.90000000,0.5552
1749254601,0.55720000,186.20000000,0.5552
1749254601,0.55730000,357.20000000,0.5552
1749254601,0.55740000,357.10000000,0.5552
1749254601,0.55750000,578.10000000,0.5552
1749254601,0.55760000,186.20000000,0.5552
1749254601,0.55770000,357.00000000,0.5552
1749254601,0.55780000,4653.00000000,0.5552
1749254601,0.55790000,356.90000000,0.5552
1749254601,0.55800000,323.90000000,0.5552
1749254601,0.55810000,357.00000000,0.5552
1749254601,0.55820000,357.00000000,0.5552
1749254601,0.55830000,1161.90000000,0.5552
1749254601,0.55840000,402.00000000,0.5552
1749254601,0.55850000,141.20000000,0.5552
1749254601,0.55860000,374.00000000,0.5552
1749254601,0.55870000,2915.20000000,0.5552
1749254601,0.55880000,45.00000000,0.5552
1749254601,0.55890000,2319.70000000,0.5552
1749254601,0.55900000,727.30000000,0.5552
1749254601,0.55910000,593.30000000,0.5552
1749254601,0.55920000,260.80000000,0.5552
1749254601,0.55940000,216.20000000,0.5552
1749254601,0.55960000,45.00000000,0.5552
1749254601,0.56000000,247.70000000,0.5552
1749254601,0.56010000,1691.40000000,0.5552
1749254601,0.56080000,9.90000000,0.5552
1749254601,0.56180000,9.30000000,0.5552
1749254601,0.56200000,22.00000000,0.5552
1749254601,0.56240000,9.30000000,0.5552
1749254601,0.56250000,3857.50000000,0.5552
1749254601,0.56290000,53.20000000,0.5552
1749254601,0.56310000,77.20000000,0.5552
1749254601,0.56330000,12.40000000,0.5552
1749254601,0.56340000,266.20000000,0.5552
1749254601,0.56400000,32.60000000,0.5552
1749254601,0.56410000,10.60000000,0.5552
1749254601,0.56460000,189.70000000,0.5552
1749254601,0.56480000,9.20000000,0.5552
1749254601,0.56500000,9.60000000,0.5552
1749254601,0.56540000,9.20000000,0.5552
1749254601,0.56600000,183.70000000,0.5552
1749254601,0.56620000,9.90000000,0.5552
1749254601,0.56660000,12.30000000,0.5552
1749254601,0.56690000,12.30000000,0.5552
1749254601,0.56710000,14.10000000,0.5552
1749254601,0.56720000,10.60000000,0.5552
1749254601,0.56740000,52.90000000,0.5552
1749254601,0.56800000,22.00000000,0.5552
1749254601,0.56810000,92.90000000,0.5552
1749254601,0.56840000,527.70000000,0.5552
1749254601,0.56860000,91.10000000,0.5552
1749254601,0.56880000,47.20000000,0.5552
1749254601,0.56910000,13.80000000,0.5552
1749254601,0.56980000,18.10000000,0.5552
1749254601,0.56990000,12.20000000,0.5552
1749254601,0.57000000,178.20000000,0.5552
1749254601,0.57030000,9.10000000,0.5552
1749254601,0.57050000,1752.20000000,0.5552
1749254601,0.57100000,30.60000000,0.5552
1749254601,0.57120000,12.30000000,0.5552
1749254601,0.57150000,9.90000000,0.5552
1749254601,0.57170000,14.00000000,0.5552
1749254601,0.57200000,42.80000000,0.5552
1749254601,0.57250000,9.80000000,0.5552
1749254601,0.57280000,14.00000000,0.5552
1749254601,0.57330000,12.20000000,0.5552
1749254601,0.57350000,83.70000000,0.5552
1749254601,0.57400000,22.00000000,0.5552
1749254601,0.57410000,158.30000000,0.5552
1749254601,0.57430000,16.90000000,0.5552
1749254601,0.57460000,9.10000000,0.5552
1749254601,0.57500000,3601.40000000,0.5552
1749254601,0.57520000,15.60000000,0.5552
1749254601,0.57530000,32.40000000,0.5552
1749254601,0.57600000,31.70000000,0.5552
1749254601,0.57660000,12.10000000,0.5552
1749254601,0.57670000,10.50000000,0.5552
1749254601,0.57680000,74.10000000,0.5552
1749254601,0.57690000,9.90000000,0.5552
1749254601,0.57700000,155.20000000,0.5552
1749254601,0.57750000,18.00000000,0.5552
1749254889,0.55610000,194.10000000,0.556
1749254889,0.55620000,541.70000000,0.556
1749254889,0.55630000,7038.10000000,0.556
1749254889,0.55640000,18112.40000000,0.556
1749254889,0.55650000,915.00000000,0.556
1749254889,0.55660000,1729.10000000,0.556
1749254889,0.55670000,1334.40000000,0.556
1749254889,0.55680000,875.40000000,0.556
1749254889,0.55690000,2844.10000000,0.556
1749254889,0.55700000,2095.00000000,0.556
1749254889,0.55710000,2313.40000000,0.556
1749254889,0.55720000,1793.50000000,0.556
1749254889,0.55730000,3652.90000000,0.556
1749254889,0.55740000,2055.80000000,0.556
1749254889,0.55750000,11123.90000000,0.556
1749254889,0.55760000,15634.50000000,0.556
1749254889,0.55770000,1216.80000000,0.556
1749254889,0.55780000,141.20000000,0.556
1749254889,0.55790000,935.00000000,0.556
1749254889,0.55800000,2310.70000000,0.556
1749254889,0.55810000,357.00000000,0.556
1749254889,0.55820000,357.00000000,0.556
1749254889,0.55830000,141.20000000,0.556
1749254889,0.55840000,357.00000000,0.556
1749254889,0.55850000,141.20000000,0.556
1749254889,0.55860000,4885.80000000,0.556
1749254889,0.55890000,356.80000000,0.556
1749254889,0.55900000,868.50000000,0.556
1749254889,0.55910000,734.50000000,0.556
1749254889,0.55920000,357.00000000,0.556
1749254889,0.55930000,1161.90000000,0.556
1749254889,0.55940000,357.40000000,0.556
1749254889,0.55950000,4653.00000000,0.556
1749254889,0.55960000,2274.70000000,0.556
1749254889,0.55970000,357.00000000,0.556
1749254889,0.55980000,3056.40000000,0.556
1749254889,0.55990000,216.00000000,0.556
1749254889,0.56000000,247.70000000,0.556
1749254889,0.56020000,216.00000000,0.556
1749254889,0.56080000,9.90000000,0.556
1749254889,0.56180000,9.30000000,0.556
1749254889,0.56190000,1691.40000000,0.556
1749254889,0.56200000,22.00000000,0.556
1749254889,0.56240000,9.30000000,0.556
1749254889,0.56250000,3857.50000000,0.556
1749254889,0.56290000,53.20000000,0.556
1749254889,0.56310000,77.20000000,0.556
1749254889,0.56330000,12.40000000,0.556
1749254889,0.56340000,266.20000000,0.556
1749254889,0.56400000,32.60000000,0.556
1749254889,0.56410000,10.60000000,0.556
1749254889,0.56460000,189.70000000,0.556
1749254889,0.56480000,9.20000000,0.556
1749254889,0.56500000,9.60000000,0.556
1749254889,0.56540000,9.20000000,0.556
1749254889,0.56600000,183.70000000,0.556
1749254889,0.56620000,9.90000000,0.556
1749254889,0.56660000,12.30000000,0.556
1749254889,0.56690000,12.30000000,0.556
1749254889,0.56710000,14.10000000,0.556
1749254889,0.56720000,10.60000000,0.556
1749254889,0.56740000,52.90000000,0.556
1749254889,0.56800000,22.00000000,0.556
1749254889,0.56810000,92.90000000,0.556
1749254889,0.56840000,527.70000000,0.556
1749254889,0.56860000,91.10000000,0.556
1749254889,0.56880000,47.20000000,0.556
1749254889,0.56910000,13.80000000,0.556
1749254889,0.56980000,18.10000000,0.556
1749254889,0.56990000,12.20000000,0.556
1749254889,0.57000000,178.20000000,0.556
1749254889,0.57030000,9.10000000,0.556
1749254889,0.57050000,1752.20000000,0.556
1749254889,0.57100000,30.60000000,0.556
1749254889,0.57120000,12.30000000,0.556
1749254889,0.57150000,9.90000000,0.556
1749254889,0.57170000,14.00000000,0.556
1749254889,0.57200000,42.80000000,0.556
1749254889,0.57250000,9.80000000,0.556
1749254889,0.57280000,14.00000000,0.556
1749254889,0.57330000,12.20000000,0.556
1749254889,0.57350000,83.70000000,0.556
1749254889,0.57400000,22.00000000,0.556
1749254889,0.57410000,158.30000000,0.556
1749254889,0.57430000,16.90000000,0.556
1749254889,0.57460000,9.10000000,0.556
1749254889,0.57500000,3601.40000000,0.556
1749254889,0.57520000,15.60000000,0.556
1749254889,0.57530000,32.40000000,0.556
1749254889,0.57600000,31.70000000,0.556
1749254889,0.57660000,12.10000000,0.556
1749254889,0.57670000,10.50000000,0.556
1749254889,0.57680000,74.10000000,0.556
1749254889,0.57690000,9.90000000,0.556
1749254889,0.57700000,155.20000000,0.556
1749254889,0.57750000,18.00000000,0.556
1749254889,0.57800000,35.80000000,0.556
1749254889,0.57820000,17.30000000,0.556
1749254889,0.57840000,17.30000000,0.556
1749254889,0.57950000,31.80000000,0.556
1749254908,0.55600000,141.20000000,0.5558
1749254908,0.55610000,194.10000000,0.5558
1749254908,0.55620000,1039.50000000,0.5558
1749254908,0.55630000,6140.00000000,0.5558
1749254908,0.55640000,18190.10000000,0.5558
1749254908,0.55650000,837.30000000,0.5558
1749254908,0.55660000,1729.10000000,0.5558
1749254908,0.55670000,1334.40000000,0.5558
1749254908,0.55680000,875.40000000,0.5558
1749254908,0.55690000,2844.10000000,0.5558
1749254908,0.55700000,2095.00000000,0.5558
1749254908,0.55710000,2313.40000000,0.5558
1749254908,0.55720000,1793.50000000,0.5558
1749254908,0.55730000,3652.90000000,0.5558
1749254908,0.55740000,2055.80000000,0.5558
1749254908,0.55750000,11123.90000000,0.5558
1749254908,0.55760000,7805.60000000,0.5558
1749254908,0.55770000,1216.80000000,0.5558
1749254908,0.55780000,141.20000000,0.5558
1749254908,0.55790000,935.00000000,0.5558
1749254908,0.55800000,2063.30000000,0.5558
1749254908,0.55810000,357.00000000,0.5558
1749254908,0.55820000,357.00000000,0.5558
1749254908,0.55830000,141.20000000,0.5558
1749254908,0.55840000,401.90000000,0.5558
1749254908,0.55850000,141.20000000,0.5558
1749254908,0.55860000,4885.80000000,0.5558
1749254908,0.55880000,44.90000000,0.5558
1749254908,0.55890000,356.80000000,0.5558
1749254908,0.55900000,868.50000000,0.5558
1749254908,0.55910000,734.50000000,0.5558
1749254908,0.55920000,357.00000000,0.5558
1749254908,0.55930000,1161.90000000,0.5558
1749254908,0.55940000,357.40000000,0.5558
1749254908,0.55950000,4653.00000000,0.5558
1749254908,0.55960000,2274.70000000,0.5558
1749254908,0.55970000,357.00000000,0.5558
1749254908,0.55980000,2915.20000000,0.5558
1749254908,0.55990000,216.00000000,0.5558
1749254908,0.56000000,247.70000000,0.5558
1749254908,0.56020000,216.00000000,0.5558
1749254908,0.56080000,9.90000000,0.5558
1749254908,0.56180000,9.30000000,0.5558
1749254908,0.56190000,1691.40000000,0.5558
1749254908,0.56200000,22.00000000,0.5558
1749254908,0.56240000,9.30000000,0.5558
1749254908,0.56250000,3857.50000000,0.5558
1749254908,0.56290000,53.20000000,0.5558
1749254908,0.56310000,77.20000000,0.5558
1749254908,0.56330000,12.40000000,0.5558
1749254908,0.56340000,266.20000000,0.5558
1749254908,0.56400000,32.60000000,0.5558
1749254908,0.56410000,10.60000000,0.5558
1749254908,0.56460000,189.70000000,0.5558
1749254908,0.56480000,9.20000000,0.5558
1749254908,0.56500000,9.60000000,0.5558
1749254908,0.56540000,9.20000000,0.5558
1749254908,0.56600000,183.70000000,0.5558
1749254908,0.56620000,9.90000000,0.5558
1749254908,0.56660000,12.30000000,0.5558
1749254908,0.56690000,12.30000000,0.5558
1749254908,0.56710000,14.10000000,0.5558
1749254908,0.56720000,10.60000000,0.5558
1749254908,0.56740000,52.90000000,0.5558
1749254908,0.56800000,22.00000000,0.5558
1749254908,0.56810000,92.90000000,0.5558
1749254908,0.56840000,527.70000000,0.5558
1749254908,0.56860000,91.10000000,0.5558
1749254908,0.56880000,47.20000000,0.5558
1749254908,0.56910000,13.80000000,0.5558
1749254908,0.56980000,18.10000000,0.5558
1749254908,0.56990000,12.20000000,0.5558
1749254908,0.57000000,178.20000000,0.5558
1749254908,0.57030000,9.10000000,0.5558
1749254908,0.57050000,1752.20000000,0.5558
1749254908,0.57100000,30.60000000,0.5558
1749254908,0.57120000,12.30000000,0.5558
1749254908,0.57150000,9.90000000,0.5558
1749254908,0.57170000,14.00000000,0.5558
1749254908,0.57200000,42.80000000,0.5558
1749254908,0.57250000,9.80000000,0.5558
1749254908,0.57280000,14.00000000,0.5558
1749254908,0.57330000,12.20000000,0.5558
1749254908,0.57350000,83.70000000,0.5558
1749254908,0.57400000,22.00000000,0.5558
1749254908,0.57410000,158.30000000,0.5558
1749254908,0.57430000,16.90000000,0.5558
1749254908,0.57460000,9.10000000,0.5558
1749254908,0.57500000,3601.40000000,0.5558
1749254908,0.57520000,15.60000000,0.5558
1749254908,0.57530000,32.40000000,0.5558
1749254908,0.57600000,31.70000000,0.5558
1749254908,0.57660000,12.10000000,0.5558
1749254908,0.57670000,10.50000000,0.5558
1749254908,0.57680000,74.10000000,0.5558
1749254908,0.57690000,9.90000000,0.5558
1749254908,0.57700000,155.20000000,0.5558
1749254908,0.57750000,18.00000000,0.5558
1749254908,0.57800000,35.80000000,0.5558
1749254908,0.57820000,17.30000000,0.5558
