timestamp,price,volume,current_price
1749260746,0.55800000,141.20000000,0.558
1749260746,0.55810000,1036.40000000,0.558
1749260746,0.55820000,194.90000000,0.558
1749260746,0.55830000,141.20000000,0.558
1749260746,0.55840000,611.30000000,0.558
1749260746,0.55850000,1387.20000000,0.558
1749260746,0.55860000,409.90000000,0.558
1749260746,0.55870000,141.20000000,0.558
1749260746,0.55880000,559.20000000,0.558
1749260746,0.55890000,1053.10000000,0.558
1749260746,0.55900000,2369.70000000,0.558
1749260746,0.55910000,1259.20000000,0.558
1749260746,0.55920000,3782.40000000,0.558
1749260746,0.55930000,2673.70000000,0.558
1749260746,0.55940000,5350.30000000,0.558
1749260746,0.55950000,3073.80000000,0.558
1749260746,0.55960000,10507.60000000,0.558
1749260746,0.55970000,141.20000000,0.558
1749260746,0.55980000,8953.60000000,0.558
1749260746,0.55990000,214.90000000,0.558
1749260746,0.56010000,214.50000000,0.558
1749260746,0.56020000,2034.30000000,0.558
1749260746,0.56040000,208.00000000,0.558
1749260746,0.56050000,7481.00000000,0.558
1749260746,0.56060000,214.50000000,0.558
1749260746,0.56080000,214.40000000,0.558
1749260746,0.56090000,693.80000000,0.558
1749260746,0.56110000,214.30000000,0.558
1749260746,0.56120000,4511.80000000,0.558
1749260746,0.56130000,214.30000000,0.558
1749260746,0.56140000,223.70000000,0.558
1749260746,0.56160000,1234.90000000,0.558
1749260746,0.56170000,2495.30000000,0.558
1749260746,0.56180000,9.30000000,0.558
1749260746,0.56190000,215.10000000,0.558
1749260746,0.56200000,4533.80000000,0.558
1749260746,0.56240000,224.30000000,0.558
1749260746,0.56250000,595.70000000,0.558
1749260746,0.56270000,35.50000000,0.558
1749260746,0.56310000,77.20000000,0.558
1749260746,0.56330000,12.40000000,0.558
1749260746,0.56400000,143.70000000,0.558
1749260746,0.56410000,10.60000000,0.558
1749260746,0.56430000,1691.40000000,0.558
1749260746,0.56440000,3864.90000000,0.558
1749260746,0.56480000,9.20000000,0.558
1749260746,0.56500000,9.60000000,0.558
1749260746,0.56540000,62.20000000,0.558
1749260746,0.56600000,448.70000000,0.558
1749260746,0.56620000,9.90000000,0.558
1749260746,0.56660000,202.00000000,0.558
1749260746,0.56690000,12.30000000,0.558
1749260746,0.56710000,14.10000000,0.558
1749260746,0.56720000,10.60000000,0.558
1749260746,0.56740000,52.90000000,0.558
1749260746,0.56800000,22.00000000,0.558
1749260746,0.56830000,92.90000000,0.558
1749260746,0.56880000,138.30000000,0.558
1749260746,0.56910000,13.80000000,0.558
1749260746,0.56980000,18.10000000,0.558
1749260746,0.56990000,12.20000000,0.558
1749260746,0.57000000,178.20000000,0.558
1749260746,0.57030000,9.10000000,0.558
1749260746,0.57100000,555.90000000,0.558
1749260746,0.57120000,12.30000000,0.558
1749260746,0.57150000,9.90000000,0.558
1749260746,0.57170000,14.00000000,0.558
1749260746,0.57200000,42.80000000,0.558
1749260746,0.57250000,9.80000000,0.558
1749260746,0.57280000,14.00000000,0.558
1749260746,0.57330000,12.20000000,0.558
1749260746,0.57350000,83.70000000,0.558
1749260746,0.57360000,1752.20000000,0.558
1749260746,0.57400000,22.00000000,0.558
1749260746,0.57410000,158.30000000,0.558
1749260746,0.57430000,16.90000000,0.558
1749260746,0.57460000,9.10000000,0.558
1749260746,0.57500000,3601.40000000,0.558
1749260746,0.57520000,15.60000000,0.558
1749260746,0.57530000,32.40000000,0.558
1749260746,0.57600000,31.70000000,0.558
1749260746,0.57660000,12.10000000,0.558
1749260746,0.57670000,10.50000000,0.558
1749260746,0.57680000,74.10000000,0.558
1749260746,0.57690000,9.90000000,0.558
1749260746,0.57700000,155.20000000,0.558
1749260746,0.57750000,18.00000000,0.558
1749260746,0.57800000,35.80000000,0.558
1749260746,0.57820000,17.30000000,0.558
1749260746,0.57840000,17.30000000,0.558
1749260746,0.57950000,31.80000000,0.558
1749260746,0.57990000,12.00000000,0.558
1749260746,0.58000000,46.60000000,0.558
1749260746,0.58060000,26.90000000,0.558
1749260746,0.58100000,167.20000000,0.558
1749260746,0.58130000,14.30000000,0.558
1749260746,0.58200000,22.00000000,0.558
1749260746,0.58240000,23.60000000,0.558
1749260746,0.58250000,38.60000000,0.558
1749260746,0.58300000,14.00000000,0.558
1749260760,0.55790000,141.20000000,0.558
1749260760,0.55800000,1036.50000000,0.558
1749260760,0.55810000,5572.80000000,0.558
1749260760,0.55820000,18105.40000000,0.558
1749260760,0.55830000,492.60000000,0.558
1749260760,0.55840000,611.30000000,0.558
1749260760,0.55850000,1387.20000000,0.558
1749260760,0.55860000,409.90000000,0.558
1749260760,0.55870000,845.50000000,0.558
1749260760,0.55880000,2347.60000000,0.558
1749260760,0.55890000,409.90000000,0.558
1749260760,0.55900000,582.10000000,0.558
1749260760,0.55910000,1259.20000000,0.558
1749260760,0.55920000,2980.30000000,0.558
1749260760,0.55930000,2405.00000000,0.558
1749260760,0.55940000,5350.30000000,0.558
1749260760,0.55950000,3073.80000000,0.558
1749260760,0.55960000,10507.60000000,0.558
1749260760,0.55970000,141.20000000,0.558
1749260760,0.55980000,4922.10000000,0.558
1749260760,0.55990000,214.90000000,0.558
1749260760,0.56010000,214.50000000,0.558
1749260760,0.56020000,214.50000000,0.558
1749260760,0.56030000,4511.80000000,0.558
1749260760,0.56040000,208.00000000,0.558
1749260760,0.56050000,7481.00000000,0.558
1749260760,0.56060000,214.50000000,0.558
1749260760,0.56080000,214.40000000,0.558
1749260760,0.56090000,693.80000000,0.558
1749260760,0.56110000,214.30000000,0.558
1749260760,0.56120000,4511.80000000,0.558
1749260760,0.56130000,214.30000000,0.558
1749260760,0.56140000,223.70000000,0.558
1749260760,0.56160000,1234.90000000,0.558
1749260760,0.56170000,2495.30000000,0.558
1749260760,0.56180000,9.30000000,0.558
1749260760,0.56190000,215.10000000,0.558
1749260760,0.56200000,22.00000000,0.558
1749260760,0.56240000,224.30000000,0.558
1749260760,0.56250000,595.70000000,0.558
1749260760,0.56270000,35.50000000,0.558
1749260760,0.56310000,77.20000000,0.558
1749260760,0.56330000,12.40000000,0.558
1749260760,0.56400000,143.70000000,0.558
1749260760,0.56410000,10.60000000,0.558
1749260760,0.56430000,1691.40000000,0.558
1749260760,0.56440000,3864.90000000,0.558
1749260760,0.56480000,9.20000000,0.558
1749260760,0.56500000,9.60000000,0.558
1749260760,0.56540000,62.20000000,0.558
1749260760,0.56600000,448.70000000,0.558
1749260760,0.56620000,9.90000000,0.558
1749260760,0.56660000,202.00000000,0.558
1749260760,0.56690000,12.30000000,0.558
1749260760,0.56710000,14.10000000,0.558
1749260760,0.56720000,10.60000000,0.558
1749260760,0.56740000,52.90000000,0.558
1749260760,0.56800000,22.00000000,0.558
1749260760,0.56830000,92.90000000,0.558
1749260760,0.56880000,138.30000000,0.558
1749260760,0.56910000,13.80000000,0.558
1749260760,0.56980000,18.10000000,0.558
1749260760,0.56990000,12.20000000,0.558
1749260760,0.57000000,178.20000000,0.558
1749260760,0.57030000,9.10000000,0.558
1749260760,0.57100000,555.90000000,0.558
1749260760,0.57120000,12.30000000,0.558
1749260760,0.57150000,9.90000000,0.558
1749260760,0.57170000,14.00000000,0.558
1749260760,0.57200000,42.80000000,0.558
1749260760,0.57250000,9.80000000,0.558
1749260760,0.57280000,14.00000000,0.558
1749260760,0.57330000,12.20000000,0.558
1749260760,0.57350000,83.70000000,0.558
1749260760,0.57360000,1752.20000000,0.558
1749260760,0.57400000,22.00000000,0.558
1749260760,0.57410000,158.30000000,0.558
1749260760,0.57430000,16.90000000,0.558
1749260760,0.57460000,9.10000000,0.558
1749260760,0.57500000,3601.40000000,0.558
1749260760,0.57520000,15.60000000,0.558
1749260760,0.57530000,32.40000000,0.558
1749260760,0.57600000,31.70000000,0.558
1749260760,0.57660000,12.10000000,0.558
1749260760,0.57670000,10.50000000,0.558
1749260760,0.57680000,74.10000000,0.558
1749260760,0.57690000,9.90000000,0.558
1749260760,0.57700000,155.20000000,0.558
1749260760,0.57750000,18.00000000,0.558
1749260760,0.57800000,35.80000000,0.558
1749260760,0.57820000,17.30000000,0.558
1749260760,0.57840000,17.30000000,0.558
1749260760,0.57950000,31.80000000,0.558
1749260760,0.57990000,12.00000000,0.558
1749260760,0.58000000,46.60000000,0.558
1749260760,0.58060000,26.90000000,0.558
1749260760,0.58100000,167.20000000,0.558
1749260760,0.58130000,14.30000000,0.558
1749260760,0.58200000,22.00000000,0.558
1749260760,0.58240000,23.60000000,0.558
1749261067,0.55870000,141.20000000,0.5585
1749261067,0.55880000,1184.40000000,0.5585
1749261067,0.55890000,224.30000000,0.5585
1749261067,0.55900000,409.90000000,0.5585
1749261067,0.55910000,141.20000000,0.5585
1749261067,0.55920000,960.70000000,0.5585
1749261067,0.55930000,2032.70000000,0.5585
1749261067,0.55940000,4941.80000000,0.5585
1749261067,0.55950000,10925.10000000,0.5585
1749261067,0.55960000,8010.90000000,0.5585
1749261067,0.55970000,5072.90000000,0.5585
1749261067,0.55980000,6438.40000000,0.5585
1749261067,0.55990000,7426.00000000,0.5585
1749261067,0.56000000,409.90000000,0.5585
1749261067,0.56010000,355.70000000,0.5585
1749261067,0.56020000,581.50000000,0.5585
1749261067,0.56030000,5357.90000000,0.5585
1749261067,0.56040000,208.00000000,0.5585
1749261067,0.56050000,214.70000000,0.5585
1749261067,0.56060000,2733.00000000,0.5585
1749261067,0.56080000,214.40000000,0.5585
1749261067,0.56110000,792.40000000,0.5585
1749261067,0.56120000,6879.80000000,0.5585
1749261067,0.56130000,2581.90000000,0.5585
1749261067,0.56140000,2617.70000000,0.5585
1749261067,0.56150000,9662.30000000,0.5585
1749261067,0.56160000,1234.90000000,0.5585
1749261067,0.56170000,974.10000000,0.5585
1749261067,0.56180000,9.30000000,0.5585
1749261067,0.56190000,215.10000000,0.5585
1749261067,0.56200000,22.00000000,0.5585
1749261067,0.56210000,214.60000000,0.5585
1749261067,0.56230000,214.50000000,0.5585
1749261067,0.56240000,340.00000000,0.5585
1749261067,0.56250000,2136.50000000,0.5585
1749261067,0.56270000,35.50000000,0.5585
1749261067,0.56280000,214.50000000,0.5585
1749261067,0.56310000,77.20000000,0.5585
1749261067,0.56320000,214.60000000,0.5585
1749261067,0.56330000,12.40000000,0.5585
1749261067,0.56400000,143.70000000,0.5585
1749261067,0.56410000,10.60000000,0.5585
1749261067,0.56430000,1691.40000000,0.5585
1749261067,0.56480000,9.20000000,0.5585
1749261067,0.56500000,9.60000000,0.5585
1749261067,0.56540000,62.20000000,0.5585
1749261067,0.56580000,3875.90000000,0.5585
1749261067,0.56600000,448.70000000,0.5585
1749261067,0.56620000,9.90000000,0.5585
1749261067,0.56660000,202.00000000,0.5585
1749261067,0.56690000,12.30000000,0.5585
1749261067,0.56710000,14.10000000,0.5585
1749261067,0.56720000,10.60000000,0.5585
1749261067,0.56740000,52.90000000,0.5585
1749261067,0.56800000,22.00000000,0.5585
1749261067,0.56880000,47.20000000,0.5585
1749261067,0.56910000,13.80000000,0.5585
1749261067,0.56980000,111.00000000,0.5585
1749261067,0.56990000,12.20000000,0.5585
1749261067,0.57000000,178.20000000,0.5585
1749261067,0.57030000,100.20000000,0.5585
1749261067,0.57100000,555.90000000,0.5585
1749261067,0.57120000,12.30000000,0.5585
1749261067,0.57150000,9.90000000,0.5585
1749261067,0.57170000,14.00000000,0.5585
1749261067,0.57200000,42.80000000,0.5585
1749261067,0.57250000,9.80000000,0.5585
1749261067,0.57280000,14.00000000,0.5585
1749261067,0.57330000,12.20000000,0.5585
1749261067,0.57350000,83.70000000,0.5585
1749261067,0.57400000,22.00000000,0.5585
1749261067,0.57410000,158.30000000,0.5585
1749261067,0.57430000,16.90000000,0.5585
1749261067,0.57460000,9.10000000,0.5585
1749261067,0.57500000,3601.40000000,0.5585
1749261067,0.57510000,1752.20000000,0.5585
1749261067,0.57520000,15.60000000,0.5585
1749261067,0.57530000,32.40000000,0.5585
1749261067,0.57600000,31.70000000,0.5585
1749261067,0.57660000,12.10000000,0.5585
1749261067,0.57670000,10.50000000,0.5585
1749261067,0.57680000,74.10000000,0.5585
1749261067,0.57690000,9.90000000,0.5585
1749261067,0.57700000,155.20000000,0.5585
1749261067,0.57750000,18.00000000,0.5585
1749261067,0.57800000,35.80000000,0.5585
1749261067,0.57820000,17.30000000,0.5585
1749261067,0.57840000,17.30000000,0.5585
1749261067,0.57950000,31.80000000,0.5585
1749261067,0.57990000,12.00000000,0.5585
1749261067,0.58000000,46.60000000,0.5585
1749261067,0.58060000,26.90000000,0.5585
1749261067,0.58100000,167.20000000,0.5585
1749261067,0.58130000,14.30000000,0.5585
1749261067,0.58200000,22.00000000,0.5585
1749261067,0.58240000,23.60000000,0.5585
1749261067,0.58250000,38.60000000,0.5585
1749261067,0.58300000,14.00000000,0.5585
1749261067,0.58330000,12.00000000,0.5585
1749261067,0.58400000,94.10000000,0.5585
1749261080,0.55870000,1035.50000000,0.5585
1749261080,0.55880000,5724.00000000,0.5585
1749261080,0.55890000,18029.10000000,0.5585
1749261080,0.55900000,493.00000000,0.5585
1749261080,0.55910000,141.20000000,0.5585
1749261080,0.55920000,960.70000000,0.5585
1749261080,0.55930000,2032.70000000,0.5585
1749261080,0.55940000,3380.30000000,0.5585
1749261080,0.55950000,5188.10000000,0.5585
1749261080,0.55960000,4577.00000000,0.5585
1749261080,0.55970000,6698.30000000,0.5585
1749261080,0.55980000,7142.70000000,0.5585
1749261080,0.55990000,5286.30000000,0.5585
1749261080,0.56000000,3517.10000000,0.5585
1749261080,0.56010000,355.70000000,0.5585
1749261080,0.56020000,440.30000000,0.5585
1749261080,0.56030000,5357.90000000,0.5585
1749261080,0.56040000,208.00000000,0.5585
1749261080,0.56050000,214.70000000,0.5585
1749261080,0.56060000,214.50000000,0.5585
1749261080,0.56070000,2518.40000000,0.5585
1749261080,0.56080000,214.40000000,0.5585
1749261080,0.56100000,5105.60000000,0.5585
1749261080,0.56110000,792.40000000,0.5585
1749261080,0.56120000,6879.80000000,0.5585
1749261080,0.56130000,2581.90000000,0.5585
1749261080,0.56140000,223.70000000,0.5585
1749261080,0.56150000,7253.80000000,0.5585
1749261080,0.56160000,3787.90000000,0.5585
1749261080,0.56170000,974.10000000,0.5585
1749261080,0.56180000,9.30000000,0.5585
1749261080,0.56190000,215.10000000,0.5585
1749261080,0.56200000,22.00000000,0.5585
1749261080,0.56210000,214.60000000,0.5585
1749261080,0.56230000,214.50000000,0.5585
1749261080,0.56240000,340.00000000,0.5585
1749261080,0.56250000,2136.50000000,0.5585
1749261080,0.56270000,35.50000000,0.5585
1749261080,0.56280000,214.50000000,0.5585
1749261080,0.56310000,77.20000000,0.5585
1749261080,0.56320000,214.60000000,0.5585
1749261080,0.56330000,12.40000000,0.5585
1749261080,0.56400000,143.70000000,0.5585
1749261080,0.56410000,10.60000000,0.5585
1749261080,0.56430000,1691.40000000,0.5585
1749261080,0.56480000,9.20000000,0.5585
1749261080,0.56500000,9.60000000,0.5585
1749261080,0.56540000,62.20000000,0.5585
1749261080,0.56580000,3875.90000000,0.5585
1749261080,0.56600000,448.70000000,0.5585
1749261080,0.56620000,9.90000000,0.5585
1749261080,0.56660000,202.00000000,0.5585
1749261080,0.56690000,12.30000000,0.5585
1749261080,0.56710000,14.10000000,0.5585
1749261080,0.56720000,10.60000000,0.5585
1749261080,0.56740000,52.90000000,0.5585
1749261080,0.56800000,22.00000000,0.5585
1749261080,0.56880000,47.20000000,0.5585
1749261080,0.56910000,13.80000000,0.5585
1749261080,0.56980000,111.00000000,0.5585
1749261080,0.56990000,12.20000000,0.5585
1749261080,0.57000000,178.20000000,0.5585
1749261080,0.57030000,100.20000000,0.5585
1749261080,0.57100000,555.90000000,0.5585
1749261080,0.57120000,12.30000000,0.5585
1749261080,0.57150000,9.90000000,0.5585
1749261080,0.57170000,14.00000000,0.5585
1749261080,0.57200000,42.80000000,0.5585
1749261080,0.57250000,9.80000000,0.5585
1749261080,0.57280000,14.00000000,0.5585
1749261080,0.57330000,12.20000000,0.5585
1749261080,0.57350000,83.70000000,0.5585
1749261080,0.57400000,22.00000000,0.5585
1749261080,0.57410000,158.30000000,0.5585
1749261080,0.57430000,16.90000000,0.5585
1749261080,0.57460000,9.10000000,0.5585
1749261080,0.57500000,3601.40000000,0.5585
1749261080,0.57510000,1752.20000000,0.5585
1749261080,0.57520000,15.60000000,0.5585
1749261080,0.57530000,32.40000000,0.5585
1749261080,0.57600000,31.70000000,0.5585
1749261080,0.57660000,12.10000000,0.5585
1749261080,0.57670000,10.50000000,0.5585
1749261080,0.57680000,74.10000000,0.5585
1749261080,0.57690000,9.90000000,0.5585
1749261080,0.57700000,155.20000000,0.5585
1749261080,0.57750000,18.00000000,0.5585
1749261080,0.57800000,35.80000000,0.5585
1749261080,0.57820000,17.30000000,0.5585
1749261080,0.57840000,17.30000000,0.5585
1749261080,0.57950000,31.80000000,0.5585
1749261080,0.57990000,12.00000000,0.5585
1749261080,0.58000000,46.60000000,0.5585
1749261080,0.58060000,26.90000000,0.5585
1749261080,0.58100000,167.20000000,0.5585
1749261080,0.58130000,14.30000000,0.5585
1749261080,0.58200000,22.00000000,0.5585
1749261080,0.58240000,23.60000000,0.5585
1749261080,0.58250000,38.60000000,0.5585
1749261080,0.58300000,14.00000000,0.5585
1749261376,0.55940000,141.20000000,0.5594
1749261376,0.55950000,893.00000000,0.5594
1749261376,0.55960000,219.70000000,0.5594
1749261376,0.55970000,5647.30000000,0.5594
1749261376,0.55980000,18808.60000000,0.5594
1749261376,0.55990000,1302.20000000,0.5594
1749261376,0.56000000,290.30000000,0.5594
1749261376,0.56010000,409.90000000,0.5594
1749261376,0.56020000,1293.70000000,0.5594
1749261376,0.56030000,2997.70000000,0.5594
1749261376,0.56040000,3767.90000000,0.5594
1749261376,0.56050000,3621.80000000,0.5594
1749261376,0.56060000,409.90000000,0.5594
1749261376,0.56070000,4711.30000000,0.5594
1749261376,0.56080000,24472.00000000,0.5594
1749261376,0.56090000,2270.00000000,0.5594
1749261376,0.56100000,4541.10000000,0.5594
1749261376,0.56110000,355.60000000,0.5594
1749261376,0.56120000,4511.80000000,0.5594
1749261376,0.56130000,2716.20000000,0.5594
1749261376,0.56140000,2754.50000000,0.5594
1749261376,0.56160000,214.40000000,0.5594
1749261376,0.56170000,8225.50000000,0.5594
1749261376,0.56180000,9.30000000,0.5594
1749261376,0.56190000,214.40000000,0.5594
1749261376,0.56200000,4533.80000000,0.5594
1749261376,0.56230000,214.40000000,0.5594
1749261376,0.56240000,125.00000000,0.5594
1749261376,0.56250000,2136.50000000,0.5594
1749261376,0.56270000,1056.20000000,0.5594
1749261376,0.56290000,4511.80000000,0.5594
1749261376,0.56310000,77.20000000,0.5594
1749261376,0.56330000,12.40000000,0.5594
1749261376,0.56400000,143.70000000,0.5594
1749261376,0.56410000,10.60000000,0.5594
1749261376,0.56430000,1691.40000000,0.5594
1749261376,0.56480000,9.20000000,0.5594
1749261376,0.56500000,9.60000000,0.5594
1749261376,0.56540000,62.20000000,0.5594
1749261376,0.56580000,3875.90000000,0.5594
1749261376,0.56600000,448.70000000,0.5594
1749261376,0.56620000,9.90000000,0.5594
1749261376,0.56660000,202.00000000,0.5594
1749261376,0.56690000,12.30000000,0.5594
1749261376,0.56710000,14.10000000,0.5594
1749261376,0.56720000,10.60000000,0.5594
1749261376,0.56740000,52.90000000,0.5594
1749261376,0.56800000,22.00000000,0.5594
1749261376,0.56880000,47.20000000,0.5594
1749261376,0.56910000,13.80000000,0.5594
1749261376,0.56980000,111.00000000,0.5594
1749261376,0.56990000,12.20000000,0.5594
1749261376,0.57000000,178.20000000,0.5594
1749261376,0.57030000,100.20000000,0.5594
1749261376,0.57100000,555.90000000,0.5594
1749261376,0.57120000,12.30000000,0.5594
1749261376,0.57150000,9.90000000,0.5594
1749261376,0.57170000,14.00000000,0.5594
1749261376,0.57200000,42.80000000,0.5594
1749261376,0.57250000,9.80000000,0.5594
1749261376,0.57280000,14.00000000,0.5594
1749261376,0.57330000,12.20000000,0.5594
1749261376,0.57350000,83.70000000,0.5594
1749261376,0.57400000,22.00000000,0.5594
1749261376,0.57410000,158.30000000,0.5594
1749261376,0.57430000,16.90000000,0.5594
1749261376,0.57460000,9.10000000,0.5594
1749261376,0.57500000,3601.40000000,0.5594
1749261376,0.57510000,1752.20000000,0.5594
1749261376,0.57520000,15.60000000,0.5594
1749261376,0.57530000,32.40000000,0.5594
1749261376,0.57600000,31.70000000,0.5594
1749261376,0.57660000,12.10000000,0.5594
1749261376,0.57670000,10.50000000,0.5594
1749261376,0.57680000,74.10000000,0.5594
1749261376,0.57690000,9.90000000,0.5594
1749261376,0.57700000,155.20000000,0.5594
1749261376,0.57750000,18.00000000,0.5594
1749261376,0.57800000,35.80000000,0.5594
1749261376,0.57820000,17.30000000,0.5594
1749261376,0.57840000,17.30000000,0.5594
1749261376,0.57950000,31.80000000,0.5594
1749261376,0.57990000,12.00000000,0.5594
1749261376,0.58000000,46.60000000,0.5594
1749261376,0.58060000,26.90000000,0.5594
1749261376,0.58100000,167.20000000,0.5594
1749261376,0.58130000,14.30000000,0.5594
1749261376,0.58200000,22.00000000,0.5594
1749261376,0.58240000,23.60000000,0.5594
1749261376,0.58250000,38.60000000,0.5594
1749261376,0.58300000,14.00000000,0.5594
1749261376,0.58330000,12.00000000,0.5594
1749261376,0.58400000,94.10000000,0.5594
1749261376,0.58410000,77.20000000,0.5594
1749261376,0.58500000,1349.30000000,0.5594
1749261376,0.58520000,73.00000000,0.5594
1749261376,0.58600000,22.00000000,0.5594
1749261376,0.58610000,83.60000000,0.5594
1749261376,0.58630000,81.30000000,0.5594
1749261376,0.58640000,17.10000000,0.5594
1749261394,0.55940000,1022.50000000,0.5594
1749261394,0.55960000,219.70000000,0.5594
1749261394,0.55970000,141.20000000,0.5594
1749261394,0.55980000,948.10000000,0.5594
1749261394,0.55990000,1302.20000000,0.5594
1749261394,0.56000000,290.30000000,0.5594
1749261394,0.56010000,409.90000000,0.5594
1749261394,0.56020000,1962.00000000,0.5594
1749261394,0.56030000,5929.90000000,0.5594
1749261394,0.56040000,5537.10000000,0.5594
1749261394,0.56050000,3621.80000000,0.5594
1749261394,0.56060000,1823.30000000,0.5594
1749261394,0.56070000,4711.30000000,0.5594
1749261394,0.56080000,24606.80000000,0.5594
1749261394,0.56090000,2270.00000000,0.5594
1749261394,0.56100000,2626.70000000,0.5594
1749261394,0.56110000,355.60000000,0.5594
1749261394,0.56120000,4511.80000000,0.5594
1749261394,0.56130000,2716.20000000,0.5594
1749261394,0.56140000,587.40000000,0.5594
1749261394,0.56160000,214.40000000,0.5594
1749261394,0.56170000,8225.50000000,0.5594
1749261394,0.56180000,9.30000000,0.5594
1749261394,0.56190000,214.40000000,0.5594
1749261394,0.56200000,4533.80000000,0.5594
1749261394,0.56230000,214.40000000,0.5594
1749261394,0.56240000,339.40000000,0.5594
1749261394,0.56250000,2136.50000000,0.5594
1749261394,0.56260000,214.40000000,0.5594
1749261394,0.56270000,1056.20000000,0.5594
1749261394,0.56280000,214.50000000,0.5594
1749261394,0.56290000,4511.80000000,0.5594
1749261394,0.56310000,77.20000000,0.5594
1749261394,0.56330000,12.40000000,0.5594
1749261394,0.56400000,143.70000000,0.5594
1749261394,0.56410000,10.60000000,0.5594
1749261394,0.56430000,1691.40000000,0.5594
1749261394,0.56480000,9.20000000,0.5594
1749261394,0.56500000,9.60000000,0.5594
1749261394,0.56540000,62.20000000,0.5594
1749261394,0.56580000,3875.90000000,0.5594
1749261394,0.56600000,448.70000000,0.5594
1749261394,0.56620000,9.90000000,0.5594
1749261394,0.56660000,202.00000000,0.5594
1749261394,0.56690000,12.30000000,0.5594
1749261394,0.56710000,14.10000000,0.5594
1749261394,0.56720000,10.60000000,0.5594
1749261394,0.56740000,52.90000000,0.5594
1749261394,0.56800000,22.00000000,0.5594
1749261394,0.56880000,47.20000000,0.5594
1749261394,0.56910000,13.80000000,0.5594
1749261394,0.56980000,111.00000000,0.5594
1749261394,0.56990000,12.20000000,0.5594
1749261394,0.57000000,178.20000000,0.5594
1749261394,0.57030000,100.20000000,0.5594
1749261394,0.57100000,555.90000000,0.5594
1749261394,0.57120000,12.30000000,0.5594
1749261394,0.57150000,9.90000000,0.5594
1749261394,0.57170000,14.00000000,0.5594
1749261394,0.57200000,42.80000000,0.5594
1749261394,0.57250000,9.80000000,0.5594
1749261394,0.57280000,14.00000000,0.5594
1749261394,0.57330000,12.20000000,0.5594
1749261394,0.57350000,83.70000000,0.5594
1749261394,0.57400000,22.00000000,0.5594
1749261394,0.57410000,158.30000000,0.5594
1749261394,0.57430000,16.90000000,0.5594
1749261394,0.57460000,9.10000000,0.5594
1749261394,0.57500000,3601.40000000,0.5594
1749261394,0.57510000,1752.20000000,0.5594
1749261394,0.57520000,15.60000000,0.5594
1749261394,0.57530000,32.40000000,0.5594
1749261394,0.57600000,31.70000000,0.5594
1749261394,0.57660000,12.10000000,0.5594
1749261394,0.57670000,10.50000000,0.5594
1749261394,0.57680000,74.10000000,0.5594
1749261394,0.57690000,9.90000000,0.5594
1749261394,0.57700000,155.20000000,0.5594
1749261394,0.57750000,18.00000000,0.5594
1749261394,0.57800000,35.80000000,0.5594
1749261394,0.57820000,17.30000000,0.5594
1749261394,0.57840000,17.30000000,0.5594
1749261394,0.57950000,31.80000000,0.5594
1749261394,0.57990000,12.00000000,0.5594
1749261394,0.58000000,46.60000000,0.5594
1749261394,0.58060000,26.90000000,0.5594
1749261394,0.58100000,167.20000000,0.5594
1749261394,0.58130000,14.30000000,0.5594
1749261394,0.58200000,22.00000000,0.5594
1749261394,0.58240000,23.60000000,0.5594
1749261394,0.58250000,38.60000000,0.5594
1749261394,0.58300000,14.00000000,0.5594
1749261394,0.58330000,12.00000000,0.5594
1749261394,0.58400000,94.10000000,0.5594
1749261394,0.58410000,77.20000000,0.5594
1749261394,0.58500000,1349.30000000,0.5594
1749261394,0.58520000,73.00000000,0.5594
1749261394,0.58600000,22.00000000,0.5594
1749261394,0.58610000,83.60000000,0.5594
1749261394,0.58630000,81.30000000,0.5594
1749261677,0.55950000,5354.70000000,0.5591
1749261677,0.55960000,18897.90000000,0.5591
1749261677,0.55970000,409.90000000,0.5591
1749261677,0.55980000,224.30000000,0.5591
1749261677,0.55990000,488.40000000,0.5591
1749261677,0.56000000,680.90000000,0.5591
1749261677,0.56010000,2502.80000000,0.5591
1749261677,0.56020000,5583.40000000,0.5591
1749261677,0.56030000,4726.20000000,0.5591
1749261677,0.56040000,6619.80000000,0.5591
1749261677,0.56050000,14921.90000000,0.5591
1749261677,0.56070000,409.90000000,0.5591
1749261677,0.56080000,7434.80000000,0.5591
1749261677,0.56090000,355.60000000,0.5591
1749261677,0.56100000,1752.80000000,0.5591
1749261677,0.56110000,792.50000000,0.5591
1749261677,0.56120000,5364.10000000,0.5591
1749261677,0.56130000,214.40000000,0.5591
1749261677,0.56140000,9.30000000,0.5591
1749261677,0.56150000,214.50000000,0.5591
1749261677,0.56160000,214.40000000,0.5591
1749261677,0.56170000,974.10000000,0.5591
1749261677,0.56180000,9.30000000,0.5591
1749261677,0.56190000,214.40000000,0.5591
1749261677,0.56200000,4533.80000000,0.5591
1749261677,0.56210000,214.50000000,0.5591
1749261677,0.56230000,214.40000000,0.5591
1749261677,0.56240000,339.40000000,0.5591
1749261677,0.56250000,2136.50000000,0.5591
1749261677,0.56260000,214.40000000,0.5591
1749261677,0.56270000,1056.20000000,0.5591
1749261677,0.56280000,214.50000000,0.5591
1749261677,0.56290000,4511.80000000,0.5591
1749261677,0.56310000,77.20000000,0.5591
1749261677,0.56330000,12.40000000,0.5591
1749261677,0.56400000,143.70000000,0.5591
1749261677,0.56410000,10.60000000,0.5591
1749261677,0.56430000,1691.40000000,0.5591
1749261677,0.56480000,9.20000000,0.5591
1749261677,0.56500000,9.60000000,0.5591
1749261677,0.56540000,9.20000000,0.5591
1749261677,0.56580000,3875.90000000,0.5591
1749261677,0.56600000,183.70000000,0.5591
1749261677,0.56620000,9.90000000,0.5591
1749261677,0.56660000,202.00000000,0.5591
1749261677,0.56690000,12.30000000,0.5591
1749261677,0.56710000,14.10000000,0.5591
1749261677,0.56720000,10.60000000,0.5591
1749261677,0.56740000,52.90000000,0.5591
1749261677,0.56770000,52.80000000,0.5591
1749261677,0.56800000,22.00000000,0.5591
1749261677,0.56830000,263.90000000,0.5591
1749261677,0.56880000,47.20000000,0.5591
1749261677,0.56910000,13.80000000,0.5591
1749261677,0.56980000,111.00000000,0.5591
1749261677,0.56990000,12.20000000,0.5591
1749261677,0.57000000,178.20000000,0.5591
1749261677,0.57030000,100.20000000,0.5591
1749261677,0.57100000,30.60000000,0.5591
1749261677,0.57120000,12.30000000,0.5591
1749261677,0.57150000,9.90000000,0.5591
1749261677,0.57170000,14.00000000,0.5591
1749261677,0.57200000,42.80000000,0.5591
1749261677,0.57250000,9.80000000,0.5591
1749261677,0.57280000,14.00000000,0.5591
1749261677,0.57330000,535.40000000,0.5591
1749261677,0.57350000,83.70000000,0.5591
1749261677,0.57400000,22.00000000,0.5591
1749261677,0.57410000,158.30000000,0.5591
1749261677,0.57430000,16.90000000,0.5591
1749261677,0.57460000,9.10000000,0.5591
1749261677,0.57500000,3601.40000000,0.5591
1749261677,0.57510000,1752.20000000,0.5591
1749261677,0.57520000,15.60000000,0.5591
1749261677,0.57530000,32.40000000,0.5591
1749261677,0.57600000,31.70000000,0.5591
1749261677,0.57660000,12.10000000,0.5591
1749261677,0.57670000,10.50000000,0.5591
1749261677,0.57680000,74.10000000,0.5591
1749261677,0.57690000,9.90000000,0.5591
1749261677,0.57700000,155.20000000,0.5591
1749261677,0.57750000,18.00000000,0.5591
1749261677,0.57800000,35.80000000,0.5591
1749261677,0.57820000,17.30000000,0.5591
1749261677,0.57840000,17.30000000,0.5591
1749261677,0.57950000,31.80000000,0.5591
1749261677,0.57990000,12.00000000,0.5591
1749261677,0.58000000,46.60000000,0.5591
1749261677,0.58060000,26.90000000,0.5591
1749261677,0.58100000,167.20000000,0.5591
1749261677,0.58130000,14.30000000,0.5591
1749261677,0.58200000,22.00000000,0.5591
1749261677,0.58240000,23.60000000,0.5591
1749261677,0.58250000,38.60000000,0.5591
1749261677,0.58300000,14.00000000,0.5591
1749261677,0.58330000,12.00000000,0.5591
1749261677,0.58400000,94.10000000,0.5591
1749261677,0.58410000,77.20000000,0.5591
1749261677,0.58500000,1349.30000000,0.5591
1749261677,0.58520000,73.00000000,0.5591
1749261706,0.55930000,395.90000000,0.5591
1749261706,0.55940000,1034.30000000,0.5591
1749261706,0.55960000,141.20000000,0.5591
1749261706,0.55970000,409.90000000,0.5591
1749261706,0.55980000,580.40000000,0.5591
1749261706,0.55990000,1463.90000000,0.5591
1749261706,0.56000000,680.90000000,0.5591
1749261706,0.56010000,2062.80000000,0.5591
1749261706,0.56020000,3799.50000000,0.5591
1749261706,0.56030000,5704.30000000,0.5591
1749261706,0.56040000,10407.20000000,0.5591
1749261706,0.56050000,16635.90000000,0.5591
1749261706,0.56070000,141.20000000,0.5591
1749261706,0.56080000,7434.80000000,0.5591
1749261706,0.56090000,355.60000000,0.5591
1749261706,0.56100000,1752.80000000,0.5591
1749261706,0.56110000,214.40000000,0.5591
1749261706,0.56120000,5942.20000000,0.5591
1749261706,0.56130000,214.40000000,0.5591
1749261706,0.56140000,9.30000000,0.5591
1749261706,0.56150000,214.50000000,0.5591
1749261706,0.56160000,214.40000000,0.5591
1749261706,0.56170000,974.10000000,0.5591
1749261706,0.56180000,9.30000000,0.5591
1749261706,0.56190000,214.40000000,0.5591
1749261706,0.56200000,4533.80000000,0.5591
1749261706,0.56210000,214.50000000,0.5591
1749261706,0.56230000,214.40000000,0.5591
1749261706,0.56240000,339.40000000,0.5591
1749261706,0.56250000,2136.50000000,0.5591
1749261706,0.56260000,214.40000000,0.5591
1749261706,0.56270000,1056.20000000,0.5591
1749261706,0.56280000,214.50000000,0.5591
1749261706,0.56290000,4511.80000000,0.5591
1749261706,0.56310000,77.20000000,0.5591
1749261706,0.56330000,12.40000000,0.5591
1749261706,0.56400000,143.70000000,0.5591
1749261706,0.56410000,10.60000000,0.5591
1749261706,0.56430000,1691.40000000,0.5591
1749261706,0.56480000,9.20000000,0.5591
1749261706,0.56500000,9.60000000,0.5591
1749261706,0.56540000,9.20000000,0.5591
1749261706,0.56580000,3875.90000000,0.5591
1749261706,0.56600000,183.70000000,0.5591
1749261706,0.56620000,9.90000000,0.5591
1749261706,0.56660000,202.00000000,0.5591
1749261706,0.56690000,12.30000000,0.5591
1749261706,0.56710000,14.10000000,0.5591
1749261706,0.56720000,10.60000000,0.5591
1749261706,0.56740000,52.90000000,0.5591
1749261706,0.56770000,52.80000000,0.5591
1749261706,0.56800000,22.00000000,0.5591
1749261706,0.56830000,263.90000000,0.5591
1749261706,0.56880000,47.20000000,0.5591
1749261706,0.56910000,13.80000000,0.5591
1749261706,0.56980000,111.00000000,0.5591
1749261706,0.56990000,12.20000000,0.5591
1749261706,0.57000000,178.20000000,0.5591
1749261706,0.57030000,100.20000000,0.5591
1749261706,0.57100000,30.60000000,0.5591
1749261706,0.57120000,12.30000000,0.5591
1749261706,0.57150000,9.90000000,0.5591
1749261706,0.57170000,14.00000000,0.5591
1749261706,0.57200000,42.80000000,0.5591
1749261706,0.57250000,9.80000000,0.5591
1749261706,0.57280000,14.00000000,0.5591
1749261706,0.57330000,535.40000000,0.5591
1749261706,0.57350000,83.70000000,0.5591
1749261706,0.57400000,22.00000000,0.5591
1749261706,0.57410000,158.30000000,0.5591
1749261706,0.57430000,16.90000000,0.5591
1749261706,0.57460000,9.10000000,0.5591
1749261706,0.57500000,3601.40000000,0.5591
1749261706,0.57510000,1752.20000000,0.5591
1749261706,0.57520000,15.60000000,0.5591
1749261706,0.57530000,32.40000000,0.5591
1749261706,0.57600000,31.70000000,0.5591
1749261706,0.57660000,12.10000000,0.5591
1749261706,0.57670000,10.50000000,0.5591
1749261706,0.57680000,74.10000000,0.5591
1749261706,0.57690000,9.90000000,0.5591
1749261706,0.57700000,155.20000000,0.5591
1749261706,0.57750000,18.00000000,0.5591
1749261706,0.57800000,35.80000000,0.5591
1749261706,0.57820000,17.30000000,0.5591
1749261706,0.57840000,17.30000000,0.5591
1749261706,0.57950000,31.80000000,0.5591
1749261706,0.57990000,12.00000000,0.5591
1749261706,0.58000000,46.60000000,0.5591
1749261706,0.58060000,26.90000000,0.5591
1749261706,0.58100000,167.20000000,0.5591
1749261706,0.58130000,14.30000000,0.5591
1749261706,0.58200000,22.00000000,0.5591
1749261706,0.58240000,23.60000000,0.5591
1749261706,0.58250000,38.60000000,0.5591
1749261706,0.58300000,14.00000000,0.5591
1749261706,0.58330000,12.00000000,0.5591
1749261706,0.58400000,94.10000000,0.5591
1749261706,0.58410000,77.20000000,0.5591
1749261706,0.58500000,1349.30000000,0.5591
1749261984,0.55800000,141.20000000,0.5581
1749261984,0.55810000,1049.90000000,0.5581
1749261984,0.55820000,195.70000000,0.5581
1749261984,0.55830000,5946.20000000,0.5581
1749261984,0.55840000,18090.60000000,0.5581
1749261984,0.55850000,563.60000000,0.5581
1749261984,0.55860000,1317.90000000,0.5581
1749261984,0.55870000,423.40000000,0.5581
1749261984,0.55880000,761.20000000,0.5581
1749261984,0.55890000,1396.00000000,0.5581
1749261984,0.55900000,154.70000000,0.5581
1749261984,0.55910000,436.90000000,0.5581
1749261984,0.55920000,1285.20000000,0.5581
1749261984,0.55930000,2875.70000000,0.5581
1749261984,0.55940000,4283.40000000,0.5581
1749261984,0.55950000,4354.50000000,0.5581
1749261984,0.55960000,9283.50000000,0.5581
1749261984,0.55970000,5138.10000000,0.5581
1749261984,0.55980000,5668.10000000,0.5581
1749261984,0.55990000,228.40000000,0.5581
1749261984,0.56000000,7514.60000000,0.5581
1749261984,0.56010000,2273.40000000,0.5581
1749261984,0.56020000,225.80000000,0.5581
1749261984,0.56030000,4739.70000000,0.5581
1749261984,0.56040000,208.00000000,0.5581
1749261984,0.56050000,214.40000000,0.5581
1749261984,0.56060000,13.50000000,0.5581
1749261984,0.56070000,214.40000000,0.5581
1749261984,0.56090000,227.90000000,0.5581
1749261984,0.56110000,214.40000000,0.5581
1749261984,0.56120000,4525.30000000,0.5581
1749261984,0.56130000,214.40000000,0.5581
1749261984,0.56140000,9.30000000,0.5581
1749261984,0.56150000,228.00000000,0.5581
1749261984,0.56160000,214.40000000,0.5581
1749261984,0.56170000,1994.80000000,0.5581
1749261984,0.56180000,2140.30000000,0.5581
1749261984,0.56190000,214.40000000,0.5581
1749261984,0.56200000,22.00000000,0.5581
1749261984,0.56210000,228.00000000,0.5581
1749261984,0.56230000,214.40000000,0.5581
1749261984,0.56240000,352.90000000,0.5581
1749261984,0.56260000,214.40000000,0.5581
1749261984,0.56270000,49.00000000,0.5581
1749261984,0.56280000,214.50000000,0.5581
1749261984,0.56300000,13.50000000,0.5581
1749261984,0.56310000,77.20000000,0.5581
1749261984,0.56330000,25.90000000,0.5581
1749261984,0.56360000,13.50000000,0.5581
1749261984,0.56390000,13.50000000,0.5581
1749261984,0.56400000,143.70000000,0.5581
1749261984,0.56410000,10.60000000,0.5581
1749261984,0.56420000,13.50000000,0.5581
1749261984,0.56430000,1691.40000000,0.5581
1749261984,0.56450000,13.50000000,0.5581
1749261984,0.56480000,22.70000000,0.5581
1749261984,0.56500000,9.60000000,0.5581
1749261984,0.56510000,13.50000000,0.5581
1749261984,0.56540000,9.20000000,0.5581
1749261984,0.56580000,3875.90000000,0.5581
1749261984,0.56600000,183.70000000,0.5581
1749261984,0.56620000,9.90000000,0.5581
1749261984,0.56660000,202.00000000,0.5581
1749261984,0.56690000,12.30000000,0.5581
1749261984,0.56710000,14.10000000,0.5581
1749261984,0.56720000,10.60000000,0.5581
1749261984,0.56740000,52.90000000,0.5581
1749261984,0.56770000,52.80000000,0.5581
1749261984,0.56800000,22.00000000,0.5581
1749261984,0.56830000,263.90000000,0.5581
1749261984,0.56880000,47.20000000,0.5581
1749261984,0.56910000,13.80000000,0.5581
1749261984,0.56980000,111.00000000,0.5581
1749261984,0.56990000,12.20000000,0.5581
1749261984,0.57000000,178.20000000,0.5581
1749261984,0.57030000,100.20000000,0.5581
1749261984,0.57100000,30.60000000,0.5581
1749261984,0.57120000,12.30000000,0.5581
1749261984,0.57150000,9.90000000,0.5581
1749261984,0.57170000,14.00000000,0.5581
1749261984,0.57200000,42.80000000,0.5581
1749261984,0.57250000,9.80000000,0.5581
1749261984,0.57280000,14.00000000,0.5581
1749261984,0.57330000,535.40000000,0.5581
1749261984,0.57350000,83.70000000,0.5581
1749261984,0.57400000,22.00000000,0.5581
1749261984,0.57410000,158.30000000,0.5581
1749261984,0.57430000,16.90000000,0.5581
1749261984,0.57460000,9.10000000,0.5581
1749261984,0.57500000,3601.40000000,0.5581
1749261984,0.57510000,1752.20000000,0.5581
1749261984,0.57520000,15.60000000,0.5581
1749261984,0.57530000,32.40000000,0.5581
1749261984,0.57600000,31.70000000,0.5581
1749261984,0.57660000,12.10000000,0.5581
1749261984,0.57670000,10.50000000,0.5581
1749261984,0.57680000,74.10000000,0.5581
1749261984,0.57690000,9.90000000,0.5581
1749261984,0.57700000,155.20000000,0.5581
1749261984,0.57750000,18.00000000,0.5581
1749262008,0.55840000,54.50000000,0.5583
1749262008,0.55850000,1094.50000000,0.5583
1749262008,0.55860000,423.40000000,0.5583
1749262008,0.55870000,506.70000000,0.5583
1749262008,0.55880000,317.40000000,0.5583
1749262008,0.55890000,423.40000000,0.5583
1749262008,0.55900000,1715.60000000,0.5583
1749262008,0.55910000,2224.10000000,0.5583
1749262008,0.55920000,1285.20000000,0.5583
1749262008,0.55930000,3342.20000000,0.5583
1749262008,0.55940000,4552.10000000,0.5583
1749262008,0.55950000,7589.60000000,0.5583
1749262008,0.55960000,9417.30000000,0.5583
1749262008,0.55970000,2329.90000000,0.5583
1749262008,0.55980000,13.50000000,0.5583
1749262008,0.55990000,369.60000000,0.5583
1749262008,0.56000000,7655.80000000,0.5583
1749262008,0.56010000,578.10000000,0.5583
1749262008,0.56020000,1083.60000000,0.5583
1749262008,0.56030000,4739.70000000,0.5583
1749262008,0.56040000,208.00000000,0.5583
1749262008,0.56050000,214.40000000,0.5583
1749262008,0.56060000,13.50000000,0.5583
1749262008,0.56070000,214.40000000,0.5583
1749262008,0.56090000,227.90000000,0.5583
1749262008,0.56110000,214.40000000,0.5583
1749262008,0.56120000,4525.30000000,0.5583
1749262008,0.56130000,214.40000000,0.5583
1749262008,0.56140000,9.30000000,0.5583
1749262008,0.56150000,228.00000000,0.5583
1749262008,0.56160000,214.40000000,0.5583
1749262008,0.56170000,1994.80000000,0.5583
1749262008,0.56180000,2140.30000000,0.5583
1749262008,0.56190000,214.40000000,0.5583
1749262008,0.56200000,22.00000000,0.5583
1749262008,0.56210000,228.00000000,0.5583
1749262008,0.56230000,214.40000000,0.5583
1749262008,0.56240000,352.90000000,0.5583
1749262008,0.56260000,214.40000000,0.5583
1749262008,0.56270000,49.00000000,0.5583
1749262008,0.56280000,214.50000000,0.5583
1749262008,0.56300000,13.50000000,0.5583
1749262008,0.56310000,77.20000000,0.5583
1749262008,0.56330000,25.90000000,0.5583
1749262008,0.56360000,13.50000000,0.5583
1749262008,0.56390000,13.50000000,0.5583
1749262008,0.56400000,143.70000000,0.5583
1749262008,0.56410000,10.60000000,0.5583
1749262008,0.56420000,13.50000000,0.5583
1749262008,0.56430000,1691.40000000,0.5583
1749262008,0.56450000,13.50000000,0.5583
1749262008,0.56480000,22.70000000,0.5583
1749262008,0.56500000,9.60000000,0.5583
1749262008,0.56510000,13.50000000,0.5583
1749262008,0.56540000,9.20000000,0.5583
1749262008,0.56580000,3875.90000000,0.5583
1749262008,0.56600000,183.70000000,0.5583
1749262008,0.56620000,9.90000000,0.5583
1749262008,0.56660000,202.00000000,0.5583
1749262008,0.56690000,12.30000000,0.5583
1749262008,0.56710000,14.10000000,0.5583
1749262008,0.56720000,10.60000000,0.5583
1749262008,0.56740000,52.90000000,0.5583
1749262008,0.56770000,52.80000000,0.5583
1749262008,0.56800000,22.00000000,0.5583
1749262008,0.56830000,263.90000000,0.5583
1749262008,0.56880000,47.20000000,0.5583
1749262008,0.56910000,13.80000000,0.5583
1749262008,0.56980000,111.00000000,0.5583
1749262008,0.56990000,12.20000000,0.5583
1749262008,0.57000000,178.20000000,0.5583
1749262008,0.57030000,100.20000000,0.5583
1749262008,0.57100000,30.60000000,0.5583
1749262008,0.57120000,12.30000000,0.5583
1749262008,0.57150000,9.90000000,0.5583
1749262008,0.57170000,14.00000000,0.5583
1749262008,0.57200000,42.80000000,0.5583
1749262008,0.57250000,9.80000000,0.5583
1749262008,0.57280000,14.00000000,0.5583
1749262008,0.57330000,535.40000000,0.5583
1749262008,0.57350000,83.70000000,0.5583
1749262008,0.57360000,1752.20000000,0.5583
1749262008,0.57400000,22.00000000,0.5583
1749262008,0.57410000,158.30000000,0.5583
1749262008,0.57430000,16.90000000,0.5583
1749262008,0.57460000,9.10000000,0.5583
1749262008,0.57500000,3601.40000000,0.5583
1749262008,0.57520000,15.60000000,0.5583
1749262008,0.57530000,32.40000000,0.5583
1749262008,0.57600000,31.70000000,0.5583
1749262008,0.57660000,12.10000000,0.5583
1749262008,0.57670000,10.50000000,0.5583
1749262008,0.57680000,74.10000000,0.5583
1749262008,0.57690000,9.90000000,0.5583
1749262008,0.57700000,155.20000000,0.5583
1749262008,0.57750000,18.00000000,0.5583
1749262008,0.57800000,35.80000000,0.5583
1749262008,0.57820000,17.30000000,0.5583
1749262008,0.57840000,17.30000000,0.5583
1749262008,0.57950000,31.80000000,0.5583
1749262286,0.55910000,1034.70000000,0.5587
1749262286,0.55920000,154.70000000,0.5587
1749262286,0.55930000,154.70000000,0.5587
1749262286,0.55940000,251.50000000,0.5587
1749262286,0.55950000,843.10000000,0.5587
1749262286,0.55960000,1316.30000000,0.5587
1749262286,0.55970000,246.70000000,0.5587
1749262286,0.55980000,1150.30000000,0.5587
1749262286,0.55990000,2423.10000000,0.5587
1749262286,0.56000000,763.30000000,0.5587
1749262286,0.56010000,2557.90000000,0.5587
1749262286,0.56020000,8350.10000000,0.5587
1749262286,0.56030000,4117.10000000,0.5587
1749262286,0.56040000,14810.80000000,0.5587
1749262286,0.56050000,355.60000000,0.5587
1749262286,0.56060000,13.50000000,0.5587
1749262286,0.56070000,1194.50000000,0.5587
1749262286,0.56080000,9181.30000000,0.5587
1749262286,0.56090000,921.70000000,0.5587
1749262286,0.56110000,214.40000000,0.5587
1749262286,0.56120000,4525.30000000,0.5587
1749262286,0.56130000,214.40000000,0.5587
1749262286,0.56140000,9.30000000,0.5587
1749262286,0.56150000,228.00000000,0.5587
1749262286,0.56160000,214.40000000,0.5587
1749262286,0.56170000,1994.80000000,0.5587
1749262286,0.56180000,22.80000000,0.5587
1749262286,0.56190000,214.40000000,0.5587
1749262286,0.56200000,4533.80000000,0.5587
1749262286,0.56210000,228.00000000,0.5587
1749262286,0.56230000,214.40000000,0.5587
1749262286,0.56240000,237.20000000,0.5587
1749262286,0.56250000,2128.60000000,0.5587
1749262286,0.56260000,214.40000000,0.5587
1749262286,0.56270000,49.00000000,0.5587
1749262286,0.56280000,214.50000000,0.5587
1749262286,0.56290000,4511.80000000,0.5587
1749262286,0.56300000,13.50000000,0.5587
1749262286,0.56310000,292.20000000,0.5587
1749262286,0.56330000,240.70000000,0.5587
1749262286,0.56350000,214.80000000,0.5587
1749262286,0.56360000,13.50000000,0.5587
1749262286,0.56390000,13.50000000,0.5587
1749262286,0.56400000,143.70000000,0.5587
1749262286,0.56410000,10.60000000,0.5587
1749262286,0.56420000,13.50000000,0.5587
1749262286,0.56430000,1691.40000000,0.5587
1749262286,0.56450000,13.50000000,0.5587
1749262286,0.56480000,22.70000000,0.5587
1749262286,0.56500000,9.60000000,0.5587
1749262286,0.56510000,13.50000000,0.5587
1749262286,0.56540000,9.20000000,0.5587
1749262286,0.56580000,3875.90000000,0.5587
1749262286,0.56600000,183.70000000,0.5587
1749262286,0.56620000,9.90000000,0.5587
1749262286,0.56660000,202.00000000,0.5587
1749262286,0.56690000,12.30000000,0.5587
1749262286,0.56710000,14.10000000,0.5587
1749262286,0.56720000,10.60000000,0.5587
1749262286,0.56740000,52.90000000,0.5587
1749262286,0.56770000,52.80000000,0.5587
1749262286,0.56800000,22.00000000,0.5587
1749262286,0.56830000,263.90000000,0.5587
1749262286,0.56880000,47.20000000,0.5587
1749262286,0.56910000,13.80000000,0.5587
1749262286,0.56980000,111.00000000,0.5587
1749262286,0.56990000,12.20000000,0.5587
1749262286,0.57000000,178.20000000,0.5587
1749262286,0.57030000,100.20000000,0.5587
1749262286,0.57100000,30.60000000,0.5587
1749262286,0.57120000,12.30000000,0.5587
1749262286,0.57150000,9.90000000,0.5587
1749262286,0.57170000,14.00000000,0.5587
1749262286,0.57200000,42.80000000,0.5587
1749262286,0.57250000,9.80000000,0.5587
1749262286,0.57280000,14.00000000,0.5587
1749262286,0.57330000,535.40000000,0.5587
1749262286,0.57350000,83.70000000,0.5587
1749262286,0.57360000,1752.20000000,0.5587
1749262286,0.57400000,22.00000000,0.5587
1749262286,0.57410000,158.30000000,0.5587
1749262286,0.57430000,16.90000000,0.5587
1749262286,0.57460000,9.10000000,0.5587
1749262286,0.57500000,3601.40000000,0.5587
1749262286,0.57520000,15.60000000,0.5587
1749262286,0.57530000,32.40000000,0.5587
1749262286,0.57600000,31.70000000,0.5587
1749262286,0.57660000,12.10000000,0.5587
1749262286,0.57670000,10.50000000,0.5587
1749262286,0.57680000,74.10000000,0.5587
1749262286,0.57690000,9.90000000,0.5587
1749262286,0.57700000,155.20000000,0.5587
1749262286,0.57750000,18.00000000,0.5587
1749262286,0.57800000,35.80000000,0.5587
1749262286,0.57820000,17.30000000,0.5587
1749262286,0.57840000,17.30000000,0.5587
1749262286,0.57950000,31.80000000,0.5587
1749262286,0.57990000,12.00000000,0.5587
1749262286,0.58000000,46.60000000,0.5587
1749262286,0.58060000,26.90000000,0.5587
1749262310,0.55880000,141.20000000,0.5588
1749262310,0.55890000,1035.10000000,0.5588
1749262310,0.55900000,195.70000000,0.5588
1749262310,0.55910000,154.70000000,0.5588
1749262310,0.55920000,154.70000000,0.5588
1749262310,0.55930000,448.20000000,0.5588
1749262310,0.55940000,1144.70000000,0.5588
1749262310,0.55950000,818.30000000,0.5588
1749262310,0.55960000,1316.30000000,0.5588
1749262310,0.55970000,246.70000000,0.5588
1749262310,0.55980000,423.40000000,0.5588
1749262310,0.55990000,638.30000000,0.5588
1749262310,0.56000000,763.30000000,0.5588
1749262310,0.56010000,423.40000000,0.5588
1749262310,0.56020000,6846.30000000,0.5588
1749262310,0.56030000,3848.40000000,0.5588
1749262310,0.56040000,9150.30000000,0.5588
1749262310,0.56050000,349.30000000,0.5588
1749262310,0.56060000,13.50000000,0.5588
1749262310,0.56070000,1053.30000000,0.5588
1749262310,0.56080000,7412.00000000,0.5588
1749262310,0.56090000,343.60000000,0.5588
1749262310,0.56110000,214.40000000,0.5588
1749262310,0.56120000,5103.40000000,0.5588
1749262310,0.56130000,214.40000000,0.5588
1749262310,0.56140000,9.30000000,0.5588
1749262310,0.56150000,228.00000000,0.5588
1749262310,0.56160000,214.40000000,0.5588
1749262310,0.56170000,1994.80000000,0.5588
1749262310,0.56180000,22.80000000,0.5588
1749262310,0.56190000,214.40000000,0.5588
1749262310,0.56200000,4533.80000000,0.5588
1749262310,0.56210000,228.00000000,0.5588
1749262310,0.56230000,214.40000000,0.5588
1749262310,0.56240000,237.20000000,0.5588
1749262310,0.56250000,2128.60000000,0.5588
1749262310,0.56260000,214.40000000,0.5588
1749262310,0.56270000,49.00000000,0.5588
1749262310,0.56280000,214.50000000,0.5588
1749262310,0.56290000,4511.80000000,0.5588
1749262310,0.56300000,13.50000000,0.5588
1749262310,0.56310000,292.20000000,0.5588
1749262310,0.56330000,240.70000000,0.5588
1749262310,0.56350000,214.80000000,0.5588
1749262310,0.56360000,13.50000000,0.5588
1749262310,0.56390000,13.50000000,0.5588
1749262310,0.56400000,143.70000000,0.5588
1749262310,0.56410000,10.60000000,0.5588
1749262310,0.56420000,13.50000000,0.5588
1749262310,0.56430000,1691.40000000,0.5588
1749262310,0.56450000,13.50000000,0.5588
1749262310,0.56480000,22.70000000,0.5588
1749262310,0.56500000,9.60000000,0.5588
1749262310,0.56510000,13.50000000,0.5588
1749262310,0.56540000,9.20000000,0.5588
1749262310,0.56580000,3875.90000000,0.5588
1749262310,0.56600000,183.70000000,0.5588
1749262310,0.56620000,9.90000000,0.5588
1749262310,0.56660000,202.00000000,0.5588
1749262310,0.56690000,12.30000000,0.5588
1749262310,0.56710000,14.10000000,0.5588
1749262310,0.56720000,10.60000000,0.5588
1749262310,0.56740000,52.90000000,0.5588
1749262310,0.56770000,52.80000000,0.5588
1749262310,0.56800000,22.00000000,0.5588
1749262310,0.56830000,263.90000000,0.5588
1749262310,0.56880000,47.20000000,0.5588
1749262310,0.56910000,13.80000000,0.5588
1749262310,0.56980000,111.00000000,0.5588
1749262310,0.56990000,12.20000000,0.5588
1749262310,0.57000000,178.20000000,0.5588
1749262310,0.57030000,100.20000000,0.5588
1749262310,0.57100000,30.60000000,0.5588
1749262310,0.57120000,12.30000000,0.5588
1749262310,0.57150000,9.90000000,0.5588
1749262310,0.57170000,14.00000000,0.5588
1749262310,0.57200000,42.80000000,0.5588
1749262310,0.57250000,9.80000000,0.5588
1749262310,0.57280000,14.00000000,0.5588
1749262310,0.57330000,535.40000000,0.5588
1749262310,0.57350000,83.70000000,0.5588
1749262310,0.57360000,1752.20000000,0.5588
1749262310,0.57400000,22.00000000,0.5588
1749262310,0.57410000,158.30000000,0.5588
1749262310,0.57430000,16.90000000,0.5588
1749262310,0.57460000,9.10000000,0.5588
1749262310,0.57500000,3601.40000000,0.5588
1749262310,0.57520000,15.60000000,0.5588
1749262310,0.57530000,32.40000000,0.5588
1749262310,0.57600000,31.70000000,0.5588
1749262310,0.57660000,12.10000000,0.5588
1749262310,0.57670000,10.50000000,0.5588
1749262310,0.57680000,74.10000000,0.5588
1749262310,0.57690000,9.90000000,0.5588
1749262310,0.57700000,155.20000000,0.5588
1749262310,0.57750000,18.00000000,0.5588
1749262310,0.57800000,35.80000000,0.5588
1749262310,0.57820000,17.30000000,0.5588
1749262310,0.57840000,17.30000000,0.5588
1749262310,0.57950000,31.80000000,0.5588
1749262587,0.56000000,521.10000000,0.5598
1749262587,0.56010000,6527.10000000,0.5598
1749262587,0.56020000,18268.10000000,0.5598
1749262587,0.56030000,251.50000000,0.5598
1749262587,0.56040000,423.40000000,0.5598
1749262587,0.56050000,154.70000000,0.5598
1749262587,0.56060000,834.50000000,0.5598
1749262587,0.56070000,1260.10000000,0.5598
1749262587,0.56080000,1302.00000000,0.5598
1749262587,0.56090000,2432.70000000,0.5598
1749262587,0.56100000,1536.80000000,0.5598
1749262587,0.56110000,4116.50000000,0.5598
1749262587,0.56120000,5181.20000000,0.5598
1749262587,0.56130000,355.60000000,0.5598
1749262587,0.56140000,9.30000000,0.5598
1749262587,0.56150000,369.20000000,0.5598
1749262587,0.56160000,5017.50000000,0.5598
1749262587,0.56170000,18583.80000000,0.5598
1749262587,0.56180000,600.90000000,0.5598
1749262587,0.56190000,214.40000000,0.5598
1749262587,0.56200000,4533.80000000,0.5598
1749262587,0.56210000,228.00000000,0.5598
1749262587,0.56220000,1908.00000000,0.5598
1749262587,0.56230000,214.40000000,0.5598
1749262587,0.56240000,7595.30000000,0.5598
1749262587,0.56260000,214.40000000,0.5598
1749262587,0.56270000,49.00000000,0.5598
1749262587,0.56280000,214.50000000,0.5598
1749262587,0.56290000,4511.80000000,0.5598
1749262587,0.56300000,13.50000000,0.5598
1749262587,0.56310000,292.20000000,0.5598
1749262587,0.56330000,2359.70000000,0.5598
1749262587,0.56350000,592.30000000,0.5598
1749262587,0.56360000,1843.10000000,0.5598
1749262587,0.56370000,4511.80000000,0.5598
1749262587,0.56390000,13.50000000,0.5598
1749262587,0.56400000,143.70000000,0.5598
1749262587,0.56410000,10.60000000,0.5598
1749262587,0.56420000,13.50000000,0.5598
1749262587,0.56430000,1691.40000000,0.5598
1749262587,0.56450000,13.50000000,0.5598
1749262587,0.56480000,22.70000000,0.5598
1749262587,0.56500000,9.60000000,0.5598
1749262587,0.56510000,13.50000000,0.5598
1749262587,0.56540000,22.70000000,0.5598
1749262587,0.56570000,13.50000000,0.5598
1749262587,0.56600000,197.10000000,0.5598
1749262587,0.56620000,9.90000000,0.5598
1749262587,0.56660000,12.30000000,0.5598
1749262587,0.56690000,12.30000000,0.5598
1749262587,0.56710000,14.10000000,0.5598
1749262587,0.56720000,10.60000000,0.5598
1749262587,0.56730000,3881.70000000,0.5598
1749262587,0.56740000,52.90000000,0.5598
1749262587,0.56770000,52.80000000,0.5598
1749262587,0.56800000,22.00000000,0.5598
1749262587,0.56810000,189.70000000,0.5598
1749262587,0.56830000,263.90000000,0.5598
1749262587,0.56880000,47.20000000,0.5598
1749262587,0.56910000,13.80000000,0.5598
1749262587,0.56980000,111.00000000,0.5598
1749262587,0.56990000,12.20000000,0.5598
1749262587,0.57000000,178.20000000,0.5598
1749262587,0.57030000,100.20000000,0.5598
1749262587,0.57100000,30.60000000,0.5598
1749262587,0.57120000,12.30000000,0.5598
1749262587,0.57150000,9.90000000,0.5598
1749262587,0.57170000,14.00000000,0.5598
1749262587,0.57200000,42.80000000,0.5598
1749262587,0.57250000,9.80000000,0.5598
1749262587,0.57280000,14.00000000,0.5598
1749262587,0.57330000,535.40000000,0.5598
1749262587,0.57350000,83.70000000,0.5598
1749262587,0.57400000,22.00000000,0.5598
1749262587,0.57410000,158.30000000,0.5598
1749262587,0.57430000,16.90000000,0.5598
1749262587,0.57460000,9.10000000,0.5598
1749262587,0.57500000,3601.40000000,0.5598
1749262587,0.57520000,1767.80000000,0.5598
1749262587,0.57530000,32.40000000,0.5598
1749262587,0.57600000,31.70000000,0.5598
1749262587,0.57660000,12.10000000,0.5598
1749262587,0.57670000,10.50000000,0.5598
1749262587,0.57680000,74.10000000,0.5598
1749262587,0.57690000,9.90000000,0.5598
1749262587,0.57700000,155.20000000,0.5598
1749262587,0.57750000,18.00000000,0.5598
1749262587,0.57800000,35.80000000,0.5598
1749262587,0.57820000,17.30000000,0.5598
1749262587,0.57840000,17.30000000,0.5598
1749262587,0.57950000,31.80000000,0.5598
1749262587,0.57990000,12.00000000,0.5598
1749262587,0.58000000,46.60000000,0.5598
1749262587,0.58060000,26.90000000,0.5598
1749262587,0.58100000,167.20000000,0.5598
1749262587,0.58130000,14.30000000,0.5598
1749262587,0.58200000,22.00000000,0.5598
1749262587,0.58240000,23.60000000,0.5598
1749262587,0.58250000,38.60000000,0.5598
1749262587,0.58300000,14.00000000,0.5598
1749262611,0.56000000,22.00000000,0.5598
1749262611,0.56010000,549.20000000,0.5598
1749262611,0.56020000,1315.20000000,0.5598
1749262611,0.56030000,168.20000000,0.5598
1749262611,0.56040000,506.70000000,0.5598
1749262611,0.56050000,233.20000000,0.5598
1749262611,0.56060000,834.50000000,0.5598
1749262611,0.56070000,1260.10000000,0.5598
1749262611,0.56080000,1302.00000000,0.5598
1749262611,0.56090000,2432.70000000,0.5598
1749262611,0.56100000,1458.40000000,0.5598
1749262611,0.56110000,4129.90000000,0.5598
1749262611,0.56120000,4085.70000000,0.5598
1749262611,0.56130000,2315.80000000,0.5598
1749262611,0.56140000,9.30000000,0.5598
1749262611,0.56150000,369.20000000,0.5598
1749262611,0.56160000,8158.70000000,0.5598
1749262611,0.56170000,10849.50000000,0.5598
1749262611,0.56180000,22.80000000,0.5598
1749262611,0.56190000,214.40000000,0.5598
1749262611,0.56200000,6369.30000000,0.5598
1749262611,0.56210000,806.10000000,0.5598
1749262611,0.56230000,214.40000000,0.5598
1749262611,0.56240000,7595.30000000,0.5598
1749262611,0.56260000,214.40000000,0.5598
1749262611,0.56270000,49.00000000,0.5598
1749262611,0.56280000,214.50000000,0.5598
1749262611,0.56290000,4511.80000000,0.5598
1749262611,0.56300000,13.50000000,0.5598
1749262611,0.56310000,292.20000000,0.5598
1749262611,0.56330000,2359.70000000,0.5598
1749262611,0.56350000,592.30000000,0.5598
1749262611,0.56360000,1843.10000000,0.5598
1749262611,0.56370000,4511.80000000,0.5598
1749262611,0.56390000,13.50000000,0.5598
1749262611,0.56400000,143.70000000,0.5598
1749262611,0.56410000,10.60000000,0.5598
1749262611,0.56420000,13.50000000,0.5598
1749262611,0.56430000,1691.40000000,0.5598
1749262611,0.56450000,13.50000000,0.5598
1749262611,0.56480000,22.70000000,0.5598
1749262611,0.56500000,9.60000000,0.5598
1749262611,0.56510000,13.50000000,0.5598
1749262611,0.56540000,22.70000000,0.5598
1749262611,0.56570000,13.50000000,0.5598
1749262611,0.56600000,197.10000000,0.5598
1749262611,0.56620000,9.90000000,0.5598
1749262611,0.56660000,12.30000000,0.5598
1749262611,0.56690000,12.30000000,0.5598
1749262611,0.56710000,14.10000000,0.5598
1749262611,0.56720000,10.60000000,0.5598
1749262611,0.56730000,3881.70000000,0.5598
1749262611,0.56740000,52.90000000,0.5598
1749262611,0.56770000,52.80000000,0.5598
1749262611,0.56800000,22.00000000,0.5598
1749262611,0.56810000,189.70000000,0.5598
1749262611,0.56830000,263.90000000,0.5598
1749262611,0.56880000,47.20000000,0.5598
1749262611,0.56910000,13.80000000,0.5598
1749262611,0.56980000,111.00000000,0.5598
1749262611,0.56990000,12.20000000,0.5598
1749262611,0.57000000,178.20000000,0.5598
1749262611,0.57030000,100.20000000,0.5598
1749262611,0.57100000,30.60000000,0.5598
1749262611,0.57120000,12.30000000,0.5598
1749262611,0.57150000,9.90000000,0.5598
1749262611,0.57170000,14.00000000,0.5598
1749262611,0.57200000,42.80000000,0.5598
1749262611,0.57250000,9.80000000,0.5598
1749262611,0.57280000,14.00000000,0.5598
1749262611,0.57330000,535.40000000,0.5598
1749262611,0.57350000,83.70000000,0.5598
1749262611,0.57400000,22.00000000,0.5598
1749262611,0.57410000,158.30000000,0.5598
1749262611,0.57430000,16.90000000,0.5598
1749262611,0.57460000,9.10000000,0.5598
1749262611,0.57500000,3601.40000000,0.5598
1749262611,0.57520000,1767.80000000,0.5598
1749262611,0.57530000,32.40000000,0.5598
1749262611,0.57600000,31.70000000,0.5598
1749262611,0.57660000,12.10000000,0.5598
1749262611,0.57670000,10.50000000,0.5598
1749262611,0.57680000,74.10000000,0.5598
1749262611,0.57690000,9.90000000,0.5598
1749262611,0.57700000,155.20000000,0.5598
1749262611,0.57750000,18.00000000,0.5598
1749262611,0.57800000,35.80000000,0.5598
1749262611,0.57820000,17.30000000,0.5598
1749262611,0.57840000,17.30000000,0.5598
1749262611,0.57950000,31.80000000,0.5598
1749262611,0.57990000,12.00000000,0.5598
1749262611,0.58000000,46.60000000,0.5598
1749262611,0.58060000,26.90000000,0.5598
1749262611,0.58100000,167.20000000,0.5598
1749262611,0.58130000,14.30000000,0.5598
1749262611,0.58200000,22.00000000,0.5598
1749262611,0.58240000,23.60000000,0.5598
1749262611,0.58250000,38.60000000,0.5598
1749262611,0.58300000,14.00000000,0.5598
1749262611,0.58330000,12.00000000,0.5598
1749262894,0.55960000,1074.40000000,0.5597
1749262894,0.55970000,154.70000000,0.5597
1749262894,0.55980000,195.30000000,0.5597
1749262894,0.55990000,154.70000000,0.5597
1749262894,0.56000000,668.60000000,0.5597
1749262894,0.56010000,1046.70000000,0.5597
1749262894,0.56020000,2704.40000000,0.5597
1749262894,0.56030000,9415.80000000,0.5597
1749262894,0.56040000,2124.10000000,0.5597
1749262894,0.56050000,8627.00000000,0.5597
1749262894,0.56060000,10133.10000000,0.5597
1749262894,0.56070000,5475.90000000,0.5597
1749262894,0.56080000,2066.70000000,0.5597
1749262894,0.56090000,241.30000000,0.5597
1749262894,0.56100000,306.90000000,0.5597
1749262894,0.56110000,3453.60000000,0.5597
1749262894,0.56120000,4538.70000000,0.5597
1749262894,0.56130000,227.80000000,0.5597
1749262894,0.56140000,22.70000000,0.5597
1749262894,0.56150000,1648.20000000,0.5597
1749262894,0.56160000,9832.50000000,0.5597
1749262894,0.56170000,2422.90000000,0.5597
1749262894,0.56180000,2446.10000000,0.5597
1749262894,0.56190000,214.40000000,0.5597
1749262894,0.56200000,4533.80000000,0.5597
1749262894,0.56210000,228.00000000,0.5597
1749262894,0.56220000,1969.70000000,0.5597
1749262894,0.56230000,3233.60000000,0.5597
1749262894,0.56240000,352.90000000,0.5597
1749262894,0.56260000,214.40000000,0.5597
1749262894,0.56270000,1069.70000000,0.5597
1749262894,0.56280000,214.50000000,0.5597
1749262894,0.56290000,4511.80000000,0.5597
1749262894,0.56300000,13.50000000,0.5597
1749262894,0.56310000,292.20000000,0.5597
1749262894,0.56330000,2359.70000000,0.5597
1749262894,0.56350000,592.30000000,0.5597
1749262894,0.56360000,227.80000000,0.5597
1749262894,0.56390000,13.50000000,0.5597
1749262894,0.56400000,143.70000000,0.5597
1749262894,0.56410000,10.60000000,0.5597
1749262894,0.56420000,13.50000000,0.5597
1749262894,0.56430000,1691.40000000,0.5597
1749262894,0.56440000,214.40000000,0.5597
1749262894,0.56450000,13.50000000,0.5597
1749262894,0.56480000,22.70000000,0.5597
1749262894,0.56500000,9.60000000,0.5597
1749262894,0.56510000,13.50000000,0.5597
1749262894,0.56540000,22.70000000,0.5597
1749262894,0.56570000,13.50000000,0.5597
1749262894,0.56600000,197.10000000,0.5597
1749262894,0.56620000,9.90000000,0.5597
1749262894,0.56630000,13.40000000,0.5597
1749262894,0.56660000,12.30000000,0.5597
1749262894,0.56690000,12.30000000,0.5597
1749262894,0.56710000,14.10000000,0.5597
1749262894,0.56720000,10.60000000,0.5597
1749262894,0.56730000,3881.70000000,0.5597
1749262894,0.56740000,52.90000000,0.5597
1749262894,0.56770000,52.80000000,0.5597
1749262894,0.56800000,22.00000000,0.5597
1749262894,0.56810000,189.70000000,0.5597
1749262894,0.56830000,263.90000000,0.5597
1749262894,0.56880000,47.20000000,0.5597
1749262894,0.56910000,13.80000000,0.5597
1749262894,0.56980000,111.00000000,0.5597
1749262894,0.56990000,12.20000000,0.5597
1749262894,0.57000000,178.20000000,0.5597
1749262894,0.57030000,100.20000000,0.5597
1749262894,0.57100000,30.60000000,0.5597
1749262894,0.57120000,12.30000000,0.5597
1749262894,0.57150000,9.90000000,0.5597
1749262894,0.57170000,14.00000000,0.5597
1749262894,0.57200000,42.80000000,0.5597
1749262894,0.57250000,9.80000000,0.5597
1749262894,0.57280000,14.00000000,0.5597
1749262894,0.57330000,535.40000000,0.5597
1749262894,0.57350000,83.70000000,0.5597
1749262894,0.57400000,22.00000000,0.5597
1749262894,0.57410000,158.30000000,0.5597
1749262894,0.57430000,16.90000000,0.5597
1749262894,0.57460000,9.10000000,0.5597
1749262894,0.57500000,3601.40000000,0.5597
1749262894,0.57520000,1767.80000000,0.5597
1749262894,0.57530000,32.40000000,0.5597
1749262894,0.57600000,31.70000000,0.5597
1749262894,0.57660000,12.10000000,0.5597
1749262894,0.57670000,10.50000000,0.5597
1749262894,0.57680000,74.10000000,0.5597
1749262894,0.57690000,9.90000000,0.5597
1749262894,0.57700000,155.20000000,0.5597
1749262894,0.57750000,18.00000000,0.5597
1749262894,0.57800000,35.80000000,0.5597
1749262894,0.57820000,17.30000000,0.5597
1749262894,0.57840000,17.30000000,0.5597
1749262894,0.57950000,31.80000000,0.5597
1749262894,0.57990000,12.00000000,0.5597
1749262894,0.58000000,46.60000000,0.5597
1749262894,0.58060000,26.90000000,0.5597
1749262894,0.58100000,167.20000000,0.5597
1749262913,0.55980000,141.20000000,0.5597
1749262913,0.55990000,154.70000000,0.5597
1749262913,0.56000000,585.60000000,0.5597
1749262913,0.56010000,237.60000000,0.5597
1749262913,0.56020000,2704.40000000,0.5597
1749262913,0.56030000,5204.00000000,0.5597
1749262913,0.56040000,697.90000000,0.5597
1749262913,0.56050000,1315.10000000,0.5597
1749262913,0.56060000,2219.50000000,0.5597
1749262913,0.56070000,154.70000000,0.5597
1749262913,0.56080000,2161.90000000,0.5597
1749262913,0.56090000,510.00000000,0.5597
1749262913,0.56100000,575.60000000,0.5597
1749262913,0.56110000,3453.60000000,0.5597
1749262913,0.56120000,26.90000000,0.5597
1749262913,0.56130000,227.80000000,0.5597
1749262913,0.56140000,22.70000000,0.5597
1749262913,0.56150000,1648.20000000,0.5597
1749262913,0.56160000,7467.20000000,0.5597
1749262913,0.56170000,4955.90000000,0.5597
1749262913,0.56180000,20232.70000000,0.5597
1749262913,0.56190000,1921.90000000,0.5597
1749262913,0.56200000,4533.80000000,0.5597
1749262913,0.56210000,228.00000000,0.5597
1749262913,0.56220000,1969.70000000,0.5597
1749262913,0.56230000,3233.60000000,0.5597
1749262913,0.56240000,2885.90000000,0.5597
1749262913,0.56260000,214.40000000,0.5597
1749262913,0.56270000,1069.70000000,0.5597
1749262913,0.56280000,214.50000000,0.5597
1749262913,0.56290000,4511.80000000,0.5597
1749262913,0.56300000,13.50000000,0.5597
1749262913,0.56310000,292.20000000,0.5597
1749262913,0.56330000,2359.70000000,0.5597
1749262913,0.56350000,592.30000000,0.5597
1749262913,0.56360000,227.80000000,0.5597
1749262913,0.56390000,13.50000000,0.5597
1749262913,0.56400000,143.70000000,0.5597
1749262913,0.56410000,10.60000000,0.5597
1749262913,0.56420000,13.50000000,0.5597
1749262913,0.56430000,1691.40000000,0.5597
1749262913,0.56440000,214.40000000,0.5597
1749262913,0.56450000,13.50000000,0.5597
1749262913,0.56480000,22.70000000,0.5597
1749262913,0.56500000,9.60000000,0.5597
1749262913,0.56510000,13.50000000,0.5597
1749262913,0.56540000,22.70000000,0.5597
1749262913,0.56570000,13.50000000,0.5597
1749262913,0.56600000,197.10000000,0.5597
1749262913,0.56620000,9.90000000,0.5597
1749262913,0.56630000,13.40000000,0.5597
1749262913,0.56660000,12.30000000,0.5597
1749262913,0.56690000,12.30000000,0.5597
1749262913,0.56710000,14.10000000,0.5597
1749262913,0.56720000,10.60000000,0.5597
1749262913,0.56730000,3881.70000000,0.5597
1749262913,0.56740000,52.90000000,0.5597
1749262913,0.56770000,52.80000000,0.5597
1749262913,0.56800000,22.00000000,0.5597
1749262913,0.56810000,189.70000000,0.5597
1749262913,0.56830000,263.90000000,0.5597
1749262913,0.56880000,47.20000000,0.5597
1749262913,0.56910000,13.80000000,0.5597
1749262913,0.56980000,111.00000000,0.5597
1749262913,0.56990000,12.20000000,0.5597
1749262913,0.57000000,178.20000000,0.5597
1749262913,0.57030000,100.20000000,0.5597
1749262913,0.57100000,30.60000000,0.5597
1749262913,0.57120000,12.30000000,0.5597
1749262913,0.57150000,9.90000000,0.5597
1749262913,0.57170000,14.00000000,0.5597
1749262913,0.57200000,42.80000000,0.5597
1749262913,0.57250000,9.80000000,0.5597
1749262913,0.57280000,14.00000000,0.5597
1749262913,0.57330000,535.40000000,0.5597
1749262913,0.57350000,83.70000000,0.5597
1749262913,0.57400000,22.00000000,0.5597
1749262913,0.57410000,158.30000000,0.5597
1749262913,0.57430000,16.90000000,0.5597
1749262913,0.57460000,9.10000000,0.5597
1749262913,0.57500000,3601.40000000,0.5597
1749262913,0.57520000,1767.80000000,0.5597
1749262913,0.57530000,32.40000000,0.5597
1749262913,0.57600000,31.70000000,0.5597
1749262913,0.57660000,12.10000000,0.5597
1749262913,0.57670000,10.50000000,0.5597
1749262913,0.57680000,74.10000000,0.5597
1749262913,0.57690000,9.90000000,0.5597
1749262913,0.57700000,155.20000000,0.5597
1749262913,0.57750000,18.00000000,0.5597
1749262913,0.57800000,35.80000000,0.5597
1749262913,0.57820000,17.30000000,0.5597
1749262913,0.57840000,17.30000000,0.5597
1749262913,0.57950000,31.80000000,0.5597
1749262913,0.57990000,12.00000000,0.5597
1749262913,0.58000000,46.60000000,0.5597
1749262913,0.58060000,26.90000000,0.5597
1749262913,0.58100000,167.20000000,0.5597
1749262913,0.58130000,14.30000000,0.5597
1749262913,0.58200000,22.00000000,0.5597
1749263195,0.56040000,20.20000000,0.5604
1749263195,0.56050000,141.20000000,0.5604
1749263195,0.56060000,1079.00000000,0.5604
1749263195,0.56070000,237.50000000,0.5604
1749263195,0.56080000,454.40000000,0.5604
1749263195,0.56090000,1663.60000000,0.5604
1749263195,0.56100000,6039.70000000,0.5604
1749263195,0.56110000,2393.80000000,0.5604
1749263195,0.56120000,1230.50000000,0.5604
1749263195,0.56130000,5074.20000000,0.5604
1749263195,0.56140000,10563.40000000,0.5604
1749263195,0.56150000,2660.10000000,0.5604
1749263195,0.56160000,3504.40000000,0.5604
1749263195,0.56180000,432.70000000,0.5604
1749263195,0.56190000,214.40000000,0.5604
1749263195,0.56200000,885.50000000,0.5604
1749263195,0.56210000,228.00000000,0.5604
1749263195,0.56230000,8632.40000000,0.5604
1749263195,0.56240000,352.90000000,0.5604
1749263195,0.56260000,349.30000000,0.5604
1749263195,0.56270000,1069.70000000,0.5604
1749263195,0.56280000,214.50000000,0.5604
1749263195,0.56290000,4511.80000000,0.5604
1749263195,0.56300000,13.50000000,0.5604
1749263195,0.56310000,292.20000000,0.5604
1749263195,0.56330000,240.70000000,0.5604
1749263195,0.56350000,592.30000000,0.5604
1749263195,0.56360000,227.80000000,0.5604
1749263195,0.56370000,4511.80000000,0.5604
1749263195,0.56390000,227.80000000,0.5604
1749263195,0.56400000,358.00000000,0.5604
1749263195,0.56410000,2108.60000000,0.5604
1749263195,0.56420000,13.50000000,0.5604
1749263195,0.56440000,214.40000000,0.5604
1749263195,0.56450000,13.50000000,0.5604
1749263195,0.56480000,22.70000000,0.5604
1749263195,0.56500000,9.60000000,0.5604
1749263195,0.56510000,13.50000000,0.5604
1749263195,0.56540000,22.70000000,0.5604
1749263195,0.56570000,13.50000000,0.5604
1749263195,0.56600000,197.10000000,0.5604
1749263195,0.56620000,9.90000000,0.5604
1749263195,0.56630000,13.40000000,0.5604
1749263195,0.56640000,1691.40000000,0.5604
1749263195,0.56660000,12.30000000,0.5604
1749263195,0.56690000,12.30000000,0.5604
1749263195,0.56710000,14.10000000,0.5604
1749263195,0.56720000,10.60000000,0.5604
1749263195,0.56730000,3881.70000000,0.5604
1749263195,0.56740000,52.90000000,0.5604
1749263195,0.56770000,52.80000000,0.5604
1749263195,0.56800000,22.00000000,0.5604
1749263195,0.56810000,189.70000000,0.5604
1749263195,0.56830000,263.90000000,0.5604
1749263195,0.56880000,47.20000000,0.5604
1749263195,0.56910000,13.80000000,0.5604
1749263195,0.56980000,111.00000000,0.5604
1749263195,0.56990000,12.20000000,0.5604
1749263195,0.57000000,178.20000000,0.5604
1749263195,0.57030000,100.20000000,0.5604
1749263195,0.57100000,30.60000000,0.5604
1749263195,0.57120000,12.30000000,0.5604
1749263195,0.57150000,9.90000000,0.5604
1749263195,0.57170000,14.00000000,0.5604
1749263195,0.57200000,42.80000000,0.5604
1749263195,0.57250000,9.80000000,0.5604
1749263195,0.57280000,14.00000000,0.5604
1749263195,0.57330000,535.40000000,0.5604
1749263195,0.57350000,83.70000000,0.5604
1749263195,0.57400000,22.00000000,0.5604
1749263195,0.57410000,158.30000000,0.5604
1749263195,0.57430000,16.90000000,0.5604
1749263195,0.57460000,9.10000000,0.5604
1749263195,0.57500000,3601.40000000,0.5604
1749263195,0.57520000,1767.80000000,0.5604
1749263195,0.57530000,32.40000000,0.5604
1749263195,0.57600000,31.70000000,0.5604
1749263195,0.57660000,12.10000000,0.5604
1749263195,0.57670000,10.50000000,0.5604
1749263195,0.57680000,74.10000000,0.5604
1749263195,0.57690000,9.90000000,0.5604
1749263195,0.57700000,155.20000000,0.5604
1749263195,0.57750000,18.00000000,0.5604
1749263195,0.57800000,35.80000000,0.5604
1749263195,0.57820000,17.30000000,0.5604
1749263195,0.57840000,17.30000000,0.5604
1749263195,0.57950000,31.80000000,0.5604
1749263195,0.57990000,12.00000000,0.5604
1749263195,0.58000000,46.60000000,0.5604
1749263195,0.58060000,26.90000000,0.5604
1749263195,0.58100000,167.20000000,0.5604
1749263195,0.58130000,14.30000000,0.5604
1749263195,0.58200000,22.00000000,0.5604
1749263195,0.58240000,23.60000000,0.5604
1749263195,0.58250000,38.60000000,0.5604
1749263195,0.58300000,14.00000000,0.5604
1749263195,0.58330000,12.00000000,0.5604
1749263195,0.58400000,94.10000000,0.5604
1749263195,0.58410000,77.20000000,0.5604
1749263195,0.58500000,1349.30000000,0.5604
1749263215,0.56040000,165.20000000,0.5604
1749263215,0.56050000,141.20000000,0.5604
1749263215,0.56060000,1079.00000000,0.5604
1749263215,0.56070000,5722.50000000,0.5604
1749263215,0.56080000,18283.20000000,0.5604
1749263215,0.56090000,1663.60000000,0.5604
1749263215,0.56100000,6039.70000000,0.5604
1749263215,0.56110000,2393.80000000,0.5604
1749263215,0.56120000,1448.80000000,0.5604
1749263215,0.56130000,3779.50000000,0.5604
1749263215,0.56140000,10563.40000000,0.5604
1749263215,0.56150000,2660.10000000,0.5604
1749263215,0.56160000,5359.90000000,0.5604
1749263215,0.56180000,432.70000000,0.5604
1749263215,0.56190000,214.40000000,0.5604
1749263215,0.56200000,5397.30000000,0.5604
1749263215,0.56210000,228.00000000,0.5604
1749263215,0.56230000,8632.40000000,0.5604
1749263215,0.56240000,352.90000000,0.5604
1749263215,0.56260000,349.30000000,0.5604
1749263215,0.56270000,1069.70000000,0.5604
1749263215,0.56280000,214.50000000,0.5604
1749263215,0.56290000,4511.80000000,0.5604
1749263215,0.56300000,13.50000000,0.5604
1749263215,0.56310000,292.20000000,0.5604
1749263215,0.56330000,240.70000000,0.5604
1749263215,0.56350000,592.30000000,0.5604
1749263215,0.56360000,227.80000000,0.5604
1749263215,0.56370000,4511.80000000,0.5604
1749263215,0.56390000,227.80000000,0.5604
1749263215,0.56400000,358.00000000,0.5604
1749263215,0.56410000,2108.60000000,0.5604
1749263215,0.56420000,13.50000000,0.5604
1749263215,0.56440000,214.40000000,0.5604
1749263215,0.56450000,13.50000000,0.5604
1749263215,0.56480000,22.70000000,0.5604
1749263215,0.56500000,9.60000000,0.5604
1749263215,0.56510000,13.50000000,0.5604
1749263215,0.56540000,22.70000000,0.5604
1749263215,0.56570000,13.50000000,0.5604
1749263215,0.56600000,197.10000000,0.5604
1749263215,0.56620000,9.90000000,0.5604
1749263215,0.56630000,13.40000000,0.5604
1749263215,0.56640000,1691.40000000,0.5604
1749263215,0.56660000,12.30000000,0.5604
1749263215,0.56690000,12.30000000,0.5604
1749263215,0.56710000,14.10000000,0.5604
1749263215,0.56720000,10.60000000,0.5604
1749263215,0.56730000,3881.70000000,0.5604
1749263215,0.56740000,52.90000000,0.5604
1749263215,0.56770000,52.80000000,0.5604
1749263215,0.56800000,22.00000000,0.5604
1749263215,0.56810000,189.70000000,0.5604
1749263215,0.56830000,263.90000000,0.5604
1749263215,0.56880000,47.20000000,0.5604
1749263215,0.56910000,13.80000000,0.5604
1749263215,0.56980000,111.00000000,0.5604
1749263215,0.56990000,12.20000000,0.5604
1749263215,0.57000000,178.20000000,0.5604
1749263215,0.57030000,100.20000000,0.5604
1749263215,0.57100000,30.60000000,0.5604
1749263215,0.57120000,12.30000000,0.5604
1749263215,0.57150000,9.90000000,0.5604
1749263215,0.57170000,14.00000000,0.5604
1749263215,0.57200000,42.80000000,0.5604
1749263215,0.57250000,9.80000000,0.5604
1749263215,0.57280000,14.00000000,0.5604
1749263215,0.57330000,535.40000000,0.5604
1749263215,0.57350000,83.70000000,0.5604
1749263215,0.57400000,22.00000000,0.5604
1749263215,0.57410000,158.30000000,0.5604
1749263215,0.57430000,16.90000000,0.5604
1749263215,0.57460000,9.10000000,0.5604
1749263215,0.57500000,3601.40000000,0.5604
1749263215,0.57520000,1767.80000000,0.5604
1749263215,0.57530000,32.40000000,0.5604
1749263215,0.57600000,31.70000000,0.5604
1749263215,0.57660000,12.10000000,0.5604
1749263215,0.57670000,10.50000000,0.5604
1749263215,0.57680000,74.10000000,0.5604
1749263215,0.57690000,9.90000000,0.5604
1749263215,0.57700000,155.20000000,0.5604
1749263215,0.57750000,18.00000000,0.5604
1749263215,0.57800000,35.80000000,0.5604
1749263215,0.57820000,17.30000000,0.5604
1749263215,0.57840000,17.30000000,0.5604
1749263215,0.57950000,31.80000000,0.5604
1749263215,0.57990000,12.00000000,0.5604
1749263215,0.58000000,46.60000000,0.5604
1749263215,0.58060000,26.90000000,0.5604
1749263215,0.58100000,167.20000000,0.5604
1749263215,0.58130000,14.30000000,0.5604
1749263215,0.58200000,22.00000000,0.5604
1749263215,0.58240000,23.60000000,0.5604
1749263215,0.58250000,38.60000000,0.5604
1749263215,0.58300000,14.00000000,0.5604
1749263215,0.58330000,12.00000000,0.5604
1749263215,0.58400000,94.10000000,0.5604
1749263215,0.58410000,77.20000000,0.5604
1749263215,0.58500000,1349.30000000,0.5604
1749263502,0.55990000,183.30000000,0.5599
1749263502,0.56000000,342.00000000,0.5599
1749263502,0.56010000,1086.20000000,0.5599
1749263502,0.56020000,3772.20000000,0.5599
1749263502,0.56030000,18007.90000000,0.5599
1749263502,0.56040000,423.30000000,0.5599
1749263502,0.56050000,696.50000000,0.5599
1749263502,0.56060000,1327.90000000,0.5599
1749263502,0.56070000,233.00000000,0.5599
1749263502,0.56080000,423.30000000,0.5599
1749263502,0.56090000,893.00000000,0.5599
1749263502,0.56100000,2565.40000000,0.5599
1749263502,0.56110000,423.30000000,0.5599
1749263502,0.56120000,1244.30000000,0.5599
1749263502,0.56130000,2423.00000000,0.5599
1749263502,0.56140000,248.50000000,0.5599
1749263502,0.56150000,241.20000000,0.5599
1749263502,0.56160000,2742.00000000,0.5599
1749263502,0.56170000,11775.80000000,0.5599
1749263502,0.56180000,16443.10000000,0.5599
1749263502,0.56190000,810.80000000,0.5599
1749263502,0.56200000,882.60000000,0.5599
1749263502,0.56210000,228.00000000,0.5599
1749263502,0.56220000,148.80000000,0.5599
1749263502,0.56230000,2045.90000000,0.5599
1749263502,0.56240000,237.20000000,0.5599
1749263502,0.56260000,214.40000000,0.5599
1749263502,0.56270000,49.00000000,0.5599
1749263502,0.56280000,214.50000000,0.5599
1749263502,0.56290000,4511.80000000,0.5599
1749263502,0.56300000,13.50000000,0.5599
1749263502,0.56310000,292.20000000,0.5599
1749263502,0.56330000,240.70000000,0.5599
1749263502,0.56350000,1613.00000000,0.5599
1749263502,0.56360000,227.80000000,0.5599
1749263502,0.56370000,4511.80000000,0.5599
1749263502,0.56390000,227.80000000,0.5599
1749263502,0.56400000,362.60000000,0.5599
1749263502,0.56410000,2108.60000000,0.5599
1749263502,0.56420000,13.50000000,0.5599
1749263502,0.56440000,214.40000000,0.5599
1749263502,0.56450000,124.60000000,0.5599
1749263502,0.56480000,22.70000000,0.5599
1749263502,0.56500000,9.60000000,0.5599
1749263502,0.56510000,13.50000000,0.5599
1749263502,0.56530000,213.90000000,0.5599
1749263502,0.56540000,22.70000000,0.5599
1749263502,0.56570000,13.50000000,0.5599
1749263502,0.56600000,197.10000000,0.5599
1749263502,0.56620000,9.90000000,0.5599
1749263502,0.56630000,13.40000000,0.5599
1749263502,0.56640000,1691.40000000,0.5599
1749263502,0.56660000,25.70000000,0.5599
1749263502,0.56690000,25.70000000,0.5599
1749263502,0.56710000,14.10000000,0.5599
1749263502,0.56720000,10.60000000,0.5599
1749263502,0.56730000,3881.70000000,0.5599
1749263502,0.56740000,52.90000000,0.5599
1749263502,0.56770000,52.80000000,0.5599
1749263502,0.56800000,22.00000000,0.5599
1749263502,0.56810000,189.70000000,0.5599
1749263502,0.56830000,263.90000000,0.5599
1749263502,0.56880000,47.20000000,0.5599
1749263502,0.56910000,13.80000000,0.5599
1749263502,0.56980000,18.10000000,0.5599
1749263502,0.56990000,12.20000000,0.5599
1749263502,0.57000000,178.20000000,0.5599
1749263502,0.57030000,9.10000000,0.5599
1749263502,0.57100000,30.60000000,0.5599
1749263502,0.57120000,12.30000000,0.5599
1749263502,0.57140000,92.90000000,0.5599
1749263502,0.57150000,9.90000000,0.5599
1749263502,0.57170000,14.00000000,0.5599
1749263502,0.57190000,91.10000000,0.5599
1749263502,0.57200000,42.80000000,0.5599
1749263502,0.57250000,9.80000000,0.5599
1749263502,0.57280000,14.00000000,0.5599
1749263502,0.57330000,535.40000000,0.5599
1749263502,0.57350000,83.70000000,0.5599
1749263502,0.57400000,22.00000000,0.5599
1749263502,0.57410000,158.30000000,0.5599
1749263502,0.57430000,16.90000000,0.5599
1749263502,0.57460000,9.10000000,0.5599
1749263502,0.57500000,3601.40000000,0.5599
1749263502,0.57520000,1767.80000000,0.5599
1749263502,0.57530000,32.40000000,0.5599
1749263502,0.57600000,31.70000000,0.5599
1749263502,0.57660000,12.10000000,0.5599
1749263502,0.57670000,10.50000000,0.5599
1749263502,0.57680000,74.10000000,0.5599
1749263502,0.57690000,9.90000000,0.5599
1749263502,0.57700000,155.20000000,0.5599
1749263502,0.57750000,18.00000000,0.5599
1749263502,0.57800000,35.80000000,0.5599
1749263502,0.57820000,17.30000000,0.5599
1749263502,0.57840000,17.30000000,0.5599
1749263502,0.57950000,31.80000000,0.5599
1749263502,0.57990000,12.00000000,0.5599
1749263502,0.58000000,46.60000000,0.5599
1749263502,0.58060000,26.90000000,0.5599
1749263517,0.56020000,180.80000000,0.5599
1749263517,0.56030000,5864.60000000,0.5599
1749263517,0.56040000,19153.10000000,0.5599
1749263517,0.56050000,154.60000000,0.5599
1749263517,0.56060000,436.70000000,0.5599
1749263517,0.56070000,343.40000000,0.5599
1749263517,0.56080000,423.30000000,0.5599
1749263517,0.56090000,1783.80000000,0.5599
1749263517,0.56100000,2565.40000000,0.5599
1749263517,0.56110000,423.30000000,0.5599
1749263517,0.56120000,1244.30000000,0.5599
1749263517,0.56130000,2691.70000000,0.5599
1749263517,0.56140000,658.40000000,0.5599
1749263517,0.56150000,382.40000000,0.5599
1749263517,0.56160000,2742.00000000,0.5599
1749263517,0.56170000,11775.80000000,0.5599
1749263517,0.56180000,16443.10000000,0.5599
1749263517,0.56190000,810.80000000,0.5599
1749263517,0.56200000,5394.40000000,0.5599
1749263517,0.56210000,228.00000000,0.5599
1749263517,0.56220000,148.80000000,0.5599
1749263517,0.56230000,214.40000000,0.5599
1749263517,0.56240000,237.20000000,0.5599
1749263517,0.56260000,214.40000000,0.5599
1749263517,0.56270000,49.00000000,0.5599
1749263517,0.56280000,214.50000000,0.5599
1749263517,0.56290000,4511.80000000,0.5599
1749263517,0.56300000,13.50000000,0.5599
1749263517,0.56310000,292.20000000,0.5599
1749263517,0.56330000,240.70000000,0.5599
1749263517,0.56350000,1613.00000000,0.5599
1749263517,0.56360000,227.80000000,0.5599
1749263517,0.56370000,4511.80000000,0.5599
1749263517,0.56390000,227.80000000,0.5599
1749263517,0.56400000,362.60000000,0.5599
1749263517,0.56410000,2108.60000000,0.5599
1749263517,0.56420000,13.50000000,0.5599
1749263517,0.56440000,214.40000000,0.5599
1749263517,0.56450000,124.60000000,0.5599
1749263517,0.56480000,22.70000000,0.5599
1749263517,0.56500000,9.60000000,0.5599
1749263517,0.56510000,13.50000000,0.5599
1749263517,0.56530000,213.90000000,0.5599
1749263517,0.56540000,22.70000000,0.5599
1749263517,0.56570000,13.50000000,0.5599
1749263517,0.56600000,197.10000000,0.5599
1749263517,0.56620000,9.90000000,0.5599
1749263517,0.56630000,13.40000000,0.5599
1749263517,0.56640000,1691.40000000,0.5599
1749263517,0.56660000,25.70000000,0.5599
1749263517,0.56690000,25.70000000,0.5599
1749263517,0.56710000,14.10000000,0.5599
1749263517,0.56720000,10.60000000,0.5599
1749263517,0.56730000,3881.70000000,0.5599
1749263517,0.56740000,52.90000000,0.5599
1749263517,0.56770000,52.80000000,0.5599
1749263517,0.56800000,22.00000000,0.5599
1749263517,0.56810000,189.70000000,0.5599
1749263517,0.56830000,263.90000000,0.5599
1749263517,0.56880000,47.20000000,0.5599
1749263517,0.56910000,13.80000000,0.5599
1749263517,0.56980000,18.10000000,0.5599
1749263517,0.56990000,12.20000000,0.5599
1749263517,0.57000000,178.20000000,0.5599
1749263517,0.57030000,9.10000000,0.5599
1749263517,0.57100000,30.60000000,0.5599
1749263517,0.57120000,12.30000000,0.5599
1749263517,0.57140000,92.90000000,0.5599
1749263517,0.57150000,9.90000000,0.5599
1749263517,0.57170000,14.00000000,0.5599
1749263517,0.57190000,91.10000000,0.5599
1749263517,0.57200000,42.80000000,0.5599
1749263517,0.57250000,9.80000000,0.5599
1749263517,0.57280000,14.00000000,0.5599
1749263517,0.57330000,535.40000000,0.5599
1749263517,0.57350000,83.70000000,0.5599
1749263517,0.57400000,22.00000000,0.5599
1749263517,0.57410000,158.30000000,0.5599
1749263517,0.57430000,16.90000000,0.5599
1749263517,0.57460000,9.10000000,0.5599
1749263517,0.57500000,3601.40000000,0.5599
1749263517,0.57520000,1767.80000000,0.5599
1749263517,0.57530000,32.40000000,0.5599
1749263517,0.57600000,31.70000000,0.5599
1749263517,0.57660000,12.10000000,0.5599
1749263517,0.57670000,10.50000000,0.5599
1749263517,0.57680000,74.10000000,0.5599
1749263517,0.57690000,9.90000000,0.5599
1749263517,0.57700000,155.20000000,0.5599
1749263517,0.57750000,18.00000000,0.5599
1749263517,0.57800000,35.80000000,0.5599
1749263517,0.57820000,17.30000000,0.5599
1749263517,0.57840000,17.30000000,0.5599
1749263517,0.57950000,31.80000000,0.5599
1749263517,0.57990000,12.00000000,0.5599
1749263517,0.58000000,46.60000000,0.5599
1749263517,0.58060000,26.90000000,0.5599
1749263517,0.58100000,167.20000000,0.5599
1749263517,0.58130000,14.30000000,0.5599
1749263517,0.58200000,22.00000000,0.5599
1749263808,0.56030000,154.60000000,0.5601
1749263808,0.56040000,1046.10000000,0.5601
1749263808,0.56050000,423.30000000,0.5601
1749263808,0.56060000,168.00000000,0.5601
1749263808,0.56070000,315.90000000,0.5601
1749263808,0.56080000,423.30000000,0.5601
1749263808,0.56090000,606.80000000,0.5601
1749263808,0.56100000,1462.50000000,0.5601
1749263808,0.56110000,648.10000000,0.5601
1749263808,0.56120000,1162.10000000,0.5601
1749263808,0.56130000,3163.60000000,0.5601
1749263808,0.56140000,2701.70000000,0.5601
1749263808,0.56150000,651.10000000,0.5601
1749263808,0.56160000,11215.70000000,0.5601
1749263808,0.56170000,5342.00000000,0.5601
1749263808,0.56180000,17979.10000000,0.5601
1749263808,0.56190000,12321.50000000,0.5601
1749263808,0.56200000,10017.10000000,0.5601
1749263808,0.56210000,228.00000000,0.5601
1749263808,0.56220000,148.80000000,0.5601
1749263808,0.56230000,214.40000000,0.5601
1749263808,0.56240000,237.20000000,0.5601
1749263808,0.56260000,214.40000000,0.5601
1749263808,0.56270000,49.00000000,0.5601
1749263808,0.56280000,214.50000000,0.5601
1749263808,0.56290000,7230.80000000,0.5601
1749263808,0.56300000,13.50000000,0.5601
1749263808,0.56310000,292.20000000,0.5601
1749263808,0.56330000,240.70000000,0.5601
1749263808,0.56350000,1613.00000000,0.5601
1749263808,0.56360000,2965.40000000,0.5601
1749263808,0.56390000,227.80000000,0.5601
1749263808,0.56400000,362.60000000,0.5601
1749263808,0.56410000,2098.00000000,0.5601
1749263808,0.56420000,13.50000000,0.5601
1749263808,0.56440000,214.40000000,0.5601
1749263808,0.56450000,124.60000000,0.5601
1749263808,0.56480000,22.70000000,0.5601
1749263808,0.56500000,9.60000000,0.5601
1749263808,0.56510000,13.50000000,0.5601
1749263808,0.56530000,213.90000000,0.5601
1749263808,0.56540000,22.70000000,0.5601
1749263808,0.56570000,13.50000000,0.5601
1749263808,0.56600000,197.10000000,0.5601
1749263808,0.56620000,9.90000000,0.5601
1749263808,0.56630000,13.40000000,0.5601
1749263808,0.56640000,1691.40000000,0.5601
1749263808,0.56660000,25.70000000,0.5601
1749263808,0.56690000,13.40000000,0.5601
1749263808,0.56710000,14.10000000,0.5601
1749263808,0.56730000,3881.70000000,0.5601
1749263808,0.56740000,52.90000000,0.5601
1749263808,0.56770000,52.80000000,0.5601
1749263808,0.56800000,22.00000000,0.5601
1749263808,0.56810000,189.70000000,0.5601
1749263808,0.56830000,263.90000000,0.5601
1749263808,0.56880000,47.20000000,0.5601
1749263808,0.56910000,13.80000000,0.5601
1749263808,0.56980000,18.10000000,0.5601
1749263808,0.56990000,12.20000000,0.5601
1749263808,0.57000000,178.20000000,0.5601
1749263808,0.57030000,9.10000000,0.5601
1749263808,0.57100000,30.60000000,0.5601
1749263808,0.57140000,92.90000000,0.5601
1749263808,0.57150000,9.90000000,0.5601
1749263808,0.57170000,14.00000000,0.5601
1749263808,0.57190000,91.10000000,0.5601
1749263808,0.57200000,42.80000000,0.5601
1749263808,0.57250000,9.80000000,0.5601
1749263808,0.57330000,535.40000000,0.5601
1749263808,0.57350000,83.70000000,0.5601
1749263808,0.57400000,22.00000000,0.5601
1749263808,0.57410000,158.30000000,0.5601
1749263808,0.57430000,16.90000000,0.5601
1749263808,0.57460000,9.10000000,0.5601
1749263808,0.57500000,3601.40000000,0.5601
1749263808,0.57520000,1767.80000000,0.5601
1749263808,0.57530000,18.50000000,0.5601
1749263808,0.57600000,31.70000000,0.5601
1749263808,0.57660000,12.10000000,0.5601
1749263808,0.57670000,10.50000000,0.5601
1749263808,0.57680000,74.10000000,0.5601
1749263808,0.57690000,9.90000000,0.5601
1749263808,0.57700000,155.20000000,0.5601
1749263808,0.57750000,18.00000000,0.5601
1749263808,0.57800000,22.00000000,0.5601
1749263808,0.57820000,17.30000000,0.5601
1749263808,0.57950000,31.80000000,0.5601
1749263808,0.57990000,12.00000000,0.5601
1749263808,0.58000000,46.60000000,0.5601
1749263808,0.58060000,26.90000000,0.5601
1749263808,0.58100000,167.20000000,0.5601
1749263808,0.58130000,14.30000000,0.5601
1749263808,0.58200000,22.00000000,0.5601
1749263808,0.58240000,9.90000000,0.5601
1749263808,0.58250000,38.60000000,0.5601
1749263808,0.58300000,14.00000000,0.5601
1749263808,0.58330000,12.00000000,0.5601
1749263808,0.58400000,94.10000000,0.5601
1749263808,0.58410000,77.20000000,0.5601
1749263822,0.56020000,141.20000000,0.5601
1749263822,0.56030000,1059.60000000,0.5601
1749263822,0.56040000,154.60000000,0.5601
1749263822,0.56050000,423.30000000,0.5601
1749263822,0.56060000,436.70000000,0.5601
1749263822,0.56070000,710.20000000,0.5601
1749263822,0.56080000,1314.30000000,0.5601
1749263822,0.56090000,606.80000000,0.5601
1749263822,0.56100000,1462.50000000,0.5601
1749263822,0.56110000,648.10000000,0.5601
1749263822,0.56120000,436.80000000,0.5601
1749263822,0.56130000,1383.40000000,0.5601
1749263822,0.56140000,2701.70000000,0.5601
1749263822,0.56150000,651.10000000,0.5601
1749263822,0.56160000,4097.60000000,0.5601
1749263822,0.56170000,5200.80000000,0.5601
1749263822,0.56180000,17979.10000000,0.5601
1749263822,0.56190000,12321.50000000,0.5601
1749263822,0.56200000,8189.60000000,0.5601
1749263822,0.56210000,228.00000000,0.5601
1749263822,0.56220000,148.80000000,0.5601
1749263822,0.56230000,214.40000000,0.5601
1749263822,0.56240000,237.20000000,0.5601
1749263822,0.56250000,2645.90000000,0.5601
1749263822,0.56260000,214.40000000,0.5601
1749263822,0.56270000,49.00000000,0.5601
1749263822,0.56280000,214.50000000,0.5601
1749263822,0.56290000,7107.30000000,0.5601
1749263822,0.56300000,13.50000000,0.5601
1749263822,0.56310000,292.20000000,0.5601
1749263822,0.56330000,240.70000000,0.5601
1749263822,0.56350000,1613.00000000,0.5601
1749263822,0.56360000,227.80000000,0.5601
1749263822,0.56390000,227.80000000,0.5601
1749263822,0.56400000,362.60000000,0.5601
1749263822,0.56410000,2098.00000000,0.5601
1749263822,0.56420000,13.50000000,0.5601
1749263822,0.56440000,214.40000000,0.5601
1749263822,0.56450000,124.60000000,0.5601
1749263822,0.56480000,22.70000000,0.5601
1749263822,0.56500000,9.60000000,0.5601
1749263822,0.56510000,13.50000000,0.5601
1749263822,0.56530000,213.90000000,0.5601
1749263822,0.56540000,22.70000000,0.5601
1749263822,0.56570000,13.50000000,0.5601
1749263822,0.56600000,197.10000000,0.5601
1749263822,0.56620000,9.90000000,0.5601
1749263822,0.56630000,13.40000000,0.5601
1749263822,0.56640000,1691.40000000,0.5601
1749263822,0.56660000,25.70000000,0.5601
1749263822,0.56690000,13.40000000,0.5601
1749263822,0.56710000,14.10000000,0.5601
1749263822,0.56730000,3881.70000000,0.5601
1749263822,0.56740000,52.90000000,0.5601
1749263822,0.56770000,52.80000000,0.5601
1749263822,0.56800000,22.00000000,0.5601
1749263822,0.56810000,189.70000000,0.5601
1749263822,0.56830000,263.90000000,0.5601
1749263822,0.56880000,47.20000000,0.5601
1749263822,0.56910000,13.80000000,0.5601
1749263822,0.56980000,18.10000000,0.5601
1749263822,0.56990000,12.20000000,0.5601
1749263822,0.57000000,178.20000000,0.5601
1749263822,0.57030000,9.10000000,0.5601
1749263822,0.57100000,30.60000000,0.5601
1749263822,0.57140000,92.90000000,0.5601
1749263822,0.57150000,9.90000000,0.5601
1749263822,0.57170000,14.00000000,0.5601
1749263822,0.57190000,91.10000000,0.5601
1749263822,0.57200000,42.80000000,0.5601
1749263822,0.57250000,9.80000000,0.5601
1749263822,0.57330000,535.40000000,0.5601
1749263822,0.57350000,83.70000000,0.5601
1749263822,0.57400000,22.00000000,0.5601
1749263822,0.57410000,158.30000000,0.5601
1749263822,0.57430000,16.90000000,0.5601
1749263822,0.57460000,9.10000000,0.5601
1749263822,0.57500000,3601.40000000,0.5601
1749263822,0.57520000,1767.80000000,0.5601
1749263822,0.57530000,18.50000000,0.5601
1749263822,0.57600000,31.70000000,0.5601
1749263822,0.57660000,12.10000000,0.5601
1749263822,0.57670000,10.50000000,0.5601
1749263822,0.57680000,74.10000000,0.5601
1749263822,0.57690000,9.90000000,0.5601
1749263822,0.57700000,155.20000000,0.5601
1749263822,0.57750000,18.00000000,0.5601
1749263822,0.57800000,22.00000000,0.5601
1749263822,0.57820000,17.30000000,0.5601
1749263822,0.57950000,31.80000000,0.5601
1749263822,0.57990000,12.00000000,0.5601
1749263822,0.58000000,46.60000000,0.5601
1749263822,0.58060000,26.90000000,0.5601
1749263822,0.58100000,167.20000000,0.5601
1749263822,0.58130000,14.30000000,0.5601
1749263822,0.58200000,22.00000000,0.5601
1749263822,0.58240000,9.90000000,0.5601
1749263822,0.58250000,38.60000000,0.5601
1749263822,0.58300000,14.00000000,0.5601
1749263822,0.58330000,12.00000000,0.5601
1749264110,0.56030000,154.60000000,0.5601
1749264110,0.56040000,6443.00000000,0.5601
1749264110,0.56050000,17989.70000000,0.5601
1749264110,0.56060000,436.70000000,0.5601
1749264110,0.56070000,423.30000000,0.5601
1749264110,0.56080000,663.20000000,0.5601
1749264110,0.56090000,2033.40000000,0.5601
1749264110,0.56100000,2353.30000000,0.5601
1749264110,0.56110000,942.00000000,0.5601
1749264110,0.56120000,436.80000000,0.5601
1749264110,0.56130000,637.60000000,0.5601
1749264110,0.56140000,1523.30000000,0.5601
1749264110,0.56150000,2304.90000000,0.5601
1749264110,0.56160000,3694.30000000,0.5601
1749264110,0.56170000,16780.00000000,0.5601
1749264110,0.56180000,7678.80000000,0.5601
1749264110,0.56190000,1078.10000000,0.5601
1749264110,0.56200000,4533.80000000,0.5601
1749264110,0.56210000,228.00000000,0.5601
1749264110,0.56220000,9686.50000000,0.5601
1749264110,0.56230000,2721.30000000,0.5601
1749264110,0.56240000,237.20000000,0.5601
1749264110,0.56260000,214.40000000,0.5601
1749264110,0.56270000,49.00000000,0.5601
1749264110,0.56280000,214.50000000,0.5601
1749264110,0.56290000,4511.80000000,0.5601
1749264110,0.56300000,13.50000000,0.5601
1749264110,0.56310000,292.20000000,0.5601
1749264110,0.56330000,240.70000000,0.5601
1749264110,0.56350000,1613.00000000,0.5601
1749264110,0.56360000,227.80000000,0.5601
1749264110,0.56370000,4511.80000000,0.5601
1749264110,0.56390000,227.80000000,0.5601
1749264110,0.56400000,362.60000000,0.5601
1749264110,0.56410000,2098.00000000,0.5601
1749264110,0.56420000,13.50000000,0.5601
1749264110,0.56440000,214.40000000,0.5601
1749264110,0.56450000,124.60000000,0.5601
1749264110,0.56480000,22.70000000,0.5601
1749264110,0.56500000,9.60000000,0.5601
1749264110,0.56510000,13.50000000,0.5601
1749264110,0.56530000,213.90000000,0.5601
1749264110,0.56540000,22.70000000,0.5601
1749264110,0.56570000,13.50000000,0.5601
1749264110,0.56600000,197.10000000,0.5601
1749264110,0.56620000,9.90000000,0.5601
1749264110,0.56630000,13.40000000,0.5601
1749264110,0.56640000,1691.40000000,0.5601
1749264110,0.56660000,25.70000000,0.5601
1749264110,0.56690000,13.40000000,0.5601
1749264110,0.56710000,14.10000000,0.5601
1749264110,0.56730000,3881.70000000,0.5601
1749264110,0.56740000,52.90000000,0.5601
1749264110,0.56770000,52.80000000,0.5601
1749264110,0.56800000,22.00000000,0.5601
1749264110,0.56810000,189.70000000,0.5601
1749264110,0.56830000,263.90000000,0.5601
1749264110,0.56880000,47.20000000,0.5601
1749264110,0.56910000,13.80000000,0.5601
1749264110,0.56980000,18.10000000,0.5601
1749264110,0.56990000,12.20000000,0.5601
1749264110,0.57000000,178.20000000,0.5601
1749264110,0.57030000,9.10000000,0.5601
1749264110,0.57100000,30.60000000,0.5601
1749264110,0.57140000,92.90000000,0.5601
1749264110,0.57150000,9.90000000,0.5601
1749264110,0.57170000,14.00000000,0.5601
1749264110,0.57190000,91.10000000,0.5601
1749264110,0.57200000,42.80000000,0.5601
1749264110,0.57250000,9.80000000,0.5601
1749264110,0.57330000,535.40000000,0.5601
1749264110,0.57350000,83.70000000,0.5601
1749264110,0.57400000,22.00000000,0.5601
1749264110,0.57410000,158.30000000,0.5601
1749264110,0.57430000,16.90000000,0.5601
1749264110,0.57460000,9.10000000,0.5601
1749264110,0.57500000,3601.40000000,0.5601
1749264110,0.57520000,1767.80000000,0.5601
1749264110,0.57530000,18.50000000,0.5601
1749264110,0.57600000,31.70000000,0.5601
1749264110,0.57660000,12.10000000,0.5601
1749264110,0.57670000,10.50000000,0.5601
1749264110,0.57680000,74.10000000,0.5601
1749264110,0.57690000,9.90000000,0.5601
1749264110,0.57700000,155.20000000,0.5601
1749264110,0.57750000,18.00000000,0.5601
1749264110,0.57800000,22.00000000,0.5601
1749264110,0.57820000,17.30000000,0.5601
1749264110,0.57950000,31.80000000,0.5601
1749264110,0.57990000,12.00000000,0.5601
1749264110,0.58000000,46.60000000,0.5601
1749264110,0.58060000,26.90000000,0.5601
1749264110,0.58100000,167.20000000,0.5601
1749264110,0.58130000,14.30000000,0.5601
1749264110,0.58200000,22.00000000,0.5601
1749264110,0.58240000,9.90000000,0.5601
1749264110,0.58250000,38.60000000,0.5601
1749264110,0.58300000,14.00000000,0.5601
1749264110,0.58330000,12.00000000,0.5601
1749264110,0.58400000,94.10000000,0.5601
1749264125,0.56020000,180.60000000,0.5601
1749264125,0.56030000,168.00000000,0.5601
1749264125,0.56040000,6443.00000000,0.5601
1749264125,0.56050000,17989.70000000,0.5601
1749264125,0.56060000,519.50000000,0.5601
1749264125,0.56070000,423.30000000,0.5601
1749264125,0.56080000,552.80000000,0.5601
1749264125,0.56090000,2033.40000000,0.5601
1749264125,0.56100000,2353.30000000,0.5601
1749264125,0.56110000,942.00000000,0.5601
1749264125,0.56120000,436.80000000,0.5601
1749264125,0.56130000,637.60000000,0.5601
1749264125,0.56140000,1523.30000000,0.5601
1749264125,0.56150000,2304.90000000,0.5601
1749264125,0.56160000,3694.30000000,0.5601
1749264125,0.56170000,16914.80000000,0.5601
1749264125,0.56180000,10025.30000000,0.5601
1749264125,0.56190000,8327.30000000,0.5601
1749264125,0.56200000,4533.80000000,0.5601
1749264125,0.56210000,228.00000000,0.5601
1749264125,0.56220000,2441.20000000,0.5601
1749264125,0.56230000,810.30000000,0.5601
1749264125,0.56240000,237.20000000,0.5601
1749264125,0.56260000,214.40000000,0.5601
1749264125,0.56270000,49.00000000,0.5601
1749264125,0.56280000,214.50000000,0.5601
1749264125,0.56290000,4511.80000000,0.5601
1749264125,0.56300000,13.50000000,0.5601
1749264125,0.56310000,292.20000000,0.5601
1749264125,0.56330000,240.70000000,0.5601
1749264125,0.56350000,1613.00000000,0.5601
1749264125,0.56360000,227.80000000,0.5601
1749264125,0.56370000,4511.80000000,0.5601
1749264125,0.56390000,227.80000000,0.5601
1749264125,0.56400000,362.60000000,0.5601
1749264125,0.56410000,2098.00000000,0.5601
1749264125,0.56420000,13.50000000,0.5601
1749264125,0.56440000,214.40000000,0.5601
1749264125,0.56450000,124.60000000,0.5601
1749264125,0.56480000,22.70000000,0.5601
1749264125,0.56500000,9.60000000,0.5601
1749264125,0.56510000,13.50000000,0.5601
1749264125,0.56530000,213.90000000,0.5601
1749264125,0.56540000,22.70000000,0.5601
1749264125,0.56570000,13.50000000,0.5601
1749264125,0.56600000,197.10000000,0.5601
1749264125,0.56620000,9.90000000,0.5601
1749264125,0.56630000,13.40000000,0.5601
