timestamp,price,volume,current_price
1749260719,47.70000000,4.50000000,47.67
1749260719,47.71000000,5.86400000,47.67
1749260719,47.72000000,10.30600000,47.67
1749260719,47.73000000,9.65200000,47.67
1749260719,47.74000000,9.83100000,47.67
1749260719,47.75000000,14.61500000,47.67
1749260719,47.76000000,7.53500000,47.67
1749260719,47.77000000,8.88500000,47.67
1749260719,47.78000000,14.61500000,47.67
1749260719,47.79000000,21.87800000,47.67
1749260719,47.80000000,11.92000000,47.67
1749260719,47.81000000,14.61500000,47.67
1749260719,47.82000000,4.50000000,47.67
1749260719,47.83000000,15.97500000,47.67
1749260719,47.84000000,19.06100000,47.67
1749260719,47.86000000,4.50000000,47.67
1749260719,47.87000000,14.61500000,47.67
1749260719,47.88000000,9.63500000,47.67
1749260719,47.89000000,13.63200000,47.67
1749260719,47.90000000,57.90200000,47.67
1749260719,47.91000000,4.50000000,47.67
1749260719,47.92000000,7.53500000,47.67
1749260719,47.93000000,14.61500000,47.67
1749260719,47.94000000,5.28100000,47.67
1749260719,47.95000000,4.50000000,47.67
1749260719,47.96000000,31.39400000,47.67
1749260719,47.97000000,6.40000000,47.67
1749260719,47.98000000,21.84500000,47.67
1749260719,47.99000000,14.61500000,47.67
1749260719,48.00000000,45.16100000,47.67
1749260719,48.01000000,7.64400000,47.67
1749260719,48.02000000,14.61500000,47.67
1749260719,48.03000000,10.00000000,47.67
1749260719,48.05000000,1.20000000,47.67
1749260719,48.06000000,24.83300000,47.67
1749260719,48.07000000,7.53500000,47.67
1749260719,48.10000000,14.61500000,47.67
1749260719,48.11000000,3.03500000,47.67
1749260719,48.12000000,0.25000000,47.67
1749260719,48.13000000,10.11500000,47.67
1749260719,48.14000000,4.21400000,47.67
1749260719,48.15000000,13.10600000,47.67
1749260719,48.16000000,10.11500000,47.67
1749260719,48.18000000,0.25900000,47.67
1749260719,48.19000000,3.29400000,47.67
1749260719,48.21000000,16.05700000,47.67
1749260719,48.23000000,3.14400000,47.67
1749260719,48.24000000,19.16800000,47.67
1749260719,48.27000000,13.45800000,47.67
1749260719,48.31000000,6.74400000,47.67
1749260719,48.32000000,82.94300000,47.67
1749260719,48.34000000,53.07100000,47.67
1749260719,48.35000000,3.03500000,47.67
1749260719,48.37000000,0.66100000,47.67
1749260719,48.39000000,3.03500000,47.67
1749260719,48.40000000,0.35800000,47.67
1749260719,48.43000000,3.03500000,47.67
1749260719,48.44000000,1.44500000,47.67
1749260719,48.47000000,23.32400000,47.67
1749260719,48.50000000,1.56200000,47.67
1749260719,48.51000000,3.03500000,47.67
1749260719,48.55000000,0.25000000,47.67
1749260719,48.57000000,3.03500000,47.67
1749260719,48.58000000,1.20700000,47.67
1749260719,48.60000000,1.40900000,47.67
1749260719,48.61000000,6.03500000,47.67
1749260719,48.62000000,123.39700000,47.67
1749260719,48.65000000,3.03500000,47.67
1749260719,48.66000000,0.53900000,47.67
1749260719,48.67000000,0.38500000,47.67
1749260719,48.68000000,0.25600000,47.67
1749260719,48.80000000,1.66700000,47.67
1749260719,48.86000000,10.17100000,47.67
1749260719,48.87000000,0.10700000,47.67
1749260719,48.90000000,1.17600000,47.67
1749260719,48.93000000,0.25400000,47.67
1749260719,49.00000000,1.75400000,47.67
1749260719,49.01000000,0.71800000,47.67
1749260719,49.03000000,0.35800000,47.67
1749260719,49.17000000,0.25400000,47.67
1749260719,49.18000000,0.25400000,47.67
1749260719,49.20000000,0.48000000,47.67
1749260719,49.23000000,0.36100000,47.67
1749260719,49.24000000,0.11800000,47.67
1749260719,49.25000000,10.78100000,47.67
1749260719,49.27000000,19.19900000,47.67
1749260719,49.31000000,0.81700000,47.67
1749260719,49.32000000,0.20500000,47.67
1749260719,49.33000000,0.53900000,47.67
1749260719,49.35000000,1.16500000,47.67
1749260719,49.40000000,0.31900000,47.67
1749260719,49.41000000,0.39000000,47.67
1749260719,49.42000000,0.25100000,47.67
1749260719,49.44000000,5.19400000,47.67
1749260719,49.45000000,0.25000000,47.67
1749260719,49.48000000,0.10600000,47.67
1749260719,49.49000000,0.12100000,47.67
1749260719,49.50000000,19.87200000,47.67
1749260719,49.52000000,1.30600000,47.67
1749260719,49.54000000,0.18200000,47.67
1749261039,47.69000000,0.96100000,47.67
1749261039,47.70000000,4.50000000,47.67
1749261039,47.71000000,0.91900000,47.67
1749261039,47.72000000,14.48400000,47.67
1749261039,47.73000000,23.16200000,47.67
1749261039,47.74000000,12.09100000,47.67
1749261039,47.75000000,4.50000000,47.67
1749261039,47.76000000,18.65400000,47.67
1749261039,47.77000000,18.34700000,47.67
1749261039,47.78000000,11.98000000,47.67
1749261039,47.79000000,42.31000000,47.67
1749261039,47.80000000,63.58500000,47.67
1749261039,47.81000000,18.85500000,47.67
1749261039,47.82000000,4.50000000,47.67
1749261039,47.83000000,8.87300000,47.67
1749261039,47.84000000,21.92000000,47.67
1749261039,47.86000000,4.50000000,47.67
1749261039,47.87000000,14.61500000,47.67
1749261039,47.88000000,9.63100000,47.67
1749261039,47.89000000,25.21400000,47.67
1749261039,47.90000000,33.69700000,47.67
1749261039,47.91000000,4.50000000,47.67
1749261039,47.92000000,7.53500000,47.67
1749261039,47.93000000,27.43800000,47.67
1749261039,47.94000000,5.28100000,47.67
1749261039,47.95000000,4.50000000,47.67
1749261039,47.96000000,31.39400000,47.67
1749261039,47.97000000,6.40000000,47.67
1749261039,47.98000000,4.50000000,47.67
1749261039,47.99000000,14.61500000,47.67
1749261039,48.00000000,45.58000000,47.67
1749261039,48.01000000,7.64400000,47.67
1749261039,48.02000000,14.61500000,47.67
1749261039,48.04000000,15.69500000,47.67
1749261039,48.05000000,17.34900000,47.67
1749261039,48.06000000,24.83300000,47.67
1749261039,48.07000000,7.53500000,47.67
1749261039,48.10000000,14.61500000,47.67
1749261039,48.11000000,7.53500000,47.67
1749261039,48.12000000,0.25000000,47.67
1749261039,48.13000000,14.61500000,47.67
1749261039,48.15000000,3.03500000,47.67
1749261039,48.16000000,10.11500000,47.67
1749261039,48.18000000,0.25900000,47.67
1749261039,48.19000000,3.29400000,47.67
1749261039,48.20000000,10.07100000,47.67
1749261039,48.21000000,16.05700000,47.67
1749261039,48.23000000,3.14400000,47.67
1749261039,48.27000000,13.45800000,47.67
1749261039,48.31000000,9.84600000,47.67
1749261039,48.32000000,84.03300000,47.67
1749261039,48.34000000,53.07100000,47.67
1749261039,48.35000000,3.03500000,47.67
1749261039,48.37000000,19.82900000,47.67
1749261039,48.39000000,3.03500000,47.67
1749261039,48.40000000,0.35800000,47.67
1749261039,48.43000000,3.03500000,47.67
1749261039,48.44000000,1.44500000,47.67
1749261039,48.47000000,3.03500000,47.67
1749261039,48.50000000,1.56200000,47.67
1749261039,48.51000000,3.03500000,47.67
1749261039,48.55000000,0.25000000,47.67
1749261039,48.57000000,3.03500000,47.67
1749261039,48.58000000,1.20700000,47.67
1749261039,48.60000000,20.39700000,47.67
1749261039,48.61000000,7.35600000,47.67
1749261039,48.62000000,123.39700000,47.67
1749261039,48.65000000,3.03500000,47.67
1749261039,48.66000000,0.53900000,47.67
1749261039,48.67000000,0.38500000,47.67
1749261039,48.68000000,0.25600000,47.67
1749261039,48.80000000,1.66700000,47.67
1749261039,48.87000000,0.10700000,47.67
1749261039,48.90000000,1.17600000,47.67
1749261039,48.93000000,0.25400000,47.67
1749261039,48.99000000,10.17100000,47.67
1749261039,49.00000000,1.75400000,47.67
1749261039,49.01000000,0.71800000,47.67
1749261039,49.03000000,0.35800000,47.67
1749261039,49.17000000,0.25400000,47.67
1749261039,49.18000000,0.25400000,47.67
1749261039,49.20000000,0.48000000,47.67
1749261039,49.23000000,0.36100000,47.67
1749261039,49.24000000,0.11800000,47.67
1749261039,49.25000000,1.33400000,47.67
1749261039,49.31000000,0.81700000,47.67
1749261039,49.32000000,0.20500000,47.67
1749261039,49.33000000,0.53900000,47.67
1749261039,49.35000000,1.16500000,47.67
1749261039,49.39000000,9.44700000,47.67
1749261039,49.40000000,19.51800000,47.67
1749261039,49.41000000,0.39000000,47.67
1749261039,49.42000000,0.25100000,47.67
1749261039,49.44000000,5.19400000,47.67
1749261039,49.45000000,0.25000000,47.67
1749261039,49.48000000,0.10600000,47.67
1749261039,49.49000000,0.12100000,47.67
1749261039,49.50000000,19.87200000,47.67
1749261039,49.52000000,1.30600000,47.67
1749261039,49.54000000,0.18200000,47.67
1749261344,47.68000000,4.50000000,47.68
1749261344,47.69000000,5.57700000,47.68
1749261344,47.70000000,15.63100000,47.68
1749261344,47.71000000,33.93600000,47.68
1749261344,47.72000000,10.73600000,47.68
1749261344,47.73000000,27.97000000,47.68
1749261344,47.74000000,28.33300000,47.68
1749261344,47.75000000,44.22100000,47.68
1749261344,47.76000000,29.40100000,47.68
1749261344,47.77000000,33.60900000,47.68
1749261344,47.78000000,14.61500000,47.68
1749261344,47.79000000,4.50000000,47.68
1749261344,47.80000000,57.92800000,47.68
1749261344,47.81000000,31.86400000,47.68
1749261344,47.82000000,4.50000000,47.68
1749261344,47.83000000,13.54000000,47.68
1749261344,47.84000000,17.65000000,47.68
1749261344,47.85000000,19.08200000,47.68
1749261344,47.86000000,4.50000000,47.68
1749261344,47.87000000,67.10400000,47.68
1749261344,47.88000000,7.53500000,47.68
1749261344,47.89000000,22.70900000,47.68
1749261344,47.90000000,14.61500000,47.68
1749261344,47.91000000,5.02100000,47.68
1749261344,47.92000000,7.53500000,47.68
1749261344,47.93000000,27.43800000,47.68
1749261344,47.94000000,4.76000000,47.68
1749261344,47.95000000,4.50000000,47.68
1749261344,47.96000000,17.65000000,47.68
1749261344,47.97000000,6.40000000,47.68
1749261344,47.98000000,4.50000000,47.68
1749261344,47.99000000,15.81100000,47.68
1749261344,48.00000000,55.58000000,47.68
1749261344,48.01000000,7.64400000,47.68
1749261344,48.02000000,14.61500000,47.68
1749261344,48.04000000,4.50000000,47.68
1749261344,48.05000000,17.34900000,47.68
1749261344,48.06000000,24.83300000,47.68
1749261344,48.07000000,7.53500000,47.68
1749261344,48.10000000,10.11500000,47.68
1749261344,48.11000000,3.03500000,47.68
1749261344,48.12000000,0.25000000,47.68
1749261344,48.13000000,10.11500000,47.68
1749261344,48.15000000,3.03500000,47.68
1749261344,48.16000000,20.18600000,47.68
1749261344,48.18000000,0.25900000,47.68
1749261344,48.19000000,3.29400000,47.68
1749261344,48.21000000,16.05700000,47.68
1749261344,48.23000000,3.14400000,47.68
1749261344,48.24000000,19.16800000,47.68
1749261344,48.27000000,14.54900000,47.68
1749261344,48.31000000,9.84600000,47.68
1749261344,48.32000000,82.94300000,47.68
1749261344,48.34000000,53.07100000,47.68
1749261344,48.35000000,3.03500000,47.68
1749261344,48.37000000,0.66100000,47.68
1749261344,48.39000000,3.03500000,47.68
1749261344,48.40000000,0.35800000,47.68
1749261344,48.43000000,3.03500000,47.68
1749261344,48.44000000,1.44500000,47.68
1749261344,48.47000000,3.03500000,47.68
1749261344,48.50000000,1.56200000,47.68
1749261344,48.51000000,3.03500000,47.68
1749261344,48.55000000,0.25000000,47.68
1749261344,48.57000000,4.35700000,47.68
1749261344,48.58000000,1.20700000,47.68
1749261344,48.60000000,20.39700000,47.68
1749261344,48.61000000,6.03500000,47.68
1749261344,48.63000000,123.37100000,47.68
1749261344,48.65000000,3.03500000,47.68
1749261344,48.66000000,0.53900000,47.68
1749261344,48.67000000,0.38500000,47.68
1749261344,48.68000000,0.25600000,47.68
1749261344,48.80000000,1.66700000,47.68
1749261344,48.87000000,0.10700000,47.68
1749261344,48.90000000,1.17600000,47.68
1749261344,48.93000000,0.25400000,47.68
1749261344,48.99000000,10.17100000,47.68
1749261344,49.00000000,1.75400000,47.68
1749261344,49.01000000,0.71800000,47.68
1749261344,49.03000000,0.35800000,47.68
1749261344,49.17000000,0.25400000,47.68
1749261344,49.18000000,0.25400000,47.68
1749261344,49.20000000,0.48000000,47.68
1749261344,49.23000000,0.36100000,47.68
1749261344,49.24000000,0.11800000,47.68
1749261344,49.25000000,1.33400000,47.68
1749261344,49.31000000,0.81700000,47.68
1749261344,49.32000000,0.20500000,47.68
1749261344,49.33000000,0.53900000,47.68
1749261344,49.35000000,1.16500000,47.68
1749261344,49.39000000,9.44700000,47.68
1749261344,49.40000000,19.51800000,47.68
1749261344,49.41000000,0.39000000,47.68
1749261344,49.42000000,0.25100000,47.68
1749261344,49.44000000,5.19400000,47.68
1749261344,49.45000000,0.25000000,47.68
1749261344,49.48000000,0.10600000,47.68
1749261344,49.49000000,0.12100000,47.68
1749261344,49.50000000,19.87200000,47.68
1749261646,47.62000000,4.50000000,47.61
1749261646,47.63000000,8.29400000,47.61
1749261646,47.64000000,14.61500000,47.61
1749261646,47.65000000,5.37500000,47.61
1749261646,47.66000000,4.50000000,47.61
1749261646,47.67000000,15.21100000,47.61
1749261646,47.68000000,28.43100000,47.61
1749261646,47.70000000,10.74500000,47.61
1749261646,47.71000000,17.65000000,47.61
1749261646,47.72000000,19.51100000,47.61
1749261646,47.73000000,50.39300000,47.61
1749261646,47.74000000,5.88100000,47.61
1749261646,47.75000000,14.61500000,47.61
1749261646,47.76000000,7.53500000,47.61
1749261646,47.77000000,7.35800000,47.61
1749261646,47.78000000,14.61500000,47.61
1749261646,47.79000000,4.50000000,47.61
1749261646,47.80000000,62.39300000,47.61
1749261646,47.81000000,30.46400000,47.61
1749261646,47.82000000,6.59600000,47.61
1749261646,47.83000000,13.54000000,47.61
1749261646,47.84000000,17.65000000,47.61
1749261646,47.85000000,19.08200000,47.61
1749261646,47.86000000,4.50000000,47.61
1749261646,47.87000000,65.00800000,47.61
1749261646,47.88000000,8.05600000,47.61
1749261646,47.89000000,18.24400000,47.61
1749261646,47.90000000,14.61500000,47.61
1749261646,47.91000000,4.50000000,47.61
1749261646,47.92000000,7.53500000,47.61
1749261646,47.93000000,27.43800000,47.61
1749261646,47.94000000,33.61100000,47.61
1749261646,47.95000000,14.50000000,47.61
1749261646,47.96000000,17.65000000,47.61
1749261646,47.97000000,7.59700000,47.61
1749261646,47.98000000,21.84500000,47.61
1749261646,47.99000000,18.82900000,47.61
1749261646,48.00000000,16.32800000,47.61
1749261646,48.01000000,7.64400000,47.61
1749261646,48.02000000,24.83300000,47.61
1749261646,48.05000000,0.00400000,47.61
1749261646,48.06000000,10.11500000,47.61
1749261646,48.07000000,3.03500000,47.61
1749261646,48.10000000,10.11500000,47.61
1749261646,48.11000000,3.03500000,47.61
1749261646,48.12000000,10.32100000,47.61
1749261646,48.13000000,10.11500000,47.61
1749261646,48.15000000,3.03500000,47.61
1749261646,48.16000000,10.11500000,47.61
1749261646,48.18000000,0.25900000,47.61
1749261646,48.19000000,3.29400000,47.61
1749261646,48.21000000,16.05700000,47.61
1749261646,48.22000000,54.13800000,47.61
1749261646,48.23000000,3.14400000,47.61
1749261646,48.24000000,19.16800000,47.61
1749261646,48.27000000,13.45800000,47.61
1749261646,48.31000000,5.63200000,47.61
1749261646,48.32000000,82.94300000,47.61
1749261646,48.35000000,3.03500000,47.61
1749261646,48.37000000,0.66100000,47.61
1749261646,48.39000000,3.03500000,47.61
1749261646,48.40000000,0.35800000,47.61
1749261646,48.43000000,3.03500000,47.61
1749261646,48.44000000,1.44500000,47.61
1749261646,48.47000000,23.32400000,47.61
1749261646,48.50000000,1.56200000,47.61
1749261646,48.51000000,3.03500000,47.61
1749261646,48.55000000,1.59400000,47.61
1749261646,48.56000000,123.55200000,47.61
1749261646,48.57000000,3.03500000,47.61
1749261646,48.58000000,1.20700000,47.61
1749261646,48.60000000,0.10800000,47.61
1749261646,48.61000000,6.03500000,47.61
1749261646,48.65000000,3.03500000,47.61
1749261646,48.66000000,0.53900000,47.61
1749261646,48.67000000,0.38500000,47.61
1749261646,48.68000000,0.25600000,47.61
1749261646,48.80000000,1.66700000,47.61
1749261646,48.86000000,10.17100000,47.61
1749261646,48.87000000,0.10700000,47.61
1749261646,48.90000000,1.17600000,47.61
1749261646,48.93000000,0.25400000,47.61
1749261646,49.00000000,1.75400000,47.61
1749261646,49.01000000,0.71800000,47.61
1749261646,49.03000000,0.35800000,47.61
1749261646,49.17000000,0.25400000,47.61
1749261646,49.18000000,0.25400000,47.61
1749261646,49.20000000,0.48000000,47.61
1749261646,49.23000000,0.36100000,47.61
1749261646,49.24000000,0.11800000,47.61
1749261646,49.25000000,1.33400000,47.61
1749261646,49.31000000,0.81700000,47.61
1749261646,49.32000000,0.20500000,47.61
1749261646,49.33000000,0.53900000,47.61
1749261646,49.35000000,1.16500000,47.61
1749261646,49.39000000,9.44700000,47.61
1749261646,49.40000000,19.51800000,47.61
1749261646,49.41000000,0.39000000,47.61
1749261646,49.42000000,0.25100000,47.61
1749261646,49.44000000,5.19400000,47.61
1749261952,47.52000000,4.50000000,47.51
1749261952,47.53000000,5.44300000,47.51
1749261952,47.55000000,7.53500000,47.51
1749261952,47.56000000,8.87300000,47.51
1749261952,47.57000000,19.77200000,47.51
1749261952,47.58000000,23.10700000,47.51
1749261952,47.59000000,24.11000000,47.51
1749261952,47.60000000,19.62200000,47.51
1749261952,47.61000000,29.41700000,47.51
1749261952,47.62000000,45.32800000,47.51
1749261952,47.63000000,11.92000000,47.51
1749261952,47.64000000,15.97000000,47.51
1749261952,47.66000000,57.80400000,47.51
1749261952,47.67000000,11.90800000,47.51
1749261952,47.68000000,14.61500000,47.51
1749261952,47.69000000,16.18800000,47.51
1749261952,47.70000000,28.24900000,47.51
1749261952,47.71000000,22.11500000,47.51
1749261952,47.72000000,4.50000000,47.51
1749261952,47.73000000,54.63300000,47.51
1749261952,47.74000000,4.50000000,47.51
1749261952,47.75000000,16.72000000,47.51
1749261952,47.76000000,8.05600000,47.51
1749261952,47.77000000,4.50000000,47.51
1749261952,47.78000000,14.61500000,47.51
1749261952,47.79000000,4.50000000,47.51
1749261952,47.80000000,7.53500000,47.51
1749261952,47.81000000,28.35900000,47.51
1749261952,47.83000000,5.69900000,47.51
1749261952,47.84000000,34.99500000,47.51
1749261952,47.85000000,10.10900000,47.51
1749261952,47.86000000,4.50000000,47.51
1749261952,47.87000000,14.61500000,47.51
1749261952,47.88000000,36.10600000,47.51
1749261952,47.89000000,4.50000000,47.51
1749261952,47.90000000,10.11500000,47.51
1749261952,47.92000000,3.03500000,47.51
1749261952,47.93000000,22.93800000,47.51
1749261952,47.94000000,10.47800000,47.51
1749261952,47.96000000,13.15000000,47.51
1749261952,47.97000000,1.90000000,47.51
1749261952,47.99000000,10.11500000,47.51
1749261952,48.00000000,13.28200000,47.51
1749261952,48.01000000,3.14400000,47.51
1749261952,48.02000000,10.11500000,47.51
1749261952,48.04000000,10.07100000,47.51
1749261952,48.06000000,10.11500000,47.51
1749261952,48.07000000,3.03500000,47.51
1749261952,48.08000000,5.94200000,47.51
1749261952,48.10000000,62.20700000,47.51
1749261952,48.11000000,22.20300000,47.51
1749261952,48.12000000,0.25000000,47.51
1749261952,48.13000000,11.18800000,47.51
1749261952,48.15000000,3.03500000,47.51
1749261952,48.18000000,0.25900000,47.51
1749261952,48.19000000,3.29400000,47.51
1749261952,48.21000000,4.21400000,47.51
1749261952,48.23000000,3.14400000,47.51
1749261952,48.27000000,13.45800000,47.51
1749261952,48.31000000,5.63200000,47.51
1749261952,48.32000000,82.94300000,47.51
1749261952,48.34000000,20.28900000,47.51
1749261952,48.35000000,3.03500000,47.51
1749261952,48.37000000,0.66100000,47.51
1749261952,48.39000000,3.03500000,47.51
1749261952,48.40000000,0.35800000,47.51
1749261952,48.43000000,3.03500000,47.51
1749261952,48.44000000,1.44500000,47.51
1749261952,48.45000000,1.32600000,47.51
1749261952,48.46000000,123.81200000,47.51
1749261952,48.47000000,3.03500000,47.51
1749261952,48.50000000,1.56200000,47.51
1749261952,48.51000000,3.03500000,47.51
1749261952,48.55000000,0.25000000,47.51
1749261952,48.57000000,3.03500000,47.51
1749261952,48.58000000,1.20700000,47.51
1749261952,48.60000000,0.10800000,47.51
1749261952,48.61000000,6.03500000,47.51
1749261952,48.66000000,0.53900000,47.51
1749261952,48.67000000,0.38500000,47.51
1749261952,48.68000000,0.25600000,47.51
1749261952,48.80000000,1.66700000,47.51
1749261952,48.86000000,10.17100000,47.51
1749261952,48.87000000,0.10700000,47.51
1749261952,48.90000000,1.17600000,47.51
1749261952,48.93000000,0.25400000,47.51
1749261952,49.00000000,1.75400000,47.51
1749261952,49.01000000,0.71800000,47.51
1749261952,49.03000000,0.35800000,47.51
1749261952,49.08000000,0.61100000,47.51
1749261952,49.17000000,0.25400000,47.51
1749261952,49.18000000,0.25400000,47.51
1749261952,49.20000000,0.48000000,47.51
1749261952,49.23000000,0.36100000,47.51
1749261952,49.24000000,0.11800000,47.51
1749261952,49.25000000,1.33400000,47.51
1749261952,49.26000000,9.44700000,47.51
1749261952,49.27000000,19.19900000,47.51
1749261952,49.31000000,5.65000000,47.51
1749261952,49.32000000,0.20500000,47.51
1749262254,47.58000000,4.99900000,47.57
1749262254,47.59000000,7.53500000,47.57
1749262254,47.60000000,4.50000000,47.57
1749262254,47.61000000,17.44700000,47.57
1749262254,47.62000000,45.65300000,47.57
1749262254,47.63000000,88.24800000,47.57
1749262254,47.64000000,36.65300000,47.57
1749262254,47.65000000,20.60300000,47.57
1749262254,47.66000000,54.89300000,47.57
1749262254,47.67000000,17.64600000,47.57
1749262254,47.68000000,14.61500000,47.57
1749262254,47.70000000,7.35600000,47.57
1749262254,47.71000000,28.16200000,47.57
1749262254,47.72000000,4.50000000,47.57
1749262254,47.73000000,66.58300000,47.57
1749262254,47.74000000,23.58200000,47.57
1749262254,47.75000000,14.61500000,47.57
1749262254,47.76000000,9.64000000,47.57
1749262254,47.77000000,4.50000000,47.57
1749262254,47.78000000,14.61500000,47.57
1749262254,47.79000000,22.36600000,47.57
1749262254,47.80000000,7.53500000,47.57
1749262254,47.81000000,28.35900000,47.57
1749262254,47.82000000,17.32500000,47.57
1749262254,47.83000000,4.50000000,47.57
1749262254,47.84000000,17.65000000,47.57
1749262254,47.85000000,0.10900000,47.57
1749262254,47.86000000,4.50000000,47.57
1749262254,47.87000000,15.81300000,47.57
1749262254,47.88000000,36.05100000,47.57
1749262254,47.90000000,14.61500000,47.57
1749262254,47.91000000,14.50000000,47.57
1749262254,47.92000000,7.53500000,47.57
1749262254,47.93000000,14.61500000,47.57
1749262254,47.94000000,14.97800000,47.57
1749262254,47.96000000,17.65000000,47.57
1749262254,47.97000000,6.40000000,47.57
1749262254,47.99000000,14.61500000,47.57
1749262254,48.00000000,14.48000000,47.57
1749262254,48.01000000,3.14400000,47.57
1749262254,48.02000000,10.11500000,47.57
1749262254,48.04000000,10.07100000,47.57
1749262254,48.06000000,10.11500000,47.57
1749262254,48.07000000,3.03500000,47.57
1749262254,48.08000000,5.94200000,47.57
1749262254,48.09000000,5.41100000,47.57
1749262254,48.10000000,52.09200000,47.57
1749262254,48.11000000,22.20300000,47.57
1749262254,48.12000000,83.19300000,47.57
1749262254,48.15000000,4.08600000,47.57
1749262254,48.18000000,0.25900000,47.57
1749262254,48.19000000,3.29400000,47.57
1749262254,48.23000000,3.14400000,47.57
1749262254,48.27000000,13.45800000,47.57
1749262254,48.31000000,5.63200000,47.57
1749262254,48.34000000,20.28900000,47.57
1749262254,48.35000000,3.03500000,47.57
1749262254,48.37000000,0.66100000,47.57
1749262254,48.39000000,3.03500000,47.57
1749262254,48.40000000,0.35800000,47.57
1749262254,48.43000000,4.38000000,47.57
1749262254,48.44000000,1.44500000,47.57
1749262254,48.47000000,3.03500000,47.57
1749262254,48.50000000,1.56200000,47.57
1749262254,48.51000000,3.03500000,47.57
1749262254,48.52000000,123.65600000,47.57
1749262254,48.55000000,0.25000000,47.57
1749262254,48.57000000,3.03500000,47.57
1749262254,48.58000000,1.20700000,47.57
1749262254,48.60000000,0.10800000,47.57
1749262254,48.61000000,3.00000000,47.57
1749262254,48.66000000,0.53900000,47.57
1749262254,48.67000000,0.38500000,47.57
1749262254,48.68000000,0.25600000,47.57
1749262254,48.72000000,10.17100000,47.57
1749262254,48.80000000,1.66700000,47.57
1749262254,48.87000000,0.10700000,47.57
1749262254,48.90000000,1.17600000,47.57
1749262254,48.93000000,0.25400000,47.57
1749262254,49.00000000,1.75400000,47.57
1749262254,49.01000000,0.71800000,47.57
1749262254,49.03000000,0.35800000,47.57
1749262254,49.14000000,19.19900000,47.57
1749262254,49.17000000,0.25400000,47.57
1749262254,49.18000000,0.25400000,47.57
1749262254,49.20000000,0.48000000,47.57
1749262254,49.23000000,0.36100000,47.57
1749262254,49.24000000,0.11800000,47.57
1749262254,49.25000000,1.33400000,47.57
1749262254,49.26000000,9.44700000,47.57
1749262254,49.31000000,5.65000000,47.57
1749262254,49.32000000,0.20500000,47.57
1749262254,49.33000000,0.53900000,47.57
1749262254,49.35000000,1.16500000,47.57
1749262254,49.40000000,0.31900000,47.57
1749262254,49.41000000,0.39000000,47.57
1749262254,49.42000000,0.25100000,47.57
1749262254,49.44000000,0.36100000,47.57
1749262254,49.45000000,0.25000000,47.57
1749262254,49.48000000,0.10600000,47.57
1749262556,47.61000000,4.50000000,47.6
1749262556,47.62000000,7.09800000,47.6
1749262556,47.63000000,13.62100000,47.6
1749262556,47.64000000,20.28500000,47.6
1749262556,47.65000000,24.35600000,47.6
1749262556,47.66000000,70.25100000,47.6
1749262556,47.67000000,29.05800000,47.6
1749262556,47.68000000,14.61500000,47.6
1749262556,47.70000000,9.79500000,47.6
1749262556,47.71000000,17.65000000,47.6
1749262556,47.72000000,4.50000000,47.6
1749262556,47.73000000,59.13300000,47.6
1749262556,47.74000000,8.80800000,47.6
1749262556,47.75000000,18.98800000,47.6
1749262556,47.76000000,7.53500000,47.6
1749262556,47.77000000,9.16700000,47.6
1749262556,47.78000000,14.61500000,47.6
1749262556,47.79000000,30.15200000,47.6
1749262556,47.80000000,57.92800000,47.6
1749262556,47.81000000,39.74800000,47.6
1749262556,47.82000000,17.32500000,47.6
1749262556,47.83000000,4.50000000,47.6
1749262556,47.84000000,17.65000000,47.6
1749262556,47.85000000,0.63000000,47.6
1749262556,47.86000000,4.50000000,47.6
1749262556,47.87000000,14.61500000,47.6
1749262556,47.88000000,7.53500000,47.6
1749262556,47.90000000,14.61500000,47.6
1749262556,47.91000000,4.50000000,47.6
1749262556,47.92000000,26.07700000,47.6
1749262556,47.93000000,14.61500000,47.6
1749262556,47.94000000,4.76000000,47.6
1749262556,47.95000000,43.27600000,47.6
1749262556,47.96000000,17.65000000,47.6
1749262556,47.97000000,6.40000000,47.6
1749262556,47.98000000,14.71800000,47.6
1749262556,47.99000000,14.61500000,47.6
1749262556,48.00000000,14.48000000,47.6
1749262556,48.01000000,3.14400000,47.6
1749262556,48.02000000,10.11500000,47.6
1749262556,48.06000000,10.11500000,47.6
1749262556,48.07000000,3.03500000,47.6
1749262556,48.08000000,16.01300000,47.6
1749262556,48.09000000,5.41100000,47.6
1749262556,48.11000000,22.20300000,47.6
1749262556,48.12000000,83.19300000,47.6
1749262556,48.15000000,3.03500000,47.6
1749262556,48.18000000,1.33000000,47.6
1749262556,48.19000000,3.29400000,47.6
1749262556,48.22000000,52.17500000,47.6
1749262556,48.23000000,3.14400000,47.6
1749262556,48.27000000,13.45800000,47.6
1749262556,48.31000000,5.63200000,47.6
1749262556,48.34000000,20.28900000,47.6
1749262556,48.35000000,3.03500000,47.6
1749262556,48.37000000,0.66100000,47.6
1749262556,48.39000000,3.03500000,47.6
1749262556,48.40000000,0.35800000,47.6
1749262556,48.43000000,3.03500000,47.6
1749262556,48.44000000,1.44500000,47.6
1749262556,48.47000000,3.03500000,47.6
1749262556,48.50000000,2.88600000,47.6
1749262556,48.51000000,3.03500000,47.6
1749262556,48.55000000,123.82800000,47.6
1749262556,48.57000000,3.03500000,47.6
1749262556,48.58000000,1.20700000,47.6
1749262556,48.60000000,0.10800000,47.6
1749262556,48.61000000,3.00000000,47.6
1749262556,48.66000000,0.53900000,47.6
1749262556,48.67000000,0.38500000,47.6
1749262556,48.68000000,0.25600000,47.6
1749262556,48.80000000,1.66700000,47.6
1749262556,48.85000000,10.17100000,47.6
1749262556,48.87000000,0.10700000,47.6
1749262556,48.90000000,1.17600000,47.6
1749262556,48.93000000,0.25400000,47.6
1749262556,49.00000000,1.75400000,47.6
1749262556,49.01000000,0.71800000,47.6
1749262556,49.03000000,0.35800000,47.6
1749262556,49.17000000,0.25400000,47.6
1749262556,49.18000000,0.25400000,47.6
1749262556,49.20000000,0.48000000,47.6
1749262556,49.23000000,0.36100000,47.6
1749262556,49.24000000,0.11800000,47.6
1749262556,49.25000000,1.33400000,47.6
1749262556,49.26000000,9.44700000,47.6
1749262556,49.28000000,19.19900000,47.6
1749262556,49.31000000,5.65000000,47.6
1749262556,49.32000000,0.20500000,47.6
1749262556,49.33000000,0.53900000,47.6
1749262556,49.35000000,1.16500000,47.6
1749262556,49.40000000,0.31900000,47.6
1749262556,49.41000000,0.39000000,47.6
1749262556,49.42000000,0.25100000,47.6
1749262556,49.44000000,0.36100000,47.6
1749262556,49.45000000,0.25000000,47.6
1749262556,49.48000000,0.10600000,47.6
1749262556,49.49000000,0.12100000,47.6
1749262556,49.50000000,19.87200000,47.6
1749262556,49.52000000,1.30600000,47.6
1749262864,47.53000000,4.50000000,47.53
1749262864,47.54000000,0.94200000,47.53
1749262864,47.55000000,7.53500000,47.53
1749262864,47.56000000,18.46200000,47.53
1749262864,47.57000000,33.01400000,47.53
1749262864,47.58000000,34.02900000,47.53
1749262864,47.59000000,26.27000000,47.53
1749262864,47.60000000,38.13400000,47.53
1749262864,47.61000000,35.99100000,47.53
1749262864,47.62000000,15.52900000,47.53
1749262864,47.63000000,17.45200000,47.53
1749262864,47.64000000,23.58200000,47.53
1749262864,47.65000000,20.21900000,47.53
1749262864,47.66000000,54.89300000,47.53
1749262864,47.67000000,11.90800000,47.53
1749262864,47.68000000,14.61500000,47.53
1749262864,47.69000000,11.49600000,47.53
1749262864,47.70000000,4.50000000,47.53
1749262864,47.71000000,26.78200000,47.53
1749262864,47.72000000,4.50000000,47.53
1749262864,47.73000000,69.15800000,47.53
1749262864,47.74000000,6.60000000,47.53
1749262864,47.75000000,14.61500000,47.53
1749262864,47.76000000,7.53500000,47.53
1749262864,47.77000000,4.50000000,47.53
1749262864,47.78000000,14.61500000,47.53
1749262864,47.79000000,4.50000000,47.53
1749262864,47.80000000,7.53500000,47.53
1749262864,47.81000000,14.61500000,47.53
1749262864,47.82000000,45.83500000,47.53
1749262864,47.83000000,4.50000000,47.53
1749262864,47.84000000,17.65000000,47.53
1749262864,47.85000000,0.10900000,47.53
1749262864,47.86000000,23.04400000,47.53
1749262864,47.87000000,24.61500000,47.53
1749262864,47.88000000,7.53500000,47.53
1749262864,47.89000000,4.50000000,47.53
1749262864,47.90000000,14.61500000,47.53
1749262864,47.91000000,10.21800000,47.53
1749262864,47.92000000,3.03500000,47.53
1749262864,47.93000000,10.11500000,47.53
1749262864,47.94000000,0.26000000,47.53
1749262864,47.96000000,13.15000000,47.53
1749262864,47.97000000,1.90000000,47.53
1749262864,47.99000000,10.11500000,47.53
1749262864,48.00000000,14.48000000,47.53
1749262864,48.01000000,3.14400000,47.53
1749262864,48.02000000,10.11500000,47.53
1749262864,48.06000000,10.11500000,47.53
1749262864,48.07000000,3.03500000,47.53
1749262864,48.08000000,16.01300000,47.53
1749262864,48.09000000,5.41100000,47.53
1749262864,48.10000000,52.44400000,47.53
1749262864,48.11000000,22.20300000,47.53
1749262864,48.12000000,84.26600000,47.53
1749262864,48.15000000,3.03500000,47.53
1749262864,48.18000000,0.25900000,47.53
1749262864,48.19000000,3.29400000,47.53
1749262864,48.23000000,3.14400000,47.53
1749262864,48.27000000,13.45800000,47.53
1749262864,48.31000000,5.63200000,47.53
1749262864,48.35000000,3.03500000,47.53
1749262864,48.37000000,0.66100000,47.53
1749262864,48.39000000,3.03500000,47.53
1749262864,48.40000000,0.35800000,47.53
1749262864,48.43000000,3.03500000,47.53
1749262864,48.44000000,1.44500000,47.53
1749262864,48.46000000,125.13700000,47.53
1749262864,48.47000000,23.32400000,47.53
1749262864,48.50000000,1.56200000,47.53
1749262864,48.51000000,3.03500000,47.53
1749262864,48.55000000,0.25000000,47.53
1749262864,48.57000000,3.03500000,47.53
1749262864,48.58000000,1.20700000,47.53
1749262864,48.60000000,0.10800000,47.53
1749262864,48.61000000,3.00000000,47.53
1749262864,48.66000000,0.53900000,47.53
1749262864,48.67000000,0.38500000,47.53
1749262864,48.68000000,0.25600000,47.53
1749262864,48.72000000,10.17100000,47.53
1749262864,48.80000000,1.66700000,47.53
1749262864,48.87000000,0.10700000,47.53
1749262864,48.90000000,1.17600000,47.53
1749262864,48.93000000,0.25400000,47.53
1749262864,49.00000000,1.75400000,47.53
1749262864,49.01000000,0.71800000,47.53
1749262864,49.03000000,0.35800000,47.53
1749262864,49.17000000,0.25400000,47.53
1749262864,49.18000000,0.25400000,47.53
1749262864,49.20000000,0.48000000,47.53
1749262864,49.23000000,0.36100000,47.53
1749262864,49.24000000,0.11800000,47.53
1749262864,49.25000000,1.33400000,47.53
1749262864,49.26000000,9.44700000,47.53
1749262864,49.28000000,19.19900000,47.53
1749262864,49.31000000,5.65000000,47.53
1749262864,49.32000000,0.20500000,47.53
1749262864,49.33000000,0.53900000,47.53
1749262864,49.35000000,1.16500000,47.53
1749262864,49.40000000,0.31900000,47.53
1749263166,47.50000000,5.43400000,47.49
1749263166,47.51000000,5.96200000,47.49
1749263166,47.52000000,5.43400000,47.49
1749263166,47.53000000,10.11500000,47.49
1749263166,47.54000000,4.50000000,47.49
1749263166,47.55000000,7.53500000,47.49
1749263166,47.56000000,19.71800000,47.49
1749263166,47.57000000,57.20200000,47.49
1749263166,47.58000000,68.93000000,47.49
1749263166,47.59000000,109.03000000,47.49
1749263166,47.60000000,7.39300000,47.49
1749263166,47.61000000,7.09800000,47.49
1749263166,47.62000000,15.52900000,47.49
1749263166,47.63000000,8.89100000,47.49
1749263166,47.64000000,23.58200000,47.49
1749263166,47.65000000,35.07500000,47.49
1749263166,47.66000000,54.89300000,47.49
1749263166,47.67000000,11.90800000,47.49
1749263166,47.68000000,14.61500000,47.49
1749263166,47.69000000,4.50000000,47.49
1749263166,47.70000000,7.12100000,47.49
1749263166,47.71000000,22.11500000,47.49
1749263166,47.72000000,4.50000000,47.49
1749263166,47.73000000,18.24400000,47.49
1749263166,47.74000000,4.50000000,47.49
1749263166,47.75000000,14.61500000,47.49
1749263166,47.76000000,7.53500000,47.49
1749263166,47.77000000,4.50000000,47.49
1749263166,47.78000000,15.81600000,47.49
1749263166,47.79000000,4.50000000,47.49
1749263166,47.80000000,7.53500000,47.49
1749263166,47.81000000,10.11500000,47.49
1749263166,47.82000000,41.33500000,47.49
1749263166,47.83000000,10.00000000,47.49
1749263166,47.84000000,13.15000000,47.49
1749263166,47.85000000,0.10900000,47.49
1749263166,47.87000000,10.11500000,47.49
1749263166,47.88000000,20.38000000,47.49
1749263166,47.90000000,10.11500000,47.49
1749263166,47.91000000,10.21800000,47.49
1749263166,47.92000000,3.03500000,47.49
1749263166,47.93000000,10.11500000,47.49
1749263166,47.94000000,0.26000000,47.49
1749263166,47.96000000,13.15000000,47.49
1749263166,47.97000000,1.90000000,47.49
1749263166,47.99000000,10.11500000,47.49
1749263166,48.00000000,14.48000000,47.49
1749263166,48.01000000,3.14400000,47.49
1749263166,48.02000000,10.11500000,47.49
1749263166,48.04000000,10.07100000,47.49
1749263166,48.06000000,10.11500000,47.49
1749263166,48.07000000,4.10900000,47.49
1749263166,48.08000000,5.94200000,47.49
1749263166,48.09000000,5.41100000,47.49
1749263166,48.10000000,52.44400000,47.49
1749263166,48.11000000,22.20300000,47.49
1749263166,48.12000000,83.19300000,47.49
1749263166,48.15000000,3.03500000,47.49
1749263166,48.18000000,0.25900000,47.49
1749263166,48.19000000,3.29400000,47.49
1749263166,48.23000000,3.14400000,47.49
1749263166,48.27000000,13.45800000,47.49
1749263166,48.31000000,5.63200000,47.49
1749263166,48.35000000,3.03500000,47.49
1749263166,48.37000000,0.66100000,47.49
1749263166,48.38000000,1.32700000,47.49
1749263166,48.39000000,3.03500000,47.49
1749263166,48.40000000,0.35800000,47.49
1749263166,48.43000000,126.90000000,47.49
1749263166,48.44000000,1.44500000,47.49
1749263166,48.47000000,23.32400000,47.49
1749263166,48.50000000,1.56200000,47.49
1749263166,48.51000000,3.03500000,47.49
1749263166,48.55000000,0.25000000,47.49
1749263166,48.58000000,1.20700000,47.49
1749263166,48.60000000,0.10800000,47.49
1749263166,48.61000000,3.00000000,47.49
1749263166,48.66000000,0.53900000,47.49
1749263166,48.67000000,0.38500000,47.49
1749263166,48.68000000,0.25600000,47.49
1749263166,48.72000000,10.17100000,47.49
1749263166,48.80000000,1.66700000,47.49
1749263166,48.87000000,0.10700000,47.49
1749263166,48.90000000,1.17600000,47.49
1749263166,48.93000000,0.25400000,47.49
1749263166,49.00000000,1.75400000,47.49
1749263166,49.01000000,0.71800000,47.49
1749263166,49.03000000,0.35800000,47.49
1749263166,49.15000000,19.19900000,47.49
1749263166,49.17000000,0.25400000,47.49
1749263166,49.18000000,0.25400000,47.49
1749263166,49.20000000,0.48000000,47.49
1749263166,49.23000000,0.36100000,47.49
1749263166,49.24000000,0.11800000,47.49
1749263166,49.25000000,1.33400000,47.49
1749263166,49.26000000,9.44700000,47.49
1749263166,49.31000000,5.65000000,47.49
1749263166,49.32000000,0.20500000,47.49
1749263166,49.33000000,0.53900000,47.49
1749263166,49.35000000,1.16500000,47.49
1749263473,47.42000000,4.50000000,47.45
1749263473,47.43000000,4.79600000,47.45
1749263473,47.44000000,4.50000000,47.45
1749263473,47.45000000,8.88500000,47.45
1749263473,47.46000000,21.23000000,47.45
1749263473,47.47000000,28.94200000,47.45
1749263473,47.48000000,8.84700000,47.45
1749263473,47.49000000,14.61500000,47.45
1749263473,47.50000000,15.01500000,47.45
1749263473,47.51000000,41.77000000,47.45
1749263473,47.52000000,70.41000000,47.45
1749263473,47.53000000,73.35700000,47.45
1749263473,47.54000000,50.44700000,47.45
1749263473,47.55000000,7.53500000,47.45
1749263473,47.56000000,16.89400000,47.45
1749263473,47.57000000,4.50000000,47.45
1749263473,47.58000000,23.58200000,47.45
1749263473,47.59000000,79.53400000,47.45
1749263473,47.60000000,4.50000000,47.45
1749263473,47.61000000,7.09800000,47.45
1749263473,47.62000000,15.52900000,47.45
1749263473,47.63000000,7.53500000,47.45
1749263473,47.64000000,4.50000000,47.45
1749263473,47.65000000,37.26600000,47.45
1749263473,47.66000000,56.99300000,47.45
1749263473,47.67000000,11.90800000,47.45
1749263473,47.68000000,14.61500000,47.45
1749263473,47.70000000,4.50000000,47.45
1749263473,47.71000000,22.11500000,47.45
1749263473,47.74000000,4.50000000,47.45
1749263473,47.75000000,27.98100000,47.45
1749263473,47.76000000,32.20300000,47.45
1749263473,47.77000000,10.00000000,47.45
1749263473,47.78000000,10.11500000,47.45
1749263473,47.79000000,1.20100000,47.45
1749263473,47.80000000,3.03500000,47.45
1749263473,47.81000000,10.11500000,47.45
1749263473,47.82000000,12.82500000,47.45
1749263473,47.84000000,13.15000000,47.45
1749263473,47.85000000,0.10900000,47.45
1749263473,47.87000000,20.33300000,47.45
1749263473,47.88000000,3.03500000,47.45
1749263473,47.90000000,10.11500000,47.45
1749263473,47.92000000,3.03500000,47.45
1749263473,47.93000000,10.11500000,47.45
1749263473,47.94000000,0.26000000,47.45
1749263473,47.96000000,13.15000000,47.45
1749263473,47.97000000,1.90000000,47.45
1749263473,47.99000000,10.11500000,47.45
1749263473,48.00000000,24.55100000,47.45
1749263473,48.01000000,3.14400000,47.45
1749263473,48.02000000,10.11500000,47.45
1749263473,48.07000000,4.11000000,47.45
1749263473,48.08000000,5.94200000,47.45
1749263473,48.09000000,5.41100000,47.45
1749263473,48.10000000,52.44400000,47.45
1749263473,48.11000000,22.20300000,47.45
1749263473,48.12000000,83.19300000,47.45
1749263473,48.15000000,3.03500000,47.45
1749263473,48.18000000,0.25900000,47.45
1749263473,48.19000000,3.29400000,47.45
1749263473,48.23000000,3.14400000,47.45
1749263473,48.27000000,13.45800000,47.45
1749263473,48.31000000,5.63200000,47.45
1749263473,48.34000000,20.28900000,47.45
1749263473,48.35000000,4.36200000,47.45
1749263473,48.37000000,0.66100000,47.45
1749263473,48.39000000,127.00400000,47.45
1749263473,48.40000000,0.35800000,47.45
1749263473,48.43000000,3.03500000,47.45
1749263473,48.44000000,1.44500000,47.45
1749263473,48.47000000,3.03500000,47.45
1749263473,48.50000000,1.56200000,47.45
1749263473,48.55000000,0.25000000,47.45
1749263473,48.58000000,1.20700000,47.45
1749263473,48.60000000,0.10800000,47.45
1749263473,48.61000000,3.00000000,47.45
1749263473,48.66000000,0.53900000,47.45
1749263473,48.67000000,0.38500000,47.45
1749263473,48.68000000,0.25600000,47.45
1749263473,48.72000000,10.17100000,47.45
1749263473,48.80000000,1.66700000,47.45
1749263473,48.87000000,0.10700000,47.45
1749263473,48.90000000,1.17600000,47.45
1749263473,48.93000000,0.25400000,47.45
1749263473,49.00000000,1.75400000,47.45
1749263473,49.01000000,0.71800000,47.45
1749263473,49.03000000,0.35800000,47.45
1749263473,49.15000000,19.19900000,47.45
1749263473,49.17000000,0.25400000,47.45
1749263473,49.18000000,0.25400000,47.45
1749263473,49.20000000,0.48000000,47.45
1749263473,49.23000000,0.36100000,47.45
1749263473,49.24000000,0.11800000,47.45
1749263473,49.25000000,1.33400000,47.45
1749263473,49.26000000,9.44700000,47.45
1749263473,49.31000000,5.65000000,47.45
1749263473,49.32000000,0.20500000,47.45
1749263473,49.33000000,0.53900000,47.45
1749263473,49.35000000,1.16500000,47.45
1749263774,47.54000000,4.73100000,47.53
1749263774,47.55000000,4.50000000,47.53
1749263774,47.56000000,4.50000000,47.53
1749263774,47.57000000,15.86800000,47.53
1749263774,47.58000000,34.37100000,47.53
1749263774,47.59000000,28.21500000,47.53
1749263774,47.60000000,47.19800000,47.53
1749263774,47.61000000,16.28200000,47.53
1749263774,47.62000000,46.29900000,47.53
1749263774,47.63000000,27.76700000,47.53
1749263774,47.64000000,11.55700000,47.53
1749263774,47.65000000,23.52200000,47.53
1749263774,47.66000000,54.89300000,47.53
1749263774,47.67000000,11.90800000,47.53
1749263774,47.68000000,37.97700000,47.53
1749263774,47.70000000,4.50000000,47.53
1749263774,47.71000000,22.11500000,47.53
1749263774,47.72000000,19.43100000,47.53
1749263774,47.73000000,66.53200000,47.53
1749263774,47.74000000,18.24400000,47.53
1749263774,47.75000000,14.61500000,47.53
1749263774,47.76000000,7.53500000,47.53
1749263774,47.77000000,4.50000000,47.53
1749263774,47.78000000,14.61500000,47.53
1749263774,47.80000000,8.73600000,47.53
1749263774,47.81000000,10.11500000,47.53
1749263774,47.82000000,4.50000000,47.53
1749263774,47.83000000,32.89600000,47.53
1749263774,47.84000000,17.65000000,47.53
1749263774,47.85000000,0.63000000,47.53
1749263774,47.87000000,20.33300000,47.53
1749263774,47.88000000,3.03500000,47.53
1749263774,47.89000000,10.00000000,47.53
1749263774,47.90000000,10.11500000,47.53
1749263774,47.92000000,3.03500000,47.53
1749263774,47.93000000,27.46000000,47.53
1749263774,47.94000000,0.26000000,47.53
1749263774,47.96000000,13.15000000,47.53
1749263774,47.97000000,1.90000000,47.53
1749263774,47.99000000,10.11500000,47.53
1749263774,48.00000000,24.55100000,47.53
1749263774,48.01000000,3.14400000,47.53
1749263774,48.02000000,10.11500000,47.53
1749263774,48.07000000,4.10900000,47.53
1749263774,48.08000000,5.94200000,47.53
1749263774,48.09000000,5.41100000,47.53
1749263774,48.10000000,52.44400000,47.53
1749263774,48.11000000,22.20300000,47.53
1749263774,48.12000000,83.19300000,47.53
1749263774,48.15000000,3.03500000,47.53
1749263774,48.18000000,0.25900000,47.53
1749263774,48.19000000,3.29400000,47.53
1749263774,48.23000000,3.14400000,47.53
1749263774,48.27000000,13.45800000,47.53
1749263774,48.31000000,5.63200000,47.53
1749263774,48.34000000,20.28900000,47.53
1749263774,48.35000000,3.03500000,47.53
1749263774,48.37000000,0.66100000,47.53
1749263774,48.39000000,4.36200000,47.53
1749263774,48.40000000,0.35800000,47.53
1749263774,48.43000000,3.03500000,47.53
1749263774,48.44000000,1.44500000,47.53
1749263774,48.47000000,3.03500000,47.53
1749263774,48.48000000,123.76000000,47.53
1749263774,48.50000000,1.56200000,47.53
1749263774,48.55000000,0.25000000,47.53
1749263774,48.58000000,1.20700000,47.53
1749263774,48.60000000,0.10800000,47.53
1749263774,48.61000000,3.00000000,47.53
1749263774,48.66000000,0.53900000,47.53
1749263774,48.67000000,0.38500000,47.53
1749263774,48.68000000,0.25600000,47.53
1749263774,48.72000000,10.17100000,47.53
1749263774,48.80000000,1.66700000,47.53
1749263774,48.87000000,0.10700000,47.53
1749263774,48.90000000,1.17600000,47.53
1749263774,48.93000000,0.25400000,47.53
1749263774,48.95000000,0.61200000,47.53
1749263774,49.00000000,1.75400000,47.53
1749263774,49.01000000,0.71800000,47.53
1749263774,49.03000000,0.35800000,47.53
1749263774,49.15000000,19.19900000,47.53
1749263774,49.17000000,0.25400000,47.53
1749263774,49.18000000,0.25400000,47.53
1749263774,49.20000000,0.48000000,47.53
1749263774,49.23000000,0.36100000,47.53
1749263774,49.24000000,0.11800000,47.53
1749263774,49.25000000,1.33400000,47.53
1749263774,49.26000000,9.44700000,47.53
1749263774,49.31000000,5.65000000,47.53
1749263774,49.32000000,0.20500000,47.53
1749263774,49.33000000,0.53900000,47.53
1749263774,49.35000000,1.16500000,47.53
1749263774,49.40000000,0.31900000,47.53
1749263774,49.41000000,0.39000000,47.53
1749263774,49.42000000,0.25100000,47.53
1749263774,49.44000000,0.36100000,47.53
1749263774,49.45000000,0.25000000,47.53
1749263774,49.48000000,0.10600000,47.53
1749263774,49.50000000,19.87200000,47.53
1749264076,47.59000000,4.71100000,47.58
1749264076,47.60000000,0.86400000,47.58
1749264076,47.61000000,11.42500000,47.58
1749264076,47.62000000,14.42300000,47.58
1749264076,47.63000000,15.36700000,47.58
1749264076,47.64000000,35.74900000,47.58
1749264076,47.65000000,41.25000000,47.58
1749264076,47.66000000,24.26200000,47.58
1749264076,47.67000000,16.38200000,47.58
1749264076,47.68000000,14.61500000,47.58
1749264076,47.70000000,11.19500000,47.58
1749264076,47.71000000,22.31700000,47.58
1749264076,47.72000000,5.88200000,47.58
1749264076,47.73000000,61.98000000,47.58
1749264076,47.74000000,4.50000000,47.58
1749264076,47.75000000,16.72100000,47.58
1749264076,47.76000000,7.53500000,47.58
1749264076,47.77000000,15.97000000,47.58
1749264076,47.78000000,14.61500000,47.58
1749264076,47.79000000,28.04700000,47.58
1749264076,47.80000000,57.92800000,47.58
1749264076,47.81000000,14.61500000,47.58
1749264076,47.82000000,18.24400000,47.58
1749264076,47.83000000,4.50000000,47.58
1749264076,47.84000000,30.47500000,47.58
1749264076,47.85000000,0.63000000,47.58
1749264076,47.86000000,4.50000000,47.58
1749264076,47.87000000,14.61500000,47.58
1749264076,47.88000000,7.53500000,47.58
1749264076,47.90000000,10.11500000,47.58
1749264076,47.91000000,10.21800000,47.58
1749264076,47.92000000,3.03500000,47.58
1749264076,47.93000000,37.46000000,47.58
1749264076,47.94000000,0.26000000,47.58
1749264076,47.95000000,30.06000000,47.58
1749264076,47.96000000,13.15000000,47.58
1749264076,47.97000000,1.90000000,47.58
1749264076,47.99000000,10.11500000,47.58
1749264076,48.00000000,14.48000000,47.58
1749264076,48.01000000,3.14400000,47.58
1749264076,48.02000000,10.11500000,47.58
1749264076,48.05000000,10.07100000,47.58
1749264076,48.07000000,3.03500000,47.58
1749264076,48.08000000,5.94200000,47.58
1749264076,48.09000000,5.41100000,47.58
1749264076,48.11000000,22.20300000,47.58
1749264076,48.12000000,83.19300000,47.58
1749264076,48.15000000,3.03500000,47.58
1749264076,48.18000000,0.25900000,47.58
1749264076,48.19000000,3.29400000,47.58
1749264076,48.22000000,53.19300000,47.58
1749264076,48.23000000,3.14400000,47.58
1749264076,48.27000000,13.45800000,47.58
1749264076,48.31000000,5.63200000,47.58
1749264076,48.34000000,20.28900000,47.58
1749264076,48.35000000,3.03500000,47.58
1749264076,48.37000000,0.66100000,47.58
1749264076,48.39000000,3.03500000,47.58
1749264076,48.40000000,0.35800000,47.58
1749264076,48.43000000,3.03500000,47.58
1749264076,48.44000000,1.44500000,47.58
1749264076,48.47000000,3.03500000,47.58
1749264076,48.50000000,2.88500000,47.58
1749264076,48.53000000,123.63000000,47.58
1749264076,48.55000000,0.25000000,47.58
1749264076,48.58000000,1.20700000,47.58
1749264076,48.60000000,0.10800000,47.58
1749264076,48.61000000,3.00000000,47.58
1749264076,48.66000000,0.53900000,47.58
1749264076,48.67000000,0.38500000,47.58
1749264076,48.68000000,0.25600000,47.58
1749264076,48.80000000,1.66700000,47.58
1749264076,48.85000000,10.17100000,47.58
1749264076,48.87000000,0.10700000,47.58
1749264076,48.90000000,1.17600000,47.58
1749264076,48.93000000,0.25400000,47.58
1749264076,49.00000000,1.75400000,47.58
1749264076,49.01000000,0.71800000,47.58
1749264076,49.03000000,0.35800000,47.58
1749264076,49.17000000,0.25400000,47.58
1749264076,49.18000000,0.25400000,47.58
1749264076,49.20000000,0.48000000,47.58
1749264076,49.23000000,0.36100000,47.58
1749264076,49.24000000,0.11800000,47.58
1749264076,49.25000000,1.33400000,47.58
1749264076,49.26000000,9.44700000,47.58
1749264076,49.29000000,19.19900000,47.58
1749264076,49.31000000,5.65000000,47.58
1749264076,49.32000000,0.20500000,47.58
1749264076,49.33000000,0.53900000,47.58
1749264076,49.35000000,1.16500000,47.58
1749264076,49.40000000,0.31900000,47.58
1749264076,49.41000000,0.39000000,47.58
1749264076,49.42000000,0.25100000,47.58
1749264076,49.44000000,0.36100000,47.58
1749264076,49.45000000,0.25000000,47.58
1749264076,49.48000000,0.10600000,47.58
1749264076,49.50000000,19.87200000,47.58
1749264076,49.52000000,1.30600000,47.58
1749264076,49.54000000,0.18200000,47.58
1749264377,47.69000000,4.50000000,47.67
1749264377,47.70000000,8.95700000,47.67
1749264377,47.71000000,16.72700000,47.67
1749264377,47.72000000,33.46900000,47.67
1749264377,47.73000000,29.06000000,47.67
1749264377,47.74000000,20.71100000,47.67
1749264377,47.75000000,58.21000000,47.67
1749264377,47.76000000,7.53500000,47.67
1749264377,47.77000000,8.88500000,47.67
1749264377,47.78000000,14.61500000,47.67
1749264377,47.79000000,24.46300000,47.67
1749264377,47.80000000,60.78000000,47.67
1749264377,47.81000000,14.61500000,47.67
1749264377,47.82000000,1.40800000,47.67
1749264377,47.83000000,4.50000000,47.67
1749264377,47.84000000,32.58100000,47.67
1749264377,47.85000000,11.61000000,47.67
1749264377,47.86000000,4.50000000,47.67
1749264377,47.87000000,14.61500000,47.67
1749264377,47.88000000,7.53500000,47.67
1749264377,47.89000000,4.50000000,47.67
1749264377,47.90000000,28.35900000,47.67
1749264377,47.91000000,4.50000000,47.67
1749264377,47.92000000,26.61700000,47.67
1749264377,47.93000000,31.96000000,47.67
1749264377,47.94000000,0.26000000,47.67
1749264377,47.95000000,39.60200000,47.67
1749264377,47.96000000,17.65000000,47.67
1749264377,47.97000000,7.59600000,47.67
1749264377,47.99000000,14.61500000,47.67
1749264377,48.00000000,18.98000000,47.67
1749264377,48.01000000,7.64400000,47.67
1749264377,48.02000000,10.11500000,47.67
1749264377,48.03000000,10.00000000,47.67
1749264377,48.07000000,3.03500000,47.67
1749264377,48.08000000,5.94200000,47.67
1749264377,48.11000000,22.20300000,47.67
1749264377,48.12000000,0.25000000,47.67
1749264377,48.15000000,3.03500000,47.67
1749264377,48.17000000,10.07100000,47.67
1749264377,48.18000000,0.25900000,47.67
1749264377,48.19000000,3.29400000,47.67
1749264377,48.21000000,5.41000000,47.67
1749264377,48.22000000,53.21300000,47.67
1749264377,48.23000000,3.14400000,47.67
1749264377,48.27000000,96.40100000,47.67
1749264377,48.31000000,5.63200000,47.67
1749264377,48.34000000,20.28900000,47.67
1749264377,48.35000000,3.03500000,47.67
1749264377,48.37000000,0.66100000,47.67
1749264377,48.39000000,3.03500000,47.67
1749264377,48.40000000,0.35800000,47.67
1749264377,48.43000000,3.03500000,47.67
1749264377,48.44000000,1.44500000,47.67
1749264377,48.47000000,3.03500000,47.67
1749264377,48.50000000,1.56200000,47.67
1749264377,48.55000000,0.25000000,47.67
1749264377,48.58000000,2.52900000,47.67
1749264377,48.60000000,0.10800000,47.67
1749264377,48.61000000,3.00000000,47.67
1749264377,48.62000000,123.39700000,47.67
1749264377,48.66000000,0.53900000,47.67
1749264377,48.67000000,0.38500000,47.67
1749264377,48.68000000,0.25600000,47.67
1749264377,48.80000000,1.66700000,47.67
1749264377,48.85000000,10.17100000,47.67
1749264377,48.87000000,0.10700000,47.67
1749264377,48.90000000,1.17600000,47.67
1749264377,48.93000000,0.25400000,47.67
1749264377,49.00000000,1.75400000,47.67
1749264377,49.01000000,0.71800000,47.67
1749264377,49.03000000,0.35800000,47.67
1749264377,49.17000000,0.25400000,47.67
1749264377,49.18000000,0.25400000,47.67
1749264377,49.20000000,0.48000000,47.67
1749264377,49.23000000,0.97000000,47.67
1749264377,49.24000000,0.11800000,47.67
1749264377,49.25000000,1.33400000,47.67
1749264377,49.26000000,9.44700000,47.67
1749264377,49.29000000,19.19900000,47.67
1749264377,49.31000000,5.65000000,47.67
1749264377,49.32000000,0.20500000,47.67
1749264377,49.33000000,0.53900000,47.67
1749264377,49.35000000,1.16500000,47.67
1749264377,49.40000000,0.31900000,47.67
1749264377,49.41000000,0.39000000,47.67
1749264377,49.42000000,0.25100000,47.67
1749264377,49.44000000,0.36100000,47.67
1749264377,49.45000000,0.25000000,47.67
1749264377,49.48000000,0.10600000,47.67
1749264377,49.50000000,19.87200000,47.67
1749264377,49.52000000,1.30600000,47.67
1749264377,49.54000000,0.18200000,47.67
1749264377,49.60000000,20.48000000,47.67
1749264377,49.64000000,0.42800000,47.67
1749264377,49.66000000,0.61300000,47.67
1749264377,49.67000000,0.35800000,47.67
1749264377,49.68000000,0.25100000,47.67
1749264377,49.76000000,47.75000000,47.67
1749264377,49.80000000,0.10500000,47.67
1749264679,47.75000000,4.50000000,47.74
1749264679,47.76000000,8.93500000,47.74
1749264679,47.77000000,25.06900000,47.74
1749264679,47.78000000,24.31400000,47.74
1749264679,47.79000000,27.88900000,47.74
1749264679,47.80000000,40.13700000,47.74
1749264679,47.81000000,40.00400000,47.74
1749264679,47.82000000,4.50000000,47.74
1749264679,47.83000000,15.40600000,47.74
1749264679,47.84000000,30.47500000,47.74
1749264679,47.85000000,4.60900000,47.74
1749264679,47.86000000,24.52300000,47.74
1749264679,47.87000000,72.34000000,47.74
1749264679,47.88000000,9.63000000,47.74
1749264679,47.89000000,25.00900000,47.74
1749264679,47.90000000,14.61500000,47.74
1749264679,47.91000000,4.50000000,47.74
1749264679,47.92000000,7.53500000,47.74
1749264679,47.93000000,26.30800000,47.74
1749264679,47.94000000,50.65300000,47.74
1749264679,47.95000000,4.50000000,47.74
1749264679,47.96000000,17.65000000,47.74
1749264679,47.97000000,6.40000000,47.74
1749264679,47.98000000,18.24400000,47.74
1749264679,47.99000000,14.61500000,47.74
1749264679,48.00000000,18.98000000,47.74
1749264679,48.01000000,7.64400000,47.74
1749264679,48.02000000,24.83300000,47.74
1749264679,48.05000000,15.13600000,47.74
1749264679,48.06000000,21.84500000,47.74
1749264679,48.07000000,7.53500000,47.74
1749264679,48.08000000,39.34700000,47.74
1749264679,48.11000000,33.39700000,47.74
1749264679,48.12000000,0.25000000,47.74
1749264679,48.14000000,10.11500000,47.74
1749264679,48.15000000,3.03500000,47.74
1749264679,48.18000000,10.33000000,47.74
1749264679,48.19000000,3.29400000,47.74
1749264679,48.20000000,5.94200000,47.74
1749264679,48.23000000,3.14400000,47.74
1749264679,48.26000000,5.41100000,47.74
1749264679,48.27000000,96.40100000,47.74
1749264679,48.31000000,5.63200000,47.74
1749264679,48.34000000,73.87800000,47.74
1749264679,48.35000000,3.03500000,47.74
1749264679,48.37000000,1.72900000,47.74
1749264679,48.39000000,3.03500000,47.74
1749264679,48.40000000,0.35800000,47.74
1749264679,48.43000000,3.03500000,47.74
1749264679,48.44000000,1.44500000,47.74
1749264679,48.47000000,3.03500000,47.74
1749264679,48.50000000,1.56200000,47.74
1749264679,48.55000000,0.25000000,47.74
1749264679,48.58000000,1.08300000,47.74
1749264679,48.60000000,0.10800000,47.74
1749264679,48.61000000,3.00000000,47.74
1749264679,48.65000000,1.34100000,47.74
1749264679,48.66000000,0.53900000,47.74
1749264679,48.67000000,0.38500000,47.74
1749264679,48.68000000,0.25600000,47.74
1749264679,48.69000000,123.21600000,47.74
1749264679,48.80000000,1.66700000,47.74
1749264679,48.85000000,10.17100000,47.74
1749264679,48.87000000,0.10700000,47.74
1749264679,48.90000000,1.17600000,47.74
1749264679,48.93000000,0.25400000,47.74
1749264679,49.00000000,1.75400000,47.74
1749264679,49.01000000,0.71800000,47.74
1749264679,49.03000000,0.35800000,47.74
1749264679,49.17000000,0.25400000,47.74
1749264679,49.18000000,0.25400000,47.74
1749264679,49.20000000,0.48000000,47.74
1749264679,49.23000000,0.97000000,47.74
1749264679,49.24000000,0.11800000,47.74
1749264679,49.25000000,1.33400000,47.74
1749264679,49.29000000,19.19900000,47.74
1749264679,49.31000000,0.81700000,47.74
1749264679,49.32000000,0.20500000,47.74
1749264679,49.33000000,0.53900000,47.74
1749264679,49.35000000,1.16500000,47.74
1749264679,49.39000000,9.44700000,47.74
1749264679,49.40000000,0.31900000,47.74
1749264679,49.41000000,0.39000000,47.74
1749264679,49.42000000,0.25100000,47.74
1749264679,49.44000000,5.19400000,47.74
1749264679,49.45000000,0.25000000,47.74
1749264679,49.48000000,0.10600000,47.74
1749264679,49.50000000,19.87200000,47.74
1749264679,49.52000000,1.30600000,47.74
1749264679,49.60000000,20.48000000,47.74
1749264679,49.64000000,0.42800000,47.74
1749264679,49.66000000,0.61300000,47.74
1749264679,49.67000000,0.35800000,47.74
1749264679,49.68000000,0.25100000,47.74
1749264679,49.76000000,47.75000000,47.74
1749264679,49.80000000,0.10500000,47.74
1749264679,49.82000000,1.15300000,47.74
1749264679,49.88000000,0.36100000,47.74
1749264679,49.90000000,0.10500000,47.74
1749264679,49.91000000,0.25000000,47.74
1749264980,47.87000000,4.50000000,47.94
1749264980,47.88000000,8.72900000,47.94
1749264980,47.89000000,26.11000000,47.94
1749264980,47.90000000,11.45900000,47.94
1749264980,47.91000000,27.84800000,47.94
1749264980,47.92000000,23.37800000,47.94
1749264980,47.93000000,26.23000000,47.94
1749264980,47.94000000,4.63000000,47.94
1749264980,47.95000000,8.88500000,47.94
1749264980,47.96000000,14.61500000,47.94
1749264980,47.97000000,9.43500000,47.94
1749264980,47.98000000,9.51300000,47.94
1749264980,47.99000000,20.30900000,47.94
1749264980,48.00000000,22.52700000,47.94
1749264980,48.01000000,10.55700000,47.94
1749264980,48.02000000,65.00800000,47.94
1749264980,48.03000000,8.96500000,47.94
1749264980,48.04000000,4.50000000,47.94
1749264980,48.05000000,14.61500000,47.94
1749264980,48.06000000,35.23600000,47.94
1749264980,48.07000000,7.53500000,47.94
1749264980,48.08000000,14.61500000,47.94
1749264980,48.09000000,67.67300000,47.94
1749264980,48.10000000,4.50000000,47.94
1749264980,48.11000000,7.53500000,47.94
1749264980,48.12000000,4.75000000,47.94
1749264980,48.13000000,4.50000000,47.94
1749264980,48.14000000,14.61500000,47.94
1749264980,48.15000000,17.75300000,47.94
1749264980,48.17000000,28.35900000,47.94
1749264980,48.18000000,0.25900000,47.94
1749264980,48.19000000,3.29400000,47.94
1749264980,48.20000000,45.77200000,47.94
1749264980,48.22000000,10.00000000,47.94
1749264980,48.23000000,30.60400000,47.94
1749264980,48.24000000,19.16800000,47.94
1749264980,48.26000000,16.86500000,47.94
1749264980,48.27000000,13.45800000,47.94
1749264980,48.28000000,10.07100000,47.94
1749264980,48.31000000,5.63200000,47.94
1749264980,48.32000000,10.11500000,47.94
1749264980,48.35000000,3.03500000,47.94
1749264980,48.37000000,0.66100000,47.94
1749264980,48.38000000,10.11500000,47.94
1749264980,48.39000000,3.03500000,47.94
1749264980,48.40000000,0.35800000,47.94
1749264980,48.43000000,3.03500000,47.94
1749264980,48.44000000,11.56000000,47.94
1749264980,48.46000000,53.36300000,47.94
1749264980,48.47000000,23.32400000,47.94
1749264980,48.50000000,1.56200000,47.94
1749264980,48.55000000,1.33500000,47.94
1749264980,48.57000000,82.94300000,47.94
1749264980,48.58000000,1.08300000,47.94
1749264980,48.60000000,0.10800000,47.94
1749264980,48.61000000,3.00000000,47.94
1749264980,48.66000000,0.53900000,47.94
1749264980,48.67000000,0.38500000,47.94
1749264980,48.68000000,0.25600000,47.94
1749264980,48.80000000,1.66700000,47.94
1749264980,48.87000000,1.44300000,47.94
1749264980,48.89000000,122.70200000,47.94
1749264980,48.90000000,1.17600000,47.94
1749264980,48.93000000,0.25400000,47.94
1749264980,49.00000000,1.75400000,47.94
1749264980,49.01000000,0.71800000,47.94
1749264980,49.03000000,0.35800000,47.94
1749264980,49.12000000,10.17100000,47.94
1749264980,49.17000000,0.25400000,47.94
1749264980,49.18000000,0.25400000,47.94
1749264980,49.20000000,0.48000000,47.94
1749264980,49.23000000,0.36100000,47.94
1749264980,49.24000000,0.11800000,47.94
1749264980,49.25000000,1.33400000,47.94
1749264980,49.31000000,0.81700000,47.94
1749264980,49.32000000,0.20500000,47.94
1749264980,49.33000000,0.53900000,47.94
1749264980,49.35000000,1.16500000,47.94
1749264980,49.40000000,0.31900000,47.94
1749264980,49.41000000,0.39000000,47.94
1749264980,49.42000000,0.25100000,47.94
1749264980,49.44000000,0.36100000,47.94
1749264980,49.45000000,0.25000000,47.94
1749264980,49.48000000,0.10600000,47.94
1749264980,49.50000000,19.87200000,47.94
1749264980,49.52000000,11.35800000,47.94
1749264980,49.56000000,19.19900000,47.94
1749264980,49.58000000,4.83300000,47.94
1749264980,49.60000000,20.48000000,47.94
1749264980,49.64000000,0.42800000,47.94
1749264980,49.66000000,0.61300000,47.94
1749264980,49.67000000,0.35800000,47.94
1749264980,49.68000000,0.25100000,47.94
1749264980,49.76000000,47.75000000,47.94
1749264980,49.80000000,0.10500000,47.94
1749264980,49.82000000,1.15300000,47.94
1749264980,49.88000000,0.36100000,47.94
1749264980,49.90000000,0.10500000,47.94
1749264980,49.91000000,0.25000000,47.94
1749264980,49.94000000,0.25000000,47.94
1749265282,47.86000000,5.56000000,47.87
1749265282,47.87000000,12.22200000,47.87
1749265282,47.88000000,24.37400000,47.87
1749265282,47.89000000,12.81400000,47.87
1749265282,47.90000000,14.61500000,47.87
1749265282,47.91000000,8.97400000,47.87
1749265282,47.92000000,28.76600000,47.87
1749265282,47.93000000,30.29300000,47.87
1749265282,47.94000000,50.08500000,47.87
1749265282,47.95000000,33.26500000,47.87
1749265282,47.96000000,33.79100000,47.87
1749265282,47.97000000,16.92400000,47.87
1749265282,47.98000000,30.81800000,47.87
1749265282,47.99000000,24.36900000,47.87
1749265282,48.00000000,38.06200000,47.87
1749265282,48.01000000,9.73900000,47.87
1749265282,48.02000000,76.56800000,47.87
1749265282,48.03000000,8.96500000,47.87
1749265282,48.04000000,4.50000000,47.87
1749265282,48.05000000,14.61500000,47.87
1749265282,48.06000000,4.50000000,47.87
1749265282,48.07000000,7.53500000,47.87
1749265282,48.08000000,14.61500000,47.87
1749265282,48.09000000,31.02400000,47.87
1749265282,48.10000000,4.50000000,47.87
1749265282,48.11000000,7.53500000,47.87
1749265282,48.12000000,0.25000000,47.87
1749265282,48.14000000,24.83300000,47.87
1749265282,48.15000000,3.55600000,47.87
1749265282,48.17000000,10.11500000,47.87
1749265282,48.18000000,0.25900000,47.87
1749265282,48.19000000,4.48400000,47.87
1749265282,48.20000000,20.11500000,47.87
1749265282,48.21000000,28.79900000,47.87
1749265282,48.23000000,30.60400000,47.87
1749265282,48.24000000,19.16800000,47.87
1749265282,48.25000000,10.07100000,47.87
1749265282,48.26000000,10.24300000,47.87
1749265282,48.27000000,13.45800000,47.87
1749265282,48.31000000,5.63200000,47.87
1749265282,48.32000000,10.11500000,47.87
1749265282,48.35000000,3.03500000,47.87
1749265282,48.37000000,0.66100000,47.87
1749265282,48.38000000,16.05700000,47.87
1749265282,48.39000000,3.03500000,47.87
1749265282,48.40000000,0.35800000,47.87
1749265282,48.43000000,3.03500000,47.87
1749265282,48.44000000,11.56000000,47.87
1749265282,48.45000000,5.41000000,47.87
1749265282,48.46000000,53.36300000,47.87
1749265282,48.47000000,24.40900000,47.87
1749265282,48.50000000,1.56200000,47.87
1749265282,48.55000000,0.25000000,47.87
1749265282,48.57000000,82.94300000,47.87
1749265282,48.58000000,1.08300000,47.87
1749265282,48.60000000,0.10800000,47.87
1749265282,48.61000000,3.00000000,47.87
1749265282,48.66000000,0.53900000,47.87
1749265282,48.67000000,0.38500000,47.87
1749265282,48.68000000,0.25600000,47.87
1749265282,48.80000000,2.98200000,47.87
1749265282,48.82000000,122.88100000,47.87
1749265282,48.87000000,0.10700000,47.87
1749265282,48.90000000,1.17600000,47.87
1749265282,48.93000000,0.25400000,47.87
1749265282,49.00000000,1.75400000,47.87
1749265282,49.01000000,0.71800000,47.87
1749265282,49.03000000,0.35800000,47.87
1749265282,49.12000000,10.17100000,47.87
1749265282,49.17000000,0.25400000,47.87
1749265282,49.18000000,0.25400000,47.87
1749265282,49.20000000,0.48000000,47.87
1749265282,49.23000000,0.36100000,47.87
1749265282,49.24000000,0.11800000,47.87
1749265282,49.25000000,1.33400000,47.87
1749265282,49.31000000,0.81700000,47.87
1749265282,49.32000000,0.20500000,47.87
1749265282,49.33000000,0.53900000,47.87
1749265282,49.35000000,1.16500000,47.87
1749265282,49.40000000,0.31900000,47.87
1749265282,49.41000000,0.39000000,47.87
1749265282,49.42000000,0.25100000,47.87
1749265282,49.44000000,0.36100000,47.87
1749265282,49.45000000,0.25000000,47.87
1749265282,49.48000000,0.10600000,47.87
1749265282,49.50000000,19.87200000,47.87
1749265282,49.52000000,11.35800000,47.87
1749265282,49.56000000,19.19900000,47.87
1749265282,49.58000000,4.83300000,47.87
1749265282,49.60000000,20.48000000,47.87
1749265282,49.64000000,0.42800000,47.87
1749265282,49.66000000,0.61300000,47.87
1749265282,49.67000000,0.35800000,47.87
1749265282,49.68000000,0.25100000,47.87
1749265282,49.76000000,47.75000000,47.87
1749265282,49.80000000,0.10500000,47.87
1749265282,49.82000000,1.15300000,47.87
1749265282,49.88000000,0.36100000,47.87
1749265282,49.90000000,0.10500000,47.87
1749265282,49.91000000,0.25000000,47.87
1749265588,48.02000000,4.50000000,48.03
1749265588,48.03000000,2.59800000,48.03
1749265588,48.04000000,4.50000000,48.03
1749265588,48.05000000,14.50900000,48.03
1749265588,48.06000000,39.04400000,48.03
1749265588,48.07000000,26.35200000,48.03
1749265588,48.08000000,21.29900000,48.03
1749265588,48.09000000,22.28000000,48.03
1749265588,48.10000000,9.79500000,48.03
1749265588,48.11000000,17.65000000,48.03
1749265588,48.12000000,4.75000000,48.03
1749265588,48.13000000,8.88500000,48.03
1749265588,48.14000000,14.61500000,48.03
1749265588,48.15000000,26.94400000,48.03
1749265588,48.16000000,59.23800000,48.03
1749265588,48.17000000,14.61500000,48.03
1749265588,48.18000000,23.84100000,48.03
1749265588,48.19000000,7.79400000,48.03
1749265588,48.20000000,27.36600000,48.03
1749265588,48.21000000,4.50000000,48.03
1749265588,48.22000000,16.17600000,48.03
1749265588,48.23000000,68.15200000,48.03
1749265588,48.24000000,23.66800000,48.03
1749265588,48.25000000,4.50000000,48.03
1749265588,48.26000000,24.96100000,48.03
1749265588,48.27000000,17.95800000,48.03
1749265588,48.29000000,14.61500000,48.03
1749265588,48.30000000,64.65800000,48.03
1749265588,48.31000000,11.34100000,48.03
1749265588,48.32000000,14.61500000,48.03
1749265588,48.33000000,28.65100000,48.03
1749265588,48.35000000,13.15000000,48.03
1749265588,48.36000000,17.34500000,48.03
1749265588,48.37000000,0.66100000,48.03
1749265588,48.38000000,20.11500000,48.03
1749265588,48.39000000,3.03500000,48.03
1749265588,48.40000000,10.42900000,48.03
1749265588,48.43000000,3.03500000,48.03
1749265588,48.44000000,11.56000000,48.03
1749265588,48.47000000,23.32400000,48.03
1749265588,48.50000000,11.67700000,48.03
1749265588,48.51000000,5.94200000,48.03
1749265588,48.55000000,0.25000000,48.03
1749265588,48.56000000,5.41100000,48.03
1749265588,48.57000000,82.94300000,48.03
1749265588,48.58000000,54.05400000,48.03
1749265588,48.60000000,1.19200000,48.03
1749265588,48.61000000,3.00000000,48.03
1749265588,48.66000000,0.53900000,48.03
1749265588,48.67000000,0.38500000,48.03
1749265588,48.68000000,0.25600000,48.03
1749265588,48.80000000,1.66700000,48.03
1749265588,48.87000000,0.10700000,48.03
1749265588,48.88000000,1.33400000,48.03
1749265588,48.90000000,1.17600000,48.03
1749265588,48.93000000,0.25400000,48.03
1749265588,48.99000000,122.47200000,48.03
1749265588,49.00000000,2.75400000,48.03
1749265588,49.01000000,0.71800000,48.03
1749265588,49.03000000,0.35800000,48.03
1749265588,49.12000000,10.17100000,48.03
1749265588,49.17000000,0.25400000,48.03
1749265588,49.18000000,0.25400000,48.03
1749265588,49.20000000,0.48000000,48.03
1749265588,49.23000000,0.36100000,48.03
1749265588,49.24000000,0.11800000,48.03
1749265588,49.25000000,1.33400000,48.03
1749265588,49.31000000,0.81700000,48.03
1749265588,49.32000000,0.20500000,48.03
1749265588,49.33000000,0.53900000,48.03
1749265588,49.35000000,1.16500000,48.03
1749265588,49.40000000,0.31900000,48.03
1749265588,49.41000000,0.39000000,48.03
1749265588,49.42000000,0.25100000,48.03
1749265588,49.44000000,0.36100000,48.03
1749265588,49.45000000,0.25000000,48.03
1749265588,49.48000000,0.10600000,48.03
1749265588,49.50000000,19.87200000,48.03
1749265588,49.52000000,1.30600000,48.03
1749265588,49.56000000,19.19900000,48.03
1749265588,49.60000000,20.48000000,48.03
1749265588,49.64000000,0.42800000,48.03
1749265588,49.66000000,10.06000000,48.03
1749265588,49.67000000,0.35800000,48.03
1749265588,49.68000000,0.25100000,48.03
1749265588,49.71000000,4.83300000,48.03
1749265588,49.76000000,47.75000000,48.03
1749265588,49.80000000,0.10500000,48.03
1749265588,49.82000000,1.15300000,48.03
1749265588,49.88000000,0.36100000,48.03
1749265588,49.90000000,0.10500000,48.03
1749265588,49.91000000,0.25000000,48.03
1749265588,49.94000000,0.25000000,48.03
1749265588,50.00000000,2107.90300000,48.03
1749265588,50.05000000,0.70100000,48.03
1749265588,50.06000000,1.61600000,48.03
1749265588,50.08000000,0.16100000,48.03
1749265588,50.11000000,2.00000000,48.03
1749265588,50.16000000,0.24900000,48.03
1749265588,50.19000000,0.24900000,48.03
1749265890,48.07000000,4.50000000,48.08
1749265890,48.08000000,12.97400000,48.08
1749265890,48.09000000,10.21800000,48.08
1749265890,48.10000000,39.73000000,48.08
1749265890,48.11000000,36.78500000,48.08
1749265890,48.12000000,4.75000000,48.08
1749265890,48.13000000,8.88500000,48.08
1749265890,48.14000000,14.61500000,48.08
1749265890,48.15000000,24.86000000,48.08
1749265890,48.16000000,59.27800000,48.08
1749265890,48.17000000,14.61500000,48.08
1749265890,48.18000000,6.84500000,48.08
1749265890,48.19000000,7.79400000,48.08
1749265890,48.20000000,31.77300000,48.08
1749265890,48.21000000,4.50000000,48.08
1749265890,48.22000000,15.93000000,48.08
1749265890,48.23000000,17.75900000,48.08
1749265890,48.24000000,19.08200000,48.08
1749265890,48.25000000,4.50000000,48.08
1749265890,48.26000000,14.74300000,48.08
1749265890,48.27000000,28.17600000,48.08
1749265890,48.28000000,4.50000000,48.08
1749265890,48.29000000,14.61500000,48.08
1749265890,48.30000000,18.76500000,48.08
1749265890,48.31000000,10.13200000,48.08
1749265890,48.32000000,14.61500000,48.08
1749265890,48.33000000,4.50000000,48.08
1749265890,48.35000000,18.85800000,48.08
1749265890,48.36000000,21.84500000,48.08
1749265890,48.37000000,19.82900000,48.08
1749265890,48.38000000,10.11500000,48.08
1749265890,48.39000000,32.09100000,48.08
1749265890,48.40000000,0.35800000,48.08
1749265890,48.41000000,10.00000000,48.08
1749265890,48.42000000,10.07100000,48.08
1749265890,48.43000000,3.03500000,48.08
1749265890,48.44000000,11.56000000,48.08
1749265890,48.47000000,23.32400000,48.08
1749265890,48.50000000,11.67700000,48.08
1749265890,48.51000000,5.94200000,48.08
1749265890,48.55000000,0.25000000,48.08
1749265890,48.56000000,5.41100000,48.08
1749265890,48.57000000,82.94300000,48.08
1749265890,48.58000000,54.05400000,48.08
1749265890,48.60000000,0.10800000,48.08
1749265890,48.61000000,3.00000000,48.08
1749265890,48.66000000,1.62200000,48.08
1749265890,48.67000000,0.38500000,48.08
1749265890,48.68000000,0.25600000,48.08
1749265890,48.80000000,1.66700000,48.08
1749265890,48.87000000,0.10700000,48.08
1749265890,48.90000000,1.17600000,48.08
1749265890,48.93000000,0.25400000,48.08
1749265890,48.97000000,1.33300000,48.08
1749265890,49.00000000,2.75400000,48.08
1749265890,49.01000000,123.13900000,48.08
1749265890,49.03000000,0.35800000,48.08
1749265890,49.17000000,0.25400000,48.08
1749265890,49.18000000,0.25400000,48.08
1749265890,49.20000000,0.48000000,48.08
1749265890,49.23000000,0.36100000,48.08
1749265890,49.24000000,0.11800000,48.08
1749265890,49.25000000,11.50500000,48.08
1749265890,49.31000000,0.81700000,48.08
1749265890,49.32000000,0.20500000,48.08
1749265890,49.33000000,0.53900000,48.08
1749265890,49.35000000,1.16500000,48.08
1749265890,49.40000000,0.31900000,48.08
1749265890,49.41000000,0.39000000,48.08
1749265890,49.42000000,0.25100000,48.08
1749265890,49.44000000,0.36100000,48.08
1749265890,49.45000000,0.25000000,48.08
1749265890,49.48000000,0.10600000,48.08
1749265890,49.50000000,19.87200000,48.08
1749265890,49.52000000,1.30600000,48.08
1749265890,49.60000000,20.48000000,48.08
1749265890,49.64000000,0.42800000,48.08
1749265890,49.66000000,10.06000000,48.08
1749265890,49.67000000,0.35800000,48.08
1749265890,49.68000000,0.25100000,48.08
1749265890,49.69000000,19.19900000,48.08
1749265890,49.71000000,4.83300000,48.08
1749265890,49.76000000,47.75000000,48.08
1749265890,49.80000000,0.10500000,48.08
1749265890,49.82000000,1.15300000,48.08
1749265890,49.88000000,0.36100000,48.08
1749265890,49.90000000,0.10500000,48.08
1749265890,49.91000000,0.25000000,48.08
1749265890,49.94000000,0.25000000,48.08
1749265890,50.00000000,2107.90300000,48.08
1749265890,50.05000000,0.70100000,48.08
1749265890,50.06000000,1.61600000,48.08
1749265890,50.08000000,0.16100000,48.08
1749265890,50.11000000,2.00000000,48.08
1749265890,50.16000000,0.24900000,48.08
1749265890,50.19000000,0.24900000,48.08
1749265890,50.20000000,19.20500000,48.08
1749265890,50.26000000,1.30600000,48.08
1749265890,50.28000000,1.44300000,48.08
1749265890,50.30000000,1.30600000,48.08
1749266191,48.04000000,4.50000000,48.02
1749266191,48.05000000,5.33800000,48.02
1749266191,48.06000000,9.75900000,48.02
1749266191,48.07000000,14.73600000,48.02
1749266191,48.08000000,26.39200000,48.02
1749266191,48.09000000,137.49700000,48.02
1749266191,48.10000000,500.00000000,48.02
1749266191,48.11000000,25.01500000,48.02
1749266191,48.12000000,5.25000000,48.02
1749266191,48.13000000,4.50000000,48.02
1749266191,48.14000000,14.61500000,48.02
1749266191,48.15000000,12.94500000,48.02
1749266191,48.16000000,57.75400000,48.02
1749266191,48.17000000,14.61500000,48.02
1749266191,48.18000000,6.25000000,48.02
1749266191,48.19000000,9.88000000,48.02
1749266191,48.20000000,14.61500000,48.02
1749266191,48.21000000,15.94600000,48.02
1749266191,48.22000000,4.50000000,48.02
1749266191,48.23000000,78.37000000,48.02
1749266191,48.25000000,4.50000000,48.02
1749266191,48.26000000,14.74300000,48.02
1749266191,48.27000000,17.95800000,48.02
1749266191,48.29000000,10.11500000,48.02
1749266191,48.30000000,14.26500000,48.02
1749266191,48.31000000,5.63200000,48.02
1749266191,48.32000000,20.18600000,48.02
1749266191,48.35000000,14.35800000,48.02
1749266191,48.36000000,30.05400000,48.02
1749266191,48.37000000,19.82900000,48.02
1749266191,48.38000000,20.11500000,48.02
1749266191,48.39000000,32.09100000,48.02
1749266191,48.40000000,0.35800000,48.02
1749266191,48.43000000,3.03500000,48.02
1749266191,48.44000000,11.56000000,48.02
1749266191,48.47000000,3.03500000,48.02
1749266191,48.50000000,11.67700000,48.02
1749266191,48.55000000,3.28500000,48.02
1749266191,48.57000000,82.94300000,48.02
1749266191,48.58000000,1.08300000,48.02
1749266191,48.60000000,20.39700000,48.02
1749266191,48.61000000,3.00000000,48.02
1749266191,48.63000000,4.13900000,48.02
1749266191,48.65000000,5.94200000,48.02
1749266191,48.66000000,0.53900000,48.02
1749266191,48.67000000,0.38500000,48.02
1749266191,48.68000000,0.25600000,48.02
1749266191,48.70000000,53.61100000,48.02
1749266191,48.80000000,1.66700000,48.02
1749266191,48.87000000,0.10700000,48.02
1749266191,48.90000000,1.17600000,48.02
1749266191,48.93000000,0.25400000,48.02
1749266191,48.97000000,123.83500000,48.02
1749266191,49.00000000,2.75400000,48.02
1749266191,49.01000000,0.71800000,48.02
1749266191,49.03000000,0.35800000,48.02
1749266191,49.17000000,0.25400000,48.02
1749266191,49.18000000,0.25400000,48.02
1749266191,49.20000000,0.48000000,48.02
1749266191,49.23000000,0.36100000,48.02
1749266191,49.24000000,0.11800000,48.02
1749266191,49.25000000,11.50500000,48.02
1749266191,49.31000000,0.81700000,48.02
1749266191,49.32000000,0.20500000,48.02
1749266191,49.33000000,0.53900000,48.02
1749266191,49.35000000,1.16500000,48.02
1749266191,49.40000000,0.31900000,48.02
1749266191,49.41000000,0.39000000,48.02
1749266191,49.42000000,0.25100000,48.02
1749266191,49.44000000,0.36100000,48.02
1749266191,49.45000000,0.25000000,48.02
1749266191,49.48000000,0.10600000,48.02
1749266191,49.50000000,19.87200000,48.02
1749266191,49.52000000,1.30600000,48.02
1749266191,49.60000000,20.48000000,48.02
1749266191,49.64000000,0.42800000,48.02
1749266191,49.66000000,10.06000000,48.02
1749266191,49.67000000,0.35800000,48.02
1749266191,49.68000000,0.25100000,48.02
1749266191,49.69000000,19.19900000,48.02
1749266191,49.71000000,4.83300000,48.02
1749266191,49.76000000,47.75000000,48.02
1749266191,49.80000000,0.10500000,48.02
1749266191,49.82000000,1.15300000,48.02
1749266191,49.88000000,0.36100000,48.02
1749266191,49.90000000,0.10500000,48.02
1749266191,49.91000000,0.25000000,48.02
1749266191,49.94000000,0.25000000,48.02
1749266191,50.00000000,2107.90300000,48.02
1749266191,50.05000000,0.70100000,48.02
1749266191,50.06000000,1.61600000,48.02
1749266191,50.08000000,0.16100000,48.02
1749266191,50.11000000,2.00000000,48.02
1749266191,50.16000000,0.24900000,48.02
1749266191,50.19000000,0.24900000,48.02
1749266191,50.20000000,19.20500000,48.02
1749266191,50.26000000,1.30600000,48.02
1749266191,50.28000000,1.44300000,48.02
1749266191,50.30000000,1.30600000,48.02
1749266191,50.31000000,0.35800000,48.02
1749266493,47.94000000,4.50000000,48.0
1749266493,47.96000000,9.08500000,48.0
1749266493,47.97000000,4.50000000,48.0
1749266493,47.98000000,0.81200000,48.0
1749266493,47.99000000,20.51700000,48.0
1749266493,48.00000000,66.38400000,48.0
1749266493,48.01000000,42.81300000,48.0
1749266493,48.02000000,54.89300000,48.0
1749266493,48.03000000,17.86100000,48.0
1749266493,48.04000000,25.82000000,48.0
1749266493,48.05000000,12.76500000,48.0
1749266493,48.06000000,16.07400000,48.0
1749266493,48.07000000,4.50000000,48.0
1749266493,48.08000000,24.49100000,48.0
1749266493,48.09000000,68.04300000,48.0
1749266493,48.10000000,500.00000000,48.0
1749266493,48.11000000,4.50000000,48.0
1749266493,48.12000000,5.25000000,48.0
1749266493,48.13000000,4.50000000,48.0
1749266493,48.14000000,14.61500000,48.0
1749266493,48.15000000,25.24500000,48.0
1749266493,48.16000000,54.89300000,48.0
1749266493,48.17000000,14.61500000,48.0
1749266493,48.18000000,4.75900000,48.0
1749266493,48.19000000,7.79400000,48.0
1749266493,48.20000000,14.61500000,48.0
1749266493,48.22000000,18.24400000,48.0
1749266493,48.23000000,23.33000000,48.0
1749266493,48.26000000,40.32300000,48.0
1749266493,48.27000000,23.45800000,48.0
1749266493,48.29000000,10.11500000,48.0
1749266493,48.30000000,0.52100000,48.0
1749266493,48.31000000,5.63200000,48.0
1749266493,48.32000000,11.32400000,48.0
1749266493,48.35000000,13.15000000,48.0
1749266493,48.37000000,19.82900000,48.0
1749266493,48.38000000,10.11500000,48.0
1749266493,48.39000000,3.03500000,48.0
1749266493,48.40000000,0.35800000,48.0
1749266493,48.43000000,3.03500000,48.0
1749266493,48.44000000,11.56000000,48.0
1749266493,48.47000000,3.03500000,48.0
1749266493,48.50000000,11.67700000,48.0
1749266493,48.55000000,3.28500000,48.0
1749266493,48.57000000,82.94300000,48.0
1749266493,48.58000000,2.16700000,48.0
1749266493,48.60000000,20.39700000,48.0
1749266493,48.61000000,3.00000000,48.0
1749266493,48.63000000,3.03500000,48.0
1749266493,48.65000000,5.94200000,48.0
1749266493,48.66000000,0.53900000,48.0
1749266493,48.67000000,0.38500000,48.0
1749266493,48.68000000,0.25600000,48.0
1749266493,48.80000000,1.66700000,48.0
1749266493,48.87000000,0.10700000,48.0
1749266493,48.90000000,2.51000000,48.0
1749266493,48.93000000,0.25400000,48.0
1749266493,48.95000000,122.54900000,48.0
1749266493,49.00000000,2.75400000,48.0
1749266493,49.01000000,0.71800000,48.0
1749266493,49.03000000,0.35800000,48.0
1749266493,49.17000000,0.25400000,48.0
1749266493,49.18000000,0.25400000,48.0
1749266493,49.20000000,0.48000000,48.0
1749266493,49.23000000,0.36100000,48.0
1749266493,49.24000000,0.11800000,48.0
1749266493,49.25000000,11.50500000,48.0
1749266493,49.31000000,0.81700000,48.0
1749266493,49.32000000,0.20500000,48.0
1749266493,49.33000000,0.53900000,48.0
1749266493,49.35000000,1.16500000,48.0
1749266493,49.40000000,0.31900000,48.0
1749266493,49.41000000,0.39000000,48.0
1749266493,49.42000000,0.25100000,48.0
1749266493,49.44000000,0.36100000,48.0
1749266493,49.45000000,0.25000000,48.0
1749266493,49.48000000,0.10600000,48.0
1749266493,49.50000000,19.87200000,48.0
1749266493,49.52000000,1.30600000,48.0
1749266493,49.60000000,20.48000000,48.0
1749266493,49.64000000,0.42800000,48.0
1749266493,49.66000000,10.06000000,48.0
1749266493,49.67000000,0.35800000,48.0
1749266493,49.68000000,0.25100000,48.0
1749266493,49.69000000,19.19900000,48.0
1749266493,49.71000000,4.83300000,48.0
1749266493,49.76000000,47.75000000,48.0
1749266493,49.80000000,0.10500000,48.0
1749266493,49.82000000,1.15300000,48.0
1749266493,49.88000000,0.36100000,48.0
1749266493,49.90000000,0.10500000,48.0
1749266493,49.91000000,0.25000000,48.0
1749266493,49.94000000,0.25000000,48.0
1749266493,50.00000000,2107.90300000,48.0
1749266493,50.05000000,0.70100000,48.0
1749266493,50.06000000,1.61600000,48.0
1749266493,50.08000000,0.16100000,48.0
1749266493,50.11000000,2.00000000,48.0
1749266493,50.16000000,0.24900000,48.0
1749266493,50.19000000,0.24900000,48.0
1749266795,48.00000000,5.58900000,48.0
1749266795,48.01000000,4.50000000,48.0
1749266795,48.02000000,12.05500000,48.0
1749266795,48.03000000,25.18400000,48.0
1749266795,48.04000000,9.91900000,48.0
1749266795,48.05000000,35.77400000,48.0
1749266795,48.06000000,29.03100000,48.0
1749266795,48.07000000,24.38500000,48.0
1749266795,48.08000000,60.05600000,48.0
1749266795,48.09000000,60.18800000,48.0
1749266795,48.10000000,17.65000000,48.0
1749266795,48.11000000,4.50000000,48.0
1749266795,48.12000000,5.25000000,48.0
1749266795,48.13000000,5.98000000,48.0
1749266795,48.14000000,14.61500000,48.0
1749266795,48.15000000,12.94500000,48.0
1749266795,48.16000000,54.89300000,48.0
1749266795,48.17000000,14.61500000,48.0
1749266795,48.18000000,6.84100000,48.0
1749266795,48.19000000,7.79400000,48.0
1749266795,48.20000000,14.61500000,48.0
1749266795,48.21000000,23.96200000,48.0
1749266795,48.22000000,4.50000000,48.0
1749266795,48.23000000,17.75900000,48.0
1749266795,48.24000000,19.08200000,48.0
1749266795,48.25000000,4.50000000,48.0
1749266795,48.26000000,27.47800000,48.0
1749266795,48.27000000,17.95800000,48.0
1749266795,48.28000000,4.50000000,48.0
1749266795,48.29000000,14.61500000,48.0
1749266795,48.30000000,5.02100000,48.0
1749266795,48.31000000,20.20300000,48.0
1749266795,48.32000000,14.61500000,48.0
1749266795,48.34000000,14.50000000,48.0
1749266795,48.35000000,14.35700000,48.0
1749266795,48.37000000,19.82900000,48.0
1749266795,48.38000000,10.11500000,48.0
1749266795,48.39000000,20.38000000,48.0
1749266795,48.40000000,0.35800000,48.0
1749266795,48.43000000,3.03500000,48.0
1749266795,48.44000000,11.56000000,48.0
1749266795,48.47000000,3.03500000,48.0
1749266795,48.50000000,11.67700000,48.0
1749266795,48.51000000,5.94200000,48.0
1749266795,48.55000000,3.28500000,48.0
1749266795,48.57000000,82.94300000,48.0
1749266795,48.58000000,1.08300000,48.0
1749266795,48.60000000,20.39700000,48.0
1749266795,48.61000000,3.00000000,48.0
1749266795,48.63000000,4.09700000,48.0
1749266795,48.66000000,0.53900000,48.0
1749266795,48.67000000,0.38500000,48.0
1749266795,48.68000000,0.25600000,48.0
1749266795,48.80000000,1.66700000,48.0
1749266795,48.87000000,0.10700000,48.0
1749266795,48.90000000,1.17600000,48.0
1749266795,48.93000000,0.25400000,48.0
1749266795,48.95000000,122.54900000,48.0
1749266795,49.00000000,4.10700000,48.0
1749266795,49.01000000,0.71800000,48.0
1749266795,49.03000000,0.35800000,48.0
1749266795,49.17000000,0.25400000,48.0
1749266795,49.18000000,0.25400000,48.0
1749266795,49.20000000,0.48000000,48.0
1749266795,49.23000000,0.36100000,48.0
1749266795,49.24000000,0.11800000,48.0
1749266795,49.25000000,11.50500000,48.0
1749266795,49.31000000,0.81700000,48.0
1749266795,49.32000000,0.20500000,48.0
1749266795,49.33000000,0.53900000,48.0
1749266795,49.35000000,1.16500000,48.0
1749266795,49.40000000,0.31900000,48.0
1749266795,49.41000000,0.39000000,48.0
1749266795,49.42000000,0.25100000,48.0
1749266795,49.44000000,0.36100000,48.0
1749266795,49.45000000,0.25000000,48.0
1749266795,49.48000000,0.10600000,48.0
1749266795,49.50000000,19.87200000,48.0
1749266795,49.52000000,1.30600000,48.0
1749266795,49.60000000,20.48000000,48.0
1749266795,49.64000000,0.42800000,48.0
1749266795,49.66000000,0.61300000,48.0
1749266795,49.67000000,0.35800000,48.0
1749266795,49.68000000,0.25100000,48.0
1749266795,49.69000000,19.19900000,48.0
1749266795,49.71000000,4.83300000,48.0
1749266795,49.76000000,47.75000000,48.0
1749266795,49.79000000,9.44700000,48.0
1749266795,49.80000000,0.10500000,48.0
1749266795,49.82000000,1.15300000,48.0
1749266795,49.88000000,0.36100000,48.0
1749266795,49.90000000,0.10500000,48.0
1749266795,49.91000000,0.25000000,48.0
1749266795,49.94000000,0.25000000,48.0
1749266795,50.00000000,2107.90300000,48.0
1749266795,50.05000000,0.70100000,48.0
1749266795,50.06000000,1.61600000,48.0
1749266795,50.08000000,0.16100000,48.0
1749266795,50.11000000,2.00000000,48.0
1749266795,50.16000000,0.24900000,48.0
1749267096,47.96000000,5.08700000,47.95
1749267096,47.97000000,4.50000000,47.95
1749267096,47.98000000,1.04300000,47.95
1749267096,47.99000000,8.88500000,47.95
1749267096,48.00000000,14.61500000,47.95
1749267096,48.01000000,34.66000000,47.95
1749267096,48.02000000,125.14900000,47.95
1749267096,48.03000000,22.19400000,47.95
1749267096,48.04000000,33.11600000,47.95
1749267096,48.05000000,26.17300000,47.95
1749267096,48.06000000,17.70400000,47.95
1749267096,48.07000000,31.18900000,47.95
1749267096,48.08000000,46.37400000,47.95
1749267096,48.09000000,56.36400000,47.95
1749267096,48.10000000,17.65000000,47.95
1749267096,48.11000000,4.50000000,47.95
1749267096,48.12000000,5.25000000,47.95
1749267096,48.13000000,4.50000000,47.95
1749267096,48.14000000,14.61500000,47.95
1749267096,48.15000000,12.94500000,47.95
1749267096,48.16000000,6.58200000,47.95
1749267096,48.17000000,24.83300000,47.95
1749267096,48.18000000,4.75900000,47.95
1749267096,48.19000000,7.79400000,47.95
1749267096,48.20000000,15.13600000,47.95
1749267096,48.21000000,18.24400000,47.95
1749267096,48.22000000,4.50000000,47.95
1749267096,48.23000000,27.83000000,47.95
1749267096,48.25000000,4.50000000,47.95
1749267096,48.26000000,44.82300000,47.95
1749267096,48.27000000,17.95800000,47.95
1749267096,48.29000000,21.32400000,47.95
1749267096,48.31000000,5.63200000,47.95
1749267096,48.32000000,10.11500000,47.95
1749267096,48.35000000,13.15000000,47.95
1749267096,48.37000000,19.82900000,47.95
1749267096,48.38000000,10.11500000,47.95
1749267096,48.39000000,3.03500000,47.95
1749267096,48.40000000,0.35800000,47.95
1749267096,48.43000000,3.15900000,47.95
1749267096,48.44000000,11.56000000,47.95
1749267096,48.47000000,3.03500000,47.95
1749267096,48.50000000,11.67700000,47.95
1749267096,48.51000000,5.94200000,47.95
1749267096,48.55000000,3.28500000,47.95
1749267096,48.57000000,82.94300000,47.95
1749267096,48.58000000,1.08300000,47.95
1749267096,48.60000000,21.48100000,47.95
1749267096,48.61000000,3.00000000,47.95
1749267096,48.63000000,3.03500000,47.95
1749267096,48.66000000,0.53900000,47.95
1749267096,48.67000000,0.38500000,47.95
1749267096,48.68000000,0.25600000,47.95
1749267096,48.80000000,1.66700000,47.95
1749267096,48.87000000,0.10700000,47.95
1749267096,48.89000000,1.33400000,47.95
1749267096,48.90000000,123.85200000,47.95
1749267096,48.93000000,0.25400000,47.95
1749267096,49.00000000,2.75400000,47.95
1749267096,49.01000000,0.71800000,47.95
1749267096,49.03000000,0.35800000,47.95
1749267096,49.17000000,0.25400000,47.95
1749267096,49.18000000,0.25400000,47.95
1749267096,49.20000000,2.14700000,47.95
1749267096,49.23000000,0.36100000,47.95
1749267096,49.24000000,0.11800000,47.95
1749267096,49.25000000,11.50500000,47.95
1749267096,49.31000000,0.81700000,47.95
1749267096,49.32000000,0.20500000,47.95
1749267096,49.33000000,0.53900000,47.95
1749267096,49.35000000,1.16500000,47.95
1749267096,49.39000000,0.16200000,47.95
1749267096,49.40000000,0.31900000,47.95
1749267096,49.41000000,0.39000000,47.95
1749267096,49.42000000,0.25100000,47.95
1749267096,49.44000000,0.36100000,47.95
1749267096,49.45000000,0.25000000,47.95
1749267096,49.48000000,0.10600000,47.95
1749267096,49.50000000,19.87200000,47.95
1749267096,49.52000000,1.30600000,47.95
1749267096,49.60000000,20.48000000,47.95
1749267096,49.64000000,0.42800000,47.95
1749267096,49.66000000,10.06000000,47.95
1749267096,49.67000000,0.35800000,47.95
1749267096,49.68000000,0.25100000,47.95
1749267096,49.69000000,19.19900000,47.95
1749267096,49.71000000,4.83300000,47.95
1749267096,49.76000000,47.75000000,47.95
1749267096,49.80000000,0.10500000,47.95
1749267096,49.82000000,1.15300000,47.95
1749267096,49.88000000,0.36100000,47.95
1749267096,49.90000000,0.10500000,47.95
1749267096,49.91000000,0.25000000,47.95
1749267096,49.94000000,0.25000000,47.95
1749267096,50.00000000,2107.90300000,47.95
1749267096,50.05000000,0.70100000,47.95
1749267096,50.06000000,1.61600000,47.95
1749267096,50.08000000,0.16100000,47.95
1749267096,50.11000000,2.00000000,47.95
1749267096,50.16000000,0.24900000,47.95
1749267398,48.01000000,5.40900000,48.0
1749267398,48.02000000,100.00000000,48.0
1749267398,48.04000000,4.50000000,48.0
1749267398,48.05000000,13.90700000,48.0
1749267398,48.06000000,36.49000000,48.0
1749267398,48.07000000,35.16400000,48.0
1749267398,48.08000000,30.80000000,48.0
1749267398,48.09000000,16.46700000,48.0
1749267398,48.10000000,38.92300000,48.0
1749267398,48.11000000,4.50000000,48.0
1749267398,48.12000000,5.25000000,48.0
1749267398,48.13000000,7.33900000,48.0
1749267398,48.14000000,16.09800000,48.0
1749267398,48.15000000,7.53500000,48.0
1749267398,48.16000000,54.89300000,48.0
1749267398,48.17000000,26.91700000,48.0
1749267398,48.18000000,4.75900000,48.0
1749267398,48.19000000,19.23700000,48.0
1749267398,48.20000000,14.61500000,48.0
1749267398,48.21000000,18.24400000,48.0
1749267398,48.22000000,4.50000000,48.0
1749267398,48.23000000,17.75900000,48.0
1749267398,48.24000000,19.08200000,48.0
1749267398,48.25000000,4.50000000,48.0
1749267398,48.26000000,27.47800000,48.0
1749267398,48.27000000,17.95800000,48.0
1749267398,48.28000000,14.57100000,48.0
1749267398,48.29000000,31.96000000,48.0
1749267398,48.30000000,34.02300000,48.0
1749267398,48.31000000,11.34000000,48.0
1749267398,48.32000000,14.61500000,48.0
1749267398,48.35000000,23.15000000,48.0
1749267398,48.37000000,19.82900000,48.0
1749267398,48.38000000,10.11500000,48.0
1749267398,48.39000000,3.03500000,48.0
1749267398,48.40000000,0.35800000,48.0
1749267398,48.43000000,3.15900000,48.0
1749267398,48.44000000,11.56000000,48.0
1749267398,48.47000000,23.32400000,48.0
1749267398,48.50000000,11.67700000,48.0
1749267398,48.51000000,5.94200000,48.0
1749267398,48.55000000,3.28500000,48.0
1749267398,48.57000000,82.94300000,48.0
1749267398,48.58000000,55.33500000,48.0
1749267398,48.60000000,0.10800000,48.0
1749267398,48.61000000,3.00000000,48.0
1749267398,48.63000000,3.03500000,48.0
1749267398,48.66000000,0.53900000,48.0
1749267398,48.67000000,0.38500000,48.0
1749267398,48.68000000,0.25600000,48.0
1749267398,48.80000000,1.66700000,48.0
1749267398,48.87000000,0.10700000,48.0
1749267398,48.90000000,2.50900000,48.0
1749267398,48.93000000,0.25400000,48.0
1749267398,48.95000000,122.54900000,48.0
1749267398,49.00000000,2.75400000,48.0
1749267398,49.01000000,0.71800000,48.0
1749267398,49.03000000,0.35800000,48.0
1749267398,49.17000000,0.25400000,48.0
1749267398,49.18000000,0.25400000,48.0
1749267398,49.20000000,2.14700000,48.0
1749267398,49.23000000,0.36100000,48.0
1749267398,49.24000000,0.11800000,48.0
1749267398,49.25000000,11.50500000,48.0
1749267398,49.31000000,0.81700000,48.0
1749267398,49.32000000,0.20500000,48.0
1749267398,49.33000000,0.53900000,48.0
1749267398,49.35000000,1.16500000,48.0
1749267398,49.39000000,0.16200000,48.0
1749267398,49.40000000,0.31900000,48.0
1749267398,49.41000000,0.39000000,48.0
1749267398,49.42000000,0.25100000,48.0
1749267398,49.44000000,0.36100000,48.0
1749267398,49.45000000,0.25000000,48.0
1749267398,49.48000000,0.10600000,48.0
1749267398,49.50000000,19.87200000,48.0
1749267398,49.52000000,1.30600000,48.0
1749267398,49.60000000,20.48000000,48.0
1749267398,49.64000000,0.42800000,48.0
1749267398,49.66000000,10.06000000,48.0
1749267398,49.67000000,0.35800000,48.0
1749267398,49.68000000,0.25100000,48.0
1749267398,49.69000000,19.19900000,48.0
1749267398,49.71000000,4.83300000,48.0
1749267398,49.76000000,47.75000000,48.0
1749267398,49.80000000,0.10500000,48.0
1749267398,49.82000000,1.15300000,48.0
1749267398,49.88000000,0.36100000,48.0
1749267398,49.90000000,0.10500000,48.0
1749267398,49.91000000,0.25000000,48.0
1749267398,49.94000000,0.25000000,48.0
1749267398,50.00000000,2107.90300000,48.0
1749267398,50.05000000,0.70100000,48.0
1749267398,50.06000000,1.61600000,48.0
1749267398,50.08000000,0.16100000,48.0
1749267398,50.11000000,2.00000000,48.0
1749267398,50.16000000,0.24900000,48.0
1749267398,50.19000000,0.24900000,48.0
1749267398,50.20000000,19.20500000,48.0
1749267398,50.26000000,1.30600000,48.0
1749267699,48.05000000,5.40900000,48.04
1749267699,48.06000000,11.69900000,48.04
1749267699,48.07000000,34.10500000,48.04
1749267699,48.08000000,41.14100000,48.04
1749267699,48.09000000,56.86300000,48.04
1749267699,48.10000000,50.73500000,48.04
1749267699,48.11000000,4.50000000,48.04
1749267699,48.12000000,5.25000000,48.04
1749267699,48.13000000,8.88500000,48.04
1749267699,48.14000000,14.61500000,48.04
1749267699,48.15000000,7.53500000,48.04
1749267699,48.16000000,54.89300000,48.04
1749267699,48.17000000,17.46300000,48.04
1749267699,48.18000000,6.25200000,48.04
1749267699,48.19000000,19.23700000,48.04
1749267699,48.20000000,14.61500000,48.04
1749267699,48.21000000,14.71800000,48.04
1749267699,48.22000000,6.58400000,48.04
1749267699,48.23000000,68.15200000,48.04
1749267699,48.24000000,19.08200000,48.04
1749267699,48.25000000,4.50000000,48.04
1749267699,48.26000000,27.47800000,48.04
1749267699,48.27000000,17.95800000,48.04
1749267699,48.28000000,4.50000000,48.04
1749267699,48.29000000,28.35900000,48.04
1749267699,48.30000000,5.02100000,48.04
1749267699,48.31000000,10.13200000,48.04
1749267699,48.32000000,24.68600000,48.04
1749267699,48.35000000,18.85700000,48.04
1749267699,48.36000000,32.93500000,48.04
1749267699,48.37000000,24.32900000,48.04
1749267699,48.38000000,14.61500000,48.04
1749267699,48.39000000,7.53500000,48.04
1749267699,48.40000000,0.35800000,48.04
1749267699,48.41000000,10.00000000,48.04
1749267699,48.43000000,25.00400000,48.04
1749267699,48.44000000,16.06000000,48.04
1749267699,48.47000000,27.82400000,48.04
1749267699,48.50000000,16.17700000,48.04
1749267699,48.51000000,10.44200000,48.04
1749267699,48.55000000,3.28500000,48.04
1749267699,48.57000000,82.94300000,48.04
1749267699,48.58000000,54.25200000,48.04
1749267699,48.60000000,0.10800000,48.04
1749267699,48.61000000,3.00000000,48.04
1749267699,48.63000000,4.11700000,48.04
1749267699,48.66000000,0.53900000,48.04
1749267699,48.67000000,0.38500000,48.04
1749267699,48.68000000,0.25600000,48.04
1749267699,48.80000000,1.66700000,48.04
1749267699,48.87000000,0.10700000,48.04
1749267699,48.90000000,2.50800000,48.04
1749267699,48.93000000,0.25400000,48.04
1749267699,49.00000000,125.20000000,48.04
1749267699,49.01000000,0.71800000,48.04
1749267699,49.03000000,0.35800000,48.04
1749267699,49.17000000,0.25400000,48.04
1749267699,49.18000000,0.25400000,48.04
1749267699,49.20000000,2.14700000,48.04
1749267699,49.23000000,0.36100000,48.04
1749267699,49.24000000,0.11800000,48.04
1749267699,49.25000000,11.50500000,48.04
1749267699,49.31000000,0.81700000,48.04
1749267699,49.32000000,0.20500000,48.04
1749267699,49.33000000,0.53900000,48.04
1749267699,49.35000000,1.16500000,48.04
1749267699,49.39000000,0.16200000,48.04
1749267699,49.40000000,0.31900000,48.04
1749267699,49.41000000,0.39000000,48.04
1749267699,49.42000000,0.25100000,48.04
1749267699,49.44000000,0.36100000,48.04
1749267699,49.45000000,0.25000000,48.04
1749267699,49.48000000,0.10600000,48.04
1749267699,49.50000000,19.87200000,48.04
1749267699,49.52000000,1.30600000,48.04
1749267699,49.60000000,20.48000000,48.04
1749267699,49.64000000,0.42800000,48.04
1749267699,49.66000000,10.06000000,48.04
1749267699,49.67000000,0.35800000,48.04
1749267699,49.68000000,0.25100000,48.04
1749267699,49.69000000,19.19900000,48.04
1749267699,49.71000000,4.83300000,48.04
1749267699,49.76000000,47.75000000,48.04
1749267699,49.80000000,0.10500000,48.04
1749267699,49.82000000,1.15300000,48.04
1749267699,49.88000000,0.36100000,48.04
1749267699,49.90000000,0.10500000,48.04
1749267699,49.91000000,0.25000000,48.04
1749267699,49.94000000,0.25000000,48.04
1749267699,50.00000000,2107.90300000,48.04
1749267699,50.05000000,0.70100000,48.04
1749267699,50.06000000,1.61600000,48.04
1749267699,50.08000000,0.16100000,48.04
1749267699,50.11000000,2.00000000,48.04
1749267699,50.16000000,0.24900000,48.04
1749267699,50.19000000,0.24900000,48.04
1749267699,50.20000000,19.20500000,48.04
1749267699,50.26000000,1.30600000,48.04
1749267699,50.28000000,1.44300000,48.04
1749267699,50.30000000,1.30600000,48.04
1749268001,48.02000000,100.00000000,48.01
1749268001,48.03000000,4.50000000,48.01
1749268001,48.04000000,0.81200000,48.01
1749268001,48.05000000,5.31200000,48.01
1749268001,48.06000000,14.35000000,48.01
1749268001,48.07000000,35.03200000,48.01
1749268001,48.08000000,17.25700000,48.01
1749268001,48.09000000,68.52500000,48.01
1749268001,48.10000000,44.66800000,48.01
1749268001,48.11000000,36.99700000,48.01
1749268001,48.12000000,5.25000000,48.01
1749268001,48.13000000,7.38200000,48.01
1749268001,48.14000000,14.61500000,48.01
1749268001,48.15000000,9.01800000,48.01
1749268001,48.16000000,54.89300000,48.01
1749268001,48.17000000,26.02100000,48.01
1749268001,48.18000000,4.75900000,48.01
1749268001,48.19000000,26.87600000,48.01
1749268001,48.20000000,16.69900000,48.01
1749268001,48.21000000,28.46200000,48.01
1749268001,48.22000000,4.50000000,48.01
1749268001,48.23000000,17.75900000,48.01
1749268001,48.25000000,4.50000000,48.01
1749268001,48.26000000,27.47800000,48.01
