timestamp,price,volume,current_price
1749254534,47.69000000,5.17200000,47.71
1749254534,47.70000000,5.29500000,47.71
1749254534,47.71000000,23.55300000,47.71
1749254534,47.72000000,31.41200000,47.71
1749254534,47.73000000,52.82800000,47.71
1749254534,47.74000000,40.21400000,47.71
1749254534,47.75000000,27.67500000,47.71
1749254534,47.76000000,15.73200000,47.71
1749254534,47.77000000,60.62000000,47.71
1749254534,47.78000000,27.92300000,47.71
1749254534,47.79000000,51.32000000,47.71
1749254534,47.80000000,102.92500000,47.71
1749254534,47.81000000,4.50000000,47.71
1749254534,47.82000000,21.40700000,47.71
1749254534,47.83000000,19.04300000,47.71
1749254534,47.84000000,21.47700000,47.71
1749254534,47.85000000,4.66700000,47.71
1749254534,47.86000000,13.74400000,47.71
1749254534,47.87000000,7.53500000,47.71
1749254534,47.88000000,10.22400000,47.71
1749254534,47.89000000,8.87300000,47.71
1749254534,47.91000000,13.67500000,47.71
1749254534,47.93000000,2.21800000,47.71
1749254534,47.94000000,15.38500000,47.71
1749254534,47.95000000,7.53500000,47.71
1749254534,47.96000000,33.54400000,47.71
1749254534,47.97000000,10.63700000,47.71
1749254534,47.98000000,4.50000000,47.71
1749254534,47.99000000,9.61000000,47.71
1749254534,48.00000000,16.59100000,47.71
1749254534,48.02000000,10.00000000,47.71
1749254534,48.03000000,18.09800000,47.71
1749254534,48.05000000,4.50000000,47.71
1749254534,48.06000000,15.13900000,47.71
1749254534,48.07000000,7.53500000,47.71
1749254534,48.08000000,21.84500000,47.71
1749254534,48.09000000,10.74300000,47.71
1749254534,48.10000000,14.61500000,47.71
1749254534,48.11000000,7.53500000,47.71
1749254534,48.12000000,5.27400000,47.71
1749254534,48.13000000,14.61500000,47.71
1749254534,48.14000000,4.50000000,47.71
1749254534,48.15000000,3.03500000,47.71
1749254534,48.16000000,14.61500000,47.71
1749254534,48.17000000,52.59900000,47.71
1749254534,48.18000000,5.97100000,47.71
1749254534,48.19000000,7.79400000,47.71
1749254534,48.20000000,5.94200000,47.71
1749254534,48.21000000,14.61500000,47.71
1749254534,48.22000000,10.07100000,47.71
1749254534,48.23000000,3.14400000,47.71
1749254534,48.24000000,33.78300000,47.71
1749254534,48.26000000,4.50000000,47.71
1749254534,48.27000000,13.45800000,47.71
1749254534,48.30000000,4.50000000,47.71
1749254534,48.31000000,10.13200000,47.71
1749254534,48.33000000,12.82500000,47.71
1749254534,48.34000000,4.50000000,47.71
1749254534,48.35000000,90.47800000,47.71
1749254534,48.37000000,0.66100000,47.71
1749254534,48.39000000,3.03500000,47.71
1749254534,48.40000000,0.35800000,47.71
1749254534,48.43000000,3.03500000,47.71
1749254534,48.44000000,1.44500000,47.71
1749254534,48.45000000,1.04400000,47.71
1749254534,48.46000000,20.28900000,47.71
1749254534,48.47000000,3.03500000,47.71
1749254534,48.50000000,1.56200000,47.71
1749254534,48.51000000,3.03500000,47.71
1749254534,48.55000000,0.25000000,47.71
1749254534,48.57000000,3.03500000,47.71
1749254534,48.58000000,1.20700000,47.71
1749254534,48.60000000,0.10800000,47.71
1749254534,48.61000000,6.03500000,47.71
1749254534,48.62000000,123.39700000,47.71
1749254534,48.65000000,3.03500000,47.71
1749254534,48.66000000,0.53900000,47.71
1749254534,48.67000000,0.38500000,47.71
1749254534,48.68000000,0.25600000,47.71
1749254534,48.69000000,3.03500000,47.71
1749254534,48.73000000,3.03500000,47.71
1749254534,48.74000000,5.40000000,47.71
1749254534,48.80000000,1.66700000,47.71
1749254534,48.85000000,10.17100000,47.71
1749254534,48.87000000,0.10700000,47.71
1749254534,48.90000000,1.17600000,47.71
1749254534,48.93000000,0.25400000,47.71
1749254534,48.99000000,9.44700000,47.71
1749254534,49.00000000,1.75400000,47.71
1749254534,49.01000000,0.71800000,47.71
1749254534,49.03000000,0.35800000,47.71
1749254534,49.17000000,0.25400000,47.71
1749254534,49.18000000,19.45300000,47.71
1749254534,49.20000000,0.48000000,47.71
1749254534,49.22000000,4.83300000,47.71
1749254534,49.23000000,0.36100000,47.71
1749254534,49.24000000,0.11800000,47.71
1749254534,49.25000000,1.33400000,47.71
1749254534,49.31000000,0.81700000,47.71
1749254534,49.32000000,0.20500000,47.71
1749254839,47.71000000,3.45100000,47.71
1749254839,47.72000000,18.93600000,47.71
1749254839,47.73000000,65.96800000,47.71
1749254839,47.74000000,44.88800000,47.71
1749254839,47.75000000,2.85100000,47.71
1749254839,47.76000000,26.39200000,47.71
1749254839,47.77000000,65.45500000,47.71
1749254839,47.78000000,29.91400000,47.71
1749254839,47.79000000,22.15400000,47.71
1749254839,47.80000000,25.41600000,47.71
1749254839,47.81000000,49.19800000,47.71
1749254839,47.82000000,28.09700000,47.71
1749254839,47.83000000,17.65000000,47.71
1749254839,47.85000000,20.49200000,47.71
1749254839,47.86000000,4.50000000,47.71
1749254839,47.87000000,7.53500000,47.71
1749254839,47.88000000,14.72400000,47.71
1749254839,47.89000000,8.74000000,47.71
1749254839,47.90000000,4.50000000,47.71
1749254839,47.91000000,17.65000000,47.71
1749254839,47.92000000,4.46500000,47.71
1749254839,47.93000000,2.21800000,47.71
1749254839,47.94000000,28.61800000,47.71
1749254839,47.95000000,7.53500000,47.71
1749254839,47.96000000,4.50000000,47.71
1749254839,47.97000000,50.10100000,47.71
1749254839,47.98000000,9.16700000,47.71
1749254839,47.99000000,7.53500000,47.71
1749254839,48.00000000,16.06900000,47.71
1749254839,48.01000000,4.50000000,47.71
1749254839,48.02000000,1.19400000,47.71
1749254839,48.03000000,17.65000000,47.71
1749254839,48.04000000,10.00000000,47.71
1749254839,48.05000000,21.84500000,47.71
1749254839,48.06000000,14.61500000,47.71
1749254839,48.07000000,7.53500000,47.71
1749254839,48.08000000,4.50000000,47.71
1749254839,48.09000000,14.71800000,47.71
1749254839,48.10000000,14.61500000,47.71
1749254839,48.11000000,7.53500000,47.71
1749254839,48.12000000,4.75000000,47.71
1749254839,48.13000000,14.61500000,47.71
1749254839,48.15000000,7.53500000,47.71
1749254839,48.16000000,14.61500000,47.71
1749254839,48.18000000,4.75900000,47.71
1749254839,48.19000000,7.79400000,47.71
1749254839,48.20000000,10.44200000,47.71
1749254839,48.21000000,22.94000000,47.71
1749254839,48.22000000,10.07100000,47.71
1749254839,48.23000000,3.14400000,47.71
1749254839,48.24000000,29.28300000,47.71
1749254839,48.27000000,13.45800000,47.71
1749254839,48.29000000,54.28900000,47.71
1749254839,48.31000000,5.63200000,47.71
1749254839,48.35000000,85.97800000,47.71
1749254839,48.37000000,0.66100000,47.71
1749254839,48.39000000,3.03500000,47.71
1749254839,48.40000000,0.35800000,47.71
1749254839,48.43000000,3.03500000,47.71
1749254839,48.44000000,1.44500000,47.71
1749254839,48.46000000,20.28900000,47.71
1749254839,48.47000000,3.03500000,47.71
1749254839,48.50000000,1.56200000,47.71
1749254839,48.51000000,3.03500000,47.71
1749254839,48.55000000,0.25000000,47.71
1749254839,48.57000000,3.03500000,47.71
1749254839,48.58000000,1.20700000,47.71
1749254839,48.60000000,1.49000000,47.71
1749254839,48.61000000,6.03500000,47.71
1749254839,48.65000000,3.03500000,47.71
1749254839,48.66000000,123.83200000,47.71
1749254839,48.67000000,0.38500000,47.71
1749254839,48.68000000,0.25600000,47.71
1749254839,48.69000000,3.03500000,47.71
1749254839,48.74000000,4.02100000,47.71
1749254839,48.80000000,1.66700000,47.71
1749254839,48.87000000,0.10700000,47.71
1749254839,48.90000000,1.17600000,47.71
1749254839,48.93000000,0.25400000,47.71
1749254839,48.98000000,10.17100000,47.71
1749254839,48.99000000,9.44700000,47.71
1749254839,49.00000000,1.75400000,47.71
1749254839,49.01000000,0.71800000,47.71
1749254839,49.03000000,0.35800000,47.71
1749254839,49.17000000,0.25400000,47.71
1749254839,49.18000000,0.25400000,47.71
1749254839,49.20000000,0.48000000,47.71
1749254839,49.23000000,0.36100000,47.71
1749254839,49.24000000,0.11800000,47.71
1749254839,49.25000000,1.33400000,47.71
1749254839,49.31000000,20.01600000,47.71
1749254839,49.32000000,0.20500000,47.71
1749254839,49.33000000,0.53900000,47.71
1749254839,49.35000000,1.16500000,47.71
1749254839,49.36000000,4.83300000,47.71
1749254839,49.40000000,0.31900000,47.71
1749254839,49.41000000,0.39000000,47.71
1749254839,49.42000000,0.25100000,47.71
1749254839,49.44000000,0.36100000,47.71
1749254839,49.45000000,0.25000000,47.71
