timestamp,price,volume,current_price
1749260845,0.01133000,45900.00000000,0.01131
1749260845,0.01134000,570427.90000000,0.01131
1749260845,0.01135000,394855.10000000,0.01131
1749260845,0.01136000,426201.10000000,0.01131
1749260845,0.01137000,115963.50000000,0.01131
1749260845,0.01138000,91838.80000000,0.01131
1749260845,0.01139000,911904.60000000,0.01131
1749260845,0.01140000,132920.20000000,0.01131
1749260845,0.01141000,968411.00000000,0.01131
1749260845,0.01142000,67602.50000000,0.01131
1749260845,0.01143000,111616.00000000,0.01131
1749260845,0.01144000,88328.10000000,0.01131
1749260845,0.01145000,68879.60000000,0.01131
1749260845,0.01146000,67601.40000000,0.01131
1749260845,0.01147000,175410.70000000,0.01131
1749260845,0.01148000,45880.40000000,0.01131
1749260845,0.01149000,24146.30000000,0.01131
1749260845,0.01150000,106514.30000000,0.01131
1749260845,0.01151000,63190.40000000,0.01131
1749260845,0.01152000,2866.20000000,0.01131
1749260845,0.01153000,107844.50000000,0.01131
1749260845,0.01154000,639142.10000000,0.01131
1749260845,0.01155000,3962.20000000,0.01131
1749260845,0.01156000,920.70000000,0.01131
1749260845,0.01157000,4995.40000000,0.01131
1749260845,0.01158000,85385.10000000,0.01131
1749260845,0.01159000,2262.70000000,0.01131
1749260845,0.01160000,113976.40000000,0.01131
1749260845,0.01161000,26442.90000000,0.01131
1749260845,0.01162000,565.90000000,0.01131
1749260845,0.01163000,27703.20000000,0.01131
1749260845,0.01164000,239568.80000000,0.01131
1749260845,0.01165000,4102.10000000,0.01131
1749260845,0.01166000,29222.50000000,0.01131
1749260845,0.01168000,1712.30000000,0.01131
1749260845,0.01170000,46725.80000000,0.01131
1749260845,0.01171000,2164.70000000,0.01131
1749260845,0.01172000,2775.20000000,0.01131
1749260845,0.01173000,1779.50000000,0.01131
1749260845,0.01174000,1383.40000000,0.01131
1749260845,0.01175000,8378.60000000,0.01131
1749260845,0.01177000,438.30000000,0.01131
1749260845,0.01178000,1697.70000000,0.01131
1749260845,0.01180000,5654.20000000,0.01131
1749260845,0.01181000,94440.40000000,0.01131
1749260845,0.01184000,9492.20000000,0.01131
1749260845,0.01186000,3000.60000000,0.01131
1749260845,0.01187000,8162.50000000,0.01131
1749260845,0.01188000,7662.60000000,0.01131
1749260845,0.01189000,756.90000000,0.01131
1749260845,0.01190000,3927.10000000,0.01131
1749260845,0.01191000,438.30000000,0.01131
1749260845,0.01192000,3631.20000000,0.01131
1749260845,0.01193000,5610.40000000,0.01131
1749260845,0.01194000,3454.50000000,0.01131
1749260845,0.01195000,1698.70000000,0.01131
1749260845,0.01198000,28365.70000000,0.01131
1749260845,0.01199000,565.90000000,0.01131
1749260845,0.01200000,6953.70000000,0.01131
1749260845,0.01201000,1779.50000000,0.01131
1749260845,0.01202000,11549.20000000,0.01131
1749260845,0.01205000,991.80000000,0.01131
1749260845,0.01208000,9029.00000000,0.01131
1749260845,0.01209000,565.90000000,0.01131
1749260845,0.01210000,2525.10000000,0.01131
1749260845,0.01211000,4975.40000000,0.01131
1749260845,0.01212000,22872.70000000,0.01131
1749260845,0.01213000,1543.50000000,0.01131
1749260845,0.01215000,1779.50000000,0.01131
1749260845,0.01216000,2105.20000000,0.01131
1749260845,0.01217000,502.40000000,0.01131
1749260845,0.01218000,2074.20000000,0.01131
1749260845,0.01219000,37107.70000000,0.01131
1749260845,0.01220000,1722253.40000000,0.01131
1749260845,0.01222000,2647.40000000,0.01131
1749260845,0.01224000,1529.60000000,0.01131
1749260845,0.01225000,67634.70000000,0.01131
1749260845,0.01227000,1762.20000000,0.01131
1749260845,0.01228000,4493.00000000,0.01131
1749260845,0.01229000,15901.50000000,0.01131
1749260845,0.01230000,335681.10000000,0.01131
1749260845,0.01231000,482.40000000,0.01131
1749260845,0.01232000,18006.60000000,0.01131
1749260845,0.01235000,101516.00000000,0.01131
1749260845,0.01236000,26109.80000000,0.01131
1749260845,0.01237000,5058.90000000,0.01131
1749260845,0.01238000,140662.90000000,0.01131
1749260845,0.01239000,438.30000000,0.01131
1749260845,0.01240000,1308.80000000,0.01131
1749260845,0.01242000,1196.30000000,0.01131
1749260845,0.01243000,1779.50000000,0.01131
1749260845,0.01244000,1607.70000000,0.01131
1749260845,0.01245000,553.50000000,0.01131
1749260845,0.01246000,16809.70000000,0.01131
1749260845,0.01247000,502.40000000,0.01131
1749260845,0.01249000,448.40000000,0.01131
1749260845,0.01250000,515061.90000000,0.01131
1749260845,0.01251000,1598.70000000,0.01131
1749260845,0.01252000,808.20000000,0.01131
1749260845,0.01253000,438.30000000,0.01131
1749261171,0.01132000,62563.90000000,0.01132
1749261171,0.01133000,472968.50000000,0.01132
1749261171,0.01134000,330823.30000000,0.01132
1749261171,0.01135000,403839.50000000,0.01132
1749261171,0.01136000,200103.50000000,0.01132
1749261171,0.01137000,783194.50000000,0.01132
1749261171,0.01138000,212372.50000000,0.01132
1749261171,0.01139000,143426.50000000,0.01132
1749261171,0.01140000,73235.40000000,0.01132
1749261171,0.01141000,994315.20000000,0.01132
1749261171,0.01142000,67602.50000000,0.01132
1749261171,0.01143000,111616.00000000,0.01132
1749261171,0.01144000,88328.10000000,0.01132
1749261171,0.01145000,68879.60000000,0.01132
1749261171,0.01146000,67601.40000000,0.01132
1749261171,0.01147000,175410.70000000,0.01132
1749261171,0.01148000,45880.40000000,0.01132
1749261171,0.01149000,24146.30000000,0.01132
1749261171,0.01150000,106514.30000000,0.01132
1749261171,0.01151000,63190.40000000,0.01132
1749261171,0.01152000,2866.20000000,0.01132
1749261171,0.01153000,24059.00000000,0.01132
1749261171,0.01154000,639142.10000000,0.01132
1749261171,0.01155000,3962.20000000,0.01132
1749261171,0.01156000,84706.20000000,0.01132
1749261171,0.01157000,27945.40000000,0.01132
1749261171,0.01158000,85385.10000000,0.01132
1749261171,0.01159000,2262.70000000,0.01132
1749261171,0.01160000,25400.30000000,0.01132
1749261171,0.01161000,49392.90000000,0.01132
1749261171,0.01162000,565.90000000,0.01132
1749261171,0.01163000,116279.30000000,0.01132
1749261171,0.01164000,216618.80000000,0.01132
1749261171,0.01165000,4102.10000000,0.01132
1749261171,0.01166000,6272.50000000,0.01132
1749261171,0.01168000,1712.30000000,0.01132
1749261171,0.01170000,46725.80000000,0.01132
1749261171,0.01171000,2164.70000000,0.01132
1749261171,0.01172000,2775.20000000,0.01132
1749261171,0.01173000,1779.50000000,0.01132
1749261171,0.01174000,1383.40000000,0.01132
1749261171,0.01175000,8378.60000000,0.01132
1749261171,0.01177000,438.30000000,0.01132
1749261171,0.01178000,1697.70000000,0.01132
1749261171,0.01180000,5654.20000000,0.01132
1749261171,0.01181000,94440.40000000,0.01132
1749261171,0.01184000,9492.20000000,0.01132
1749261171,0.01186000,3000.60000000,0.01132
1749261171,0.01187000,8162.50000000,0.01132
1749261171,0.01188000,7662.60000000,0.01132
1749261171,0.01189000,756.90000000,0.01132
1749261171,0.01190000,3927.10000000,0.01132
1749261171,0.01191000,438.30000000,0.01132
1749261171,0.01192000,3631.20000000,0.01132
1749261171,0.01193000,5610.40000000,0.01132
1749261171,0.01194000,3454.50000000,0.01132
1749261171,0.01195000,1698.70000000,0.01132
1749261171,0.01198000,28365.70000000,0.01132
1749261171,0.01199000,565.90000000,0.01132
1749261171,0.01200000,6953.70000000,0.01132
1749261171,0.01201000,1779.50000000,0.01132
1749261171,0.01202000,11549.20000000,0.01132
1749261171,0.01205000,991.80000000,0.01132
1749261171,0.01208000,9029.00000000,0.01132
1749261171,0.01209000,565.90000000,0.01132
1749261171,0.01210000,2525.10000000,0.01132
1749261171,0.01211000,4975.40000000,0.01132
1749261171,0.01212000,22872.70000000,0.01132
1749261171,0.01213000,1543.50000000,0.01132
1749261171,0.01215000,1779.50000000,0.01132
1749261171,0.01216000,2105.20000000,0.01132
1749261171,0.01217000,502.40000000,0.01132
1749261171,0.01218000,2074.20000000,0.01132
1749261171,0.01219000,37107.70000000,0.01132
1749261171,0.01220000,1722253.40000000,0.01132
1749261171,0.01222000,2647.40000000,0.01132
1749261171,0.01224000,1529.60000000,0.01132
1749261171,0.01225000,67634.70000000,0.01132
1749261171,0.01227000,1762.20000000,0.01132
1749261171,0.01228000,4493.00000000,0.01132
1749261171,0.01229000,15901.50000000,0.01132
1749261171,0.01230000,335681.10000000,0.01132
1749261171,0.01231000,482.40000000,0.01132
1749261171,0.01232000,18006.60000000,0.01132
1749261171,0.01235000,101516.00000000,0.01132
1749261171,0.01236000,26109.80000000,0.01132
1749261171,0.01237000,5058.90000000,0.01132
1749261171,0.01238000,140662.90000000,0.01132
1749261171,0.01239000,438.30000000,0.01132
1749261171,0.01240000,1308.80000000,0.01132
1749261171,0.01242000,1196.30000000,0.01132
1749261171,0.01243000,1779.50000000,0.01132
1749261171,0.01244000,1607.70000000,0.01132
1749261171,0.01245000,553.50000000,0.01132
1749261171,0.01246000,16809.70000000,0.01132
1749261171,0.01247000,502.40000000,0.01132
1749261171,0.01249000,448.40000000,0.01132
1749261171,0.01250000,515061.90000000,0.01132
1749261171,0.01251000,1598.70000000,0.01132
1749261171,0.01252000,808.20000000,0.01132
1749261486,0.01133000,144680.10000000,0.01132
1749261486,0.01134000,1412739.70000000,0.01132
1749261486,0.01135000,530276.30000000,0.01132
1749261486,0.01136000,391020.10000000,0.01132
1749261486,0.01137000,529565.10000000,0.01132
1749261486,0.01138000,434264.20000000,0.01132
1749261486,0.01139000,132686.40000000,0.01132
1749261486,0.01140000,128025.00000000,0.01132
1749261486,0.01141000,994315.20000000,0.01132
1749261486,0.01142000,67602.50000000,0.01132
1749261486,0.01143000,111616.00000000,0.01132
1749261486,0.01144000,88328.10000000,0.01132
1749261486,0.01145000,68879.60000000,0.01132
1749261486,0.01146000,67601.40000000,0.01132
1749261486,0.01147000,175410.70000000,0.01132
1749261486,0.01148000,45880.40000000,0.01132
1749261486,0.01149000,24146.30000000,0.01132
1749261486,0.01150000,106514.30000000,0.01132
1749261486,0.01151000,63190.40000000,0.01132
1749261486,0.01152000,2866.20000000,0.01132
1749261486,0.01153000,24059.00000000,0.01132
1749261486,0.01154000,639142.10000000,0.01132
1749261486,0.01155000,3962.20000000,0.01132
1749261486,0.01156000,84706.20000000,0.01132
1749261486,0.01157000,27945.40000000,0.01132
1749261486,0.01158000,85385.10000000,0.01132
1749261486,0.01159000,2262.70000000,0.01132
1749261486,0.01160000,25400.30000000,0.01132
1749261486,0.01161000,49392.90000000,0.01132
1749261486,0.01162000,565.90000000,0.01132
1749261486,0.01163000,116279.30000000,0.01132
1749261486,0.01164000,216618.80000000,0.01132
1749261486,0.01165000,4102.10000000,0.01132
1749261486,0.01166000,6272.50000000,0.01132
1749261486,0.01168000,1712.30000000,0.01132
1749261486,0.01170000,46725.80000000,0.01132
1749261486,0.01171000,2164.70000000,0.01132
1749261486,0.01172000,2775.20000000,0.01132
1749261486,0.01173000,1779.50000000,0.01132
1749261486,0.01174000,1383.40000000,0.01132
1749261486,0.01175000,8378.60000000,0.01132
1749261486,0.01177000,438.30000000,0.01132
1749261486,0.01178000,1697.70000000,0.01132
1749261486,0.01180000,5654.20000000,0.01132
1749261486,0.01181000,94440.40000000,0.01132
1749261486,0.01184000,9492.20000000,0.01132
1749261486,0.01186000,3000.60000000,0.01132
1749261486,0.01187000,8162.50000000,0.01132
1749261486,0.01188000,7662.60000000,0.01132
1749261486,0.01189000,756.90000000,0.01132
1749261486,0.01190000,3927.10000000,0.01132
1749261486,0.01191000,438.30000000,0.01132
1749261486,0.01192000,3631.20000000,0.01132
1749261486,0.01193000,5610.40000000,0.01132
1749261486,0.01194000,3454.50000000,0.01132
1749261486,0.01195000,1698.70000000,0.01132
1749261486,0.01198000,28365.70000000,0.01132
1749261486,0.01199000,565.90000000,0.01132
1749261486,0.01200000,6953.70000000,0.01132
1749261486,0.01201000,1779.50000000,0.01132
1749261486,0.01202000,11549.20000000,0.01132
1749261486,0.01205000,991.80000000,0.01132
1749261486,0.01208000,9029.00000000,0.01132
1749261486,0.01209000,565.90000000,0.01132
1749261486,0.01210000,2525.10000000,0.01132
1749261486,0.01211000,4975.40000000,0.01132
1749261486,0.01212000,22872.70000000,0.01132
1749261486,0.01213000,1543.50000000,0.01132
1749261486,0.01215000,1779.50000000,0.01132
1749261486,0.01216000,2105.20000000,0.01132
1749261486,0.01217000,502.40000000,0.01132
1749261486,0.01218000,2074.20000000,0.01132
1749261486,0.01219000,37107.70000000,0.01132
1749261486,0.01220000,1722253.40000000,0.01132
1749261486,0.01222000,2647.40000000,0.01132
1749261486,0.01224000,1529.60000000,0.01132
1749261486,0.01225000,67634.70000000,0.01132
1749261486,0.01227000,1762.20000000,0.01132
1749261486,0.01228000,4493.00000000,0.01132
1749261486,0.01229000,15901.50000000,0.01132
1749261486,0.01230000,335681.10000000,0.01132
1749261486,0.01231000,482.40000000,0.01132
1749261486,0.01232000,18006.60000000,0.01132
1749261486,0.01235000,101516.00000000,0.01132
1749261486,0.01236000,26109.80000000,0.01132
1749261486,0.01237000,5058.90000000,0.01132
1749261486,0.01238000,140662.90000000,0.01132
1749261486,0.01239000,438.30000000,0.01132
1749261486,0.01240000,1308.80000000,0.01132
1749261486,0.01242000,1196.30000000,0.01132
1749261486,0.01243000,1779.50000000,0.01132
1749261486,0.01244000,1607.70000000,0.01132
1749261486,0.01245000,553.50000000,0.01132
1749261486,0.01246000,16809.70000000,0.01132
1749261486,0.01247000,502.40000000,0.01132
1749261486,0.01249000,448.40000000,0.01132
1749261486,0.01250000,515061.90000000,0.01132
1749261486,0.01251000,1598.70000000,0.01132
1749261486,0.01252000,808.20000000,0.01132
1749261486,0.01253000,438.30000000,0.01132
1749261797,0.01130000,22950.00000000,0.0113
1749261797,0.01131000,373498.10000000,0.0113
1749261797,0.01132000,714481.40000000,0.0113
1749261797,0.01133000,951944.20000000,0.0113
1749261797,0.01134000,482323.00000000,0.0113
1749261797,0.01135000,252516.80000000,0.0113
1749261797,0.01136000,106002.40000000,0.0113
1749261797,0.01137000,506605.90000000,0.0113
1749261797,0.01138000,462433.70000000,0.0113
1749261797,0.01139000,111832.50000000,0.0113
1749261797,0.01140000,80187.20000000,0.0113
1749261797,0.01141000,968411.00000000,0.0113
1749261797,0.01142000,99196.50000000,0.0113
1749261797,0.01143000,111616.00000000,0.0113
1749261797,0.01144000,88328.10000000,0.0113
1749261797,0.01145000,68879.60000000,0.0113
1749261797,0.01146000,67601.40000000,0.0113
1749261797,0.01147000,227181.20000000,0.0113
1749261797,0.01148000,45880.40000000,0.0113
1749261797,0.01149000,24146.30000000,0.0113
1749261797,0.01150000,54743.80000000,0.0113
1749261797,0.01151000,63190.40000000,0.0113
1749261797,0.01152000,2866.20000000,0.0113
1749261797,0.01153000,24059.00000000,0.0113
1749261797,0.01154000,639142.10000000,0.0113
1749261797,0.01155000,3962.20000000,0.0113
1749261797,0.01156000,84706.20000000,0.0113
1749261797,0.01157000,27945.40000000,0.0113
1749261797,0.01158000,85385.10000000,0.0113
1749261797,0.01159000,2262.70000000,0.0113
1749261797,0.01160000,25400.30000000,0.0113
1749261797,0.01161000,26442.90000000,0.0113
1749261797,0.01162000,565.90000000,0.0113
1749261797,0.01163000,93329.30000000,0.0113
1749261797,0.01164000,216618.80000000,0.0113
1749261797,0.01165000,4102.10000000,0.0113
1749261797,0.01166000,6272.50000000,0.0113
1749261797,0.01168000,1712.30000000,0.0113
1749261797,0.01170000,46725.80000000,0.0113
1749261797,0.01171000,2164.70000000,0.0113
1749261797,0.01172000,2775.20000000,0.0113
1749261797,0.01173000,1779.50000000,0.0113
1749261797,0.01174000,1383.40000000,0.0113
1749261797,0.01175000,8378.60000000,0.0113
1749261797,0.01177000,438.30000000,0.0113
1749261797,0.01178000,1697.70000000,0.0113
1749261797,0.01180000,5654.20000000,0.0113
1749261797,0.01181000,94440.40000000,0.0113
1749261797,0.01184000,9492.20000000,0.0113
1749261797,0.01186000,3000.60000000,0.0113
1749261797,0.01187000,8162.50000000,0.0113
1749261797,0.01188000,7662.60000000,0.0113
1749261797,0.01189000,756.90000000,0.0113
1749261797,0.01190000,3927.10000000,0.0113
1749261797,0.01191000,438.30000000,0.0113
1749261797,0.01192000,3631.20000000,0.0113
1749261797,0.01193000,5610.40000000,0.0113
1749261797,0.01194000,3454.50000000,0.0113
1749261797,0.01195000,1698.70000000,0.0113
1749261797,0.01198000,28365.70000000,0.0113
1749261797,0.01199000,565.90000000,0.0113
1749261797,0.01200000,6953.70000000,0.0113
1749261797,0.01201000,1779.50000000,0.0113
1749261797,0.01202000,11549.20000000,0.0113
1749261797,0.01205000,991.80000000,0.0113
1749261797,0.01208000,9029.00000000,0.0113
1749261797,0.01209000,565.90000000,0.0113
1749261797,0.01210000,2525.10000000,0.0113
1749261797,0.01211000,4975.40000000,0.0113
1749261797,0.01212000,22872.70000000,0.0113
1749261797,0.01213000,1543.50000000,0.0113
1749261797,0.01215000,1779.50000000,0.0113
1749261797,0.01216000,2105.20000000,0.0113
1749261797,0.01217000,502.40000000,0.0113
1749261797,0.01218000,2074.20000000,0.0113
1749261797,0.01219000,30155.90000000,0.0113
1749261797,0.01220000,1722253.40000000,0.0113
1749261797,0.01222000,2647.40000000,0.0113
1749261797,0.01224000,1529.60000000,0.0113
1749261797,0.01225000,67634.70000000,0.0113
1749261797,0.01227000,1762.20000000,0.0113
1749261797,0.01228000,4493.00000000,0.0113
1749261797,0.01229000,15901.50000000,0.0113
1749261797,0.01230000,335681.10000000,0.0113
1749261797,0.01231000,482.40000000,0.0113
1749261797,0.01232000,18006.60000000,0.0113
1749261797,0.01235000,101516.00000000,0.0113
1749261797,0.01236000,26109.80000000,0.0113
1749261797,0.01237000,5058.90000000,0.0113
1749261797,0.01238000,140662.90000000,0.0113
1749261797,0.01239000,438.30000000,0.0113
1749261797,0.01240000,1308.80000000,0.0113
1749261797,0.01242000,1196.30000000,0.0113
1749261797,0.01243000,1779.50000000,0.0113
1749261797,0.01244000,1607.70000000,0.0113
1749261797,0.01245000,553.50000000,0.0113
1749261797,0.01246000,16809.70000000,0.0113
1749261797,0.01247000,502.40000000,0.0113
1749261797,0.01249000,448.40000000,0.0113
1749261797,0.01250000,515061.90000000,0.0113
1749262098,0.01130000,22950.00000000,0.0113
1749262098,0.01131000,368561.80000000,0.0113
1749262098,0.01132000,577248.30000000,0.0113
1749262098,0.01133000,950911.30000000,0.0113
1749262098,0.01134000,635671.40000000,0.0113
1749262098,0.01135000,738938.70000000,0.0113
1749262098,0.01136000,148885.00000000,0.0113
1749262098,0.01137000,137547.10000000,0.0113
1749262098,0.01138000,151551.70000000,0.0113
1749262098,0.01139000,111832.50000000,0.0113
1749262098,0.01140000,95178.30000000,0.0113
1749262098,0.01141000,943303.20000000,0.0113
1749262098,0.01142000,67602.50000000,0.0113
1749262098,0.01143000,111616.00000000,0.0113
1749262098,0.01144000,186212.50000000,0.0113
1749262098,0.01145000,68879.60000000,0.0113
1749262098,0.01146000,67601.40000000,0.0113
1749262098,0.01147000,126551.30000000,0.0113
1749262098,0.01148000,45880.40000000,0.0113
1749262098,0.01149000,24146.30000000,0.0113
1749262098,0.01150000,54743.80000000,0.0113
1749262098,0.01151000,626807.80000000,0.0113
1749262098,0.01152000,6828.40000000,0.0113
1749262098,0.01153000,107844.50000000,0.0113
1749262098,0.01154000,75524.70000000,0.0113
1749262098,0.01156000,920.70000000,0.0113
1749262098,0.01157000,27945.40000000,0.0113
1749262098,0.01158000,107176.80000000,0.0113
1749262098,0.01159000,2262.70000000,0.0113
1749262098,0.01160000,91026.40000000,0.0113
1749262098,0.01161000,4651.20000000,0.0113
1749262098,0.01162000,565.90000000,0.0113
1749262098,0.01163000,4753.20000000,0.0113
1749262098,0.01164000,216618.80000000,0.0113
1749262098,0.01165000,4102.10000000,0.0113
1749262098,0.01166000,6272.50000000,0.0113
1749262098,0.01168000,1712.30000000,0.0113
1749262098,0.01170000,46725.80000000,0.0113
1749262098,0.01171000,2164.70000000,0.0113
1749262098,0.01172000,2775.20000000,0.0113
1749262098,0.01173000,1779.50000000,0.0113
1749262098,0.01174000,1383.40000000,0.0113
1749262098,0.01175000,8378.60000000,0.0113
1749262098,0.01177000,438.30000000,0.0113
1749262098,0.01178000,1697.70000000,0.0113
1749262098,0.01180000,5654.20000000,0.0113
1749262098,0.01181000,94440.40000000,0.0113
1749262098,0.01184000,9492.20000000,0.0113
1749262098,0.01186000,3000.60000000,0.0113
1749262098,0.01187000,8162.50000000,0.0113
1749262098,0.01188000,7662.60000000,0.0113
1749262098,0.01189000,756.90000000,0.0113
1749262098,0.01190000,3927.10000000,0.0113
1749262098,0.01191000,438.30000000,0.0113
1749262098,0.01192000,3631.20000000,0.0113
1749262098,0.01193000,5610.40000000,0.0113
1749262098,0.01194000,3454.50000000,0.0113
1749262098,0.01195000,1698.70000000,0.0113
1749262098,0.01198000,28365.70000000,0.0113
1749262098,0.01199000,565.90000000,0.0113
1749262098,0.01200000,6953.70000000,0.0113
1749262098,0.01201000,1779.50000000,0.0113
1749262098,0.01202000,11549.20000000,0.0113
1749262098,0.01205000,991.80000000,0.0113
1749262098,0.01208000,9029.00000000,0.0113
1749262098,0.01209000,565.90000000,0.0113
1749262098,0.01210000,2525.10000000,0.0113
1749262098,0.01211000,4975.40000000,0.0113
1749262098,0.01212000,22872.70000000,0.0113
1749262098,0.01213000,1543.50000000,0.0113
1749262098,0.01215000,1779.50000000,0.0113
1749262098,0.01216000,2105.20000000,0.0113
1749262098,0.01217000,502.40000000,0.0113
1749262098,0.01218000,2074.20000000,0.0113
1749262098,0.01219000,15164.80000000,0.0113
1749262098,0.01220000,1722253.40000000,0.0113
1749262098,0.01222000,2647.40000000,0.0113
1749262098,0.01224000,1529.60000000,0.0113
1749262098,0.01225000,67634.70000000,0.0113
1749262098,0.01227000,1762.20000000,0.0113
1749262098,0.01228000,4493.00000000,0.0113
1749262098,0.01229000,15901.50000000,0.0113
1749262098,0.01230000,335681.10000000,0.0113
1749262098,0.01231000,482.40000000,0.0113
1749262098,0.01232000,18006.60000000,0.0113
1749262098,0.01235000,101516.00000000,0.0113
1749262098,0.01236000,26109.80000000,0.0113
1749262098,0.01237000,5058.90000000,0.0113
1749262098,0.01238000,140662.90000000,0.0113
1749262098,0.01239000,438.30000000,0.0113
1749262098,0.01240000,1308.80000000,0.0113
1749262098,0.01242000,1196.30000000,0.0113
1749262098,0.01243000,1779.50000000,0.0113
1749262098,0.01244000,1607.70000000,0.0113
1749262098,0.01245000,553.50000000,0.0113
1749262098,0.01246000,16809.70000000,0.0113
1749262098,0.01247000,502.40000000,0.0113
1749262098,0.01249000,448.40000000,0.0113
1749262098,0.01250000,515061.90000000,0.0113
1749262098,0.01251000,1598.70000000,0.0113
1749262400,0.01133000,62454.20000000,0.01132
1749262400,0.01134000,1103548.10000000,0.01132
1749262400,0.01135000,945702.70000000,0.01132
1749262400,0.01136000,323680.00000000,0.01132
1749262400,0.01137000,348201.40000000,0.01132
1749262400,0.01138000,579985.50000000,0.01132
1749262400,0.01139000,190466.70000000,0.01132
1749262400,0.01140000,165267.00000000,0.01132
1749262400,0.01141000,943303.20000000,0.01132
1749262400,0.01142000,99196.50000000,0.01132
1749262400,0.01143000,111616.00000000,0.01132
1749262400,0.01144000,88328.10000000,0.01132
1749262400,0.01145000,68879.60000000,0.01132
1749262400,0.01146000,67601.40000000,0.01132
1749262400,0.01147000,173394.20000000,0.01132
1749262400,0.01148000,45880.40000000,0.01132
1749262400,0.01149000,24146.30000000,0.01132
1749262400,0.01150000,106514.30000000,0.01132
1749262400,0.01151000,63190.40000000,0.01132
1749262400,0.01152000,2866.20000000,0.01132
1749262400,0.01153000,107844.50000000,0.01132
1749262400,0.01154000,639142.10000000,0.01132
1749262400,0.01155000,3962.20000000,0.01132
1749262400,0.01156000,920.70000000,0.01132
1749262400,0.01157000,27945.40000000,0.01132
1749262400,0.01158000,85385.10000000,0.01132
1749262400,0.01159000,2262.70000000,0.01132
1749262400,0.01160000,113976.40000000,0.01132
1749262400,0.01161000,26442.90000000,0.01132
1749262400,0.01162000,565.90000000,0.01132
1749262400,0.01163000,4753.20000000,0.01132
1749262400,0.01164000,216618.80000000,0.01132
1749262400,0.01165000,4102.10000000,0.01132
1749262400,0.01166000,6272.50000000,0.01132
1749262400,0.01168000,1712.30000000,0.01132
1749262400,0.01170000,46725.80000000,0.01132
1749262400,0.01171000,2164.70000000,0.01132
1749262400,0.01172000,2775.20000000,0.01132
1749262400,0.01173000,1779.50000000,0.01132
1749262400,0.01174000,1383.40000000,0.01132
1749262400,0.01175000,8378.60000000,0.01132
1749262400,0.01177000,438.30000000,0.01132
1749262400,0.01178000,1697.70000000,0.01132
1749262400,0.01180000,5654.20000000,0.01132
1749262400,0.01181000,94440.40000000,0.01132
1749262400,0.01184000,9492.20000000,0.01132
1749262400,0.01186000,3000.60000000,0.01132
1749262400,0.01187000,8162.50000000,0.01132
1749262400,0.01188000,7662.60000000,0.01132
1749262400,0.01189000,756.90000000,0.01132
1749262400,0.01190000,3927.10000000,0.01132
1749262400,0.01191000,438.30000000,0.01132
1749262400,0.01192000,3631.20000000,0.01132
1749262400,0.01193000,5610.40000000,0.01132
1749262400,0.01194000,3454.50000000,0.01132
1749262400,0.01195000,1698.70000000,0.01132
1749262400,0.01198000,28365.70000000,0.01132
1749262400,0.01199000,565.90000000,0.01132
1749262400,0.01200000,6953.70000000,0.01132
1749262400,0.01201000,1779.50000000,0.01132
1749262400,0.01202000,11549.20000000,0.01132
1749262400,0.01205000,991.80000000,0.01132
1749262400,0.01208000,9029.00000000,0.01132
1749262400,0.01209000,565.90000000,0.01132
1749262400,0.01210000,2525.10000000,0.01132
1749262400,0.01211000,4975.40000000,0.01132
1749262400,0.01212000,22872.70000000,0.01132
1749262400,0.01213000,1543.50000000,0.01132
1749262400,0.01215000,1779.50000000,0.01132
1749262400,0.01216000,2105.20000000,0.01132
1749262400,0.01217000,502.40000000,0.01132
1749262400,0.01218000,2074.20000000,0.01132
1749262400,0.01220000,1722253.40000000,0.01132
1749262400,0.01222000,2647.40000000,0.01132
1749262400,0.01224000,1529.60000000,0.01132
1749262400,0.01225000,67634.70000000,0.01132
1749262400,0.01227000,1762.20000000,0.01132
1749262400,0.01228000,4493.00000000,0.01132
1749262400,0.01229000,15901.50000000,0.01132
1749262400,0.01230000,335681.10000000,0.01132
1749262400,0.01231000,482.40000000,0.01132
1749262400,0.01232000,18006.60000000,0.01132
1749262400,0.01235000,101516.00000000,0.01132
1749262400,0.01236000,26109.80000000,0.01132
1749262400,0.01237000,5058.90000000,0.01132
1749262400,0.01238000,140662.90000000,0.01132
1749262400,0.01239000,438.30000000,0.01132
1749262400,0.01240000,1308.80000000,0.01132
1749262400,0.01242000,1196.30000000,0.01132
1749262400,0.01243000,1779.50000000,0.01132
1749262400,0.01244000,1607.70000000,0.01132
1749262400,0.01245000,553.50000000,0.01132
1749262400,0.01246000,16809.70000000,0.01132
1749262400,0.01247000,502.40000000,0.01132
1749262400,0.01249000,448.40000000,0.01132
1749262400,0.01250000,515061.90000000,0.01132
1749262400,0.01251000,1598.70000000,0.01132
1749262400,0.01252000,808.20000000,0.01132
1749262400,0.01253000,438.30000000,0.01132
1749262400,0.01255000,5718.60000000,0.01132
1749262705,0.01134000,294129.00000000,0.01134
1749262705,0.01135000,577963.40000000,0.01134
1749262705,0.01136000,573084.00000000,0.01134
1749262705,0.01137000,103747.60000000,0.01134
1749262705,0.01138000,561516.00000000,0.01134
1749262705,0.01139000,441760.60000000,0.01134
1749262705,0.01140000,145383.60000000,0.01134
1749262705,0.01141000,968411.00000000,0.01134
1749262705,0.01142000,99196.50000000,0.01134
1749262705,0.01143000,111616.00000000,0.01134
1749262705,0.01144000,88328.10000000,0.01134
1749262705,0.01145000,68879.60000000,0.01134
1749262705,0.01146000,67601.40000000,0.01134
1749262705,0.01147000,173394.20000000,0.01134
1749262705,0.01148000,37557.10000000,0.01134
1749262705,0.01149000,24146.30000000,0.01134
1749262705,0.01150000,106514.30000000,0.01134
1749262705,0.01151000,32908.60000000,0.01134
1749262705,0.01152000,2866.20000000,0.01134
1749262705,0.01153000,24059.00000000,0.01134
1749262705,0.01154000,677747.20000000,0.01134
1749262705,0.01155000,3962.20000000,0.01134
1749262705,0.01156000,84706.20000000,0.01134
1749262705,0.01157000,27945.40000000,0.01134
1749262705,0.01158000,85385.10000000,0.01134
1749262705,0.01159000,2262.70000000,0.01134
1749262705,0.01160000,25400.30000000,0.01134
1749262705,0.01161000,26442.90000000,0.01134
1749262705,0.01162000,565.90000000,0.01134
1749262705,0.01163000,93329.30000000,0.01134
1749262705,0.01164000,216618.80000000,0.01134
1749262705,0.01165000,4102.10000000,0.01134
1749262705,0.01166000,6272.50000000,0.01134
1749262705,0.01168000,1712.30000000,0.01134
1749262705,0.01170000,46725.80000000,0.01134
1749262705,0.01171000,2164.70000000,0.01134
1749262705,0.01172000,2775.20000000,0.01134
1749262705,0.01173000,1779.50000000,0.01134
1749262705,0.01174000,1383.40000000,0.01134
1749262705,0.01175000,8378.60000000,0.01134
1749262705,0.01177000,438.30000000,0.01134
1749262705,0.01178000,1697.70000000,0.01134
1749262705,0.01180000,5654.20000000,0.01134
1749262705,0.01181000,2675.30000000,0.01134
1749262705,0.01184000,101257.30000000,0.01134
1749262705,0.01186000,3000.60000000,0.01134
1749262705,0.01187000,8162.50000000,0.01134
1749262705,0.01188000,7662.60000000,0.01134
1749262705,0.01189000,756.90000000,0.01134
1749262705,0.01190000,3927.10000000,0.01134
1749262705,0.01191000,438.30000000,0.01134
1749262705,0.01192000,3631.20000000,0.01134
1749262705,0.01193000,5610.40000000,0.01134
1749262705,0.01194000,3454.50000000,0.01134
1749262705,0.01195000,1698.70000000,0.01134
1749262705,0.01198000,28365.70000000,0.01134
1749262705,0.01199000,565.90000000,0.01134
1749262705,0.01200000,6953.70000000,0.01134
1749262705,0.01201000,1779.50000000,0.01134
1749262705,0.01202000,11549.20000000,0.01134
1749262705,0.01205000,991.80000000,0.01134
1749262705,0.01208000,9029.00000000,0.01134
1749262705,0.01209000,565.90000000,0.01134
1749262705,0.01210000,2525.10000000,0.01134
1749262705,0.01211000,4975.40000000,0.01134
1749262705,0.01212000,22872.70000000,0.01134
1749262705,0.01213000,1543.50000000,0.01134
1749262705,0.01215000,1779.50000000,0.01134
1749262705,0.01216000,2105.20000000,0.01134
1749262705,0.01217000,502.40000000,0.01134
1749262705,0.01218000,2074.20000000,0.01134
1749262705,0.01219000,37107.70000000,0.01134
1749262705,0.01220000,1722253.40000000,0.01134
1749262705,0.01222000,2647.40000000,0.01134
1749262705,0.01224000,1529.60000000,0.01134
1749262705,0.01225000,67634.70000000,0.01134
1749262705,0.01227000,1762.20000000,0.01134
1749262705,0.01228000,4493.00000000,0.01134
1749262705,0.01229000,15901.50000000,0.01134
1749262705,0.01230000,335681.10000000,0.01134
1749262705,0.01231000,482.40000000,0.01134
1749262705,0.01232000,18006.60000000,0.01134
1749262705,0.01235000,101516.00000000,0.01134
1749262705,0.01236000,26109.80000000,0.01134
1749262705,0.01237000,5058.90000000,0.01134
1749262705,0.01238000,140662.90000000,0.01134
1749262705,0.01239000,438.30000000,0.01134
1749262705,0.01240000,1308.80000000,0.01134
1749262705,0.01242000,1196.30000000,0.01134
1749262705,0.01243000,1779.50000000,0.01134
1749262705,0.01244000,1607.70000000,0.01134
1749262705,0.01245000,553.50000000,0.01134
1749262705,0.01246000,16809.70000000,0.01134
1749262705,0.01247000,502.40000000,0.01134
1749262705,0.01249000,448.40000000,0.01134
1749262705,0.01250000,515061.90000000,0.01134
1749262705,0.01251000,1598.70000000,0.01134
1749262705,0.01252000,808.20000000,0.01134
1749262705,0.01253000,438.30000000,0.01134
1749262705,0.01255000,5718.60000000,0.01134
1749263013,0.01134000,244450.20000000,0.01133
1749263013,0.01135000,545042.60000000,0.01133
1749263013,0.01136000,653686.20000000,0.01133
1749263013,0.01137000,341495.50000000,0.01133
1749263013,0.01138000,553097.30000000,0.01133
1749263013,0.01139000,244362.00000000,0.01133
1749263013,0.01140000,118079.60000000,0.01133
1749263013,0.01141000,968411.00000000,0.01133
1749263013,0.01142000,99196.50000000,0.01133
1749263013,0.01143000,111616.00000000,0.01133
1749263013,0.01144000,88328.10000000,0.01133
1749263013,0.01145000,68879.60000000,0.01133
1749263013,0.01146000,67601.40000000,0.01133
1749263013,0.01147000,173394.20000000,0.01133
1749263013,0.01148000,45880.40000000,0.01133
1749263013,0.01149000,24146.30000000,0.01133
1749263013,0.01150000,106514.30000000,0.01133
1749263013,0.01151000,24585.30000000,0.01133
1749263013,0.01152000,2866.20000000,0.01133
1749263013,0.01153000,24059.00000000,0.01133
1749263013,0.01154000,677747.20000000,0.01133
1749263013,0.01155000,3962.20000000,0.01133
1749263013,0.01156000,84706.20000000,0.01133
1749263013,0.01157000,27945.40000000,0.01133
1749263013,0.01158000,85385.10000000,0.01133
1749263013,0.01159000,2262.70000000,0.01133
1749263013,0.01160000,2450.30000000,0.01133
1749263013,0.01161000,49392.90000000,0.01133
1749263013,0.01162000,565.90000000,0.01133
1749263013,0.01163000,93329.30000000,0.01133
1749263013,0.01164000,216618.80000000,0.01133
1749263013,0.01165000,4102.10000000,0.01133
1749263013,0.01166000,6272.50000000,0.01133
1749263013,0.01168000,1712.30000000,0.01133
1749263013,0.01170000,46725.80000000,0.01133
1749263013,0.01171000,2164.70000000,0.01133
1749263013,0.01172000,2775.20000000,0.01133
1749263013,0.01173000,1779.50000000,0.01133
1749263013,0.01174000,1383.40000000,0.01133
1749263013,0.01175000,8378.60000000,0.01133
1749263013,0.01177000,438.30000000,0.01133
1749263013,0.01178000,1697.70000000,0.01133
1749263013,0.01180000,5654.20000000,0.01133
1749263013,0.01181000,94440.40000000,0.01133
1749263013,0.01184000,9492.20000000,0.01133
1749263013,0.01186000,3000.60000000,0.01133
1749263013,0.01187000,8162.50000000,0.01133
1749263013,0.01188000,7662.60000000,0.01133
1749263013,0.01189000,756.90000000,0.01133
1749263013,0.01190000,3927.10000000,0.01133
1749263013,0.01191000,438.30000000,0.01133
1749263013,0.01192000,3631.20000000,0.01133
1749263013,0.01193000,5610.40000000,0.01133
1749263013,0.01194000,3454.50000000,0.01133
1749263013,0.01195000,1698.70000000,0.01133
1749263013,0.01198000,28365.70000000,0.01133
1749263013,0.01199000,565.90000000,0.01133
1749263013,0.01200000,6953.70000000,0.01133
1749263013,0.01201000,1779.50000000,0.01133
1749263013,0.01202000,11549.20000000,0.01133
1749263013,0.01205000,991.80000000,0.01133
1749263013,0.01208000,9029.00000000,0.01133
1749263013,0.01209000,565.90000000,0.01133
1749263013,0.01210000,2525.10000000,0.01133
1749263013,0.01211000,4975.40000000,0.01133
1749263013,0.01212000,22872.70000000,0.01133
1749263013,0.01213000,1543.50000000,0.01133
1749263013,0.01215000,1779.50000000,0.01133
1749263013,0.01216000,2105.20000000,0.01133
1749263013,0.01217000,502.40000000,0.01133
1749263013,0.01218000,2074.20000000,0.01133
1749263013,0.01219000,37107.70000000,0.01133
1749263013,0.01220000,1722253.40000000,0.01133
1749263013,0.01222000,2647.40000000,0.01133
1749263013,0.01224000,1529.60000000,0.01133
1749263013,0.01225000,67634.70000000,0.01133
1749263013,0.01227000,1762.20000000,0.01133
1749263013,0.01228000,4493.00000000,0.01133
1749263013,0.01229000,15901.50000000,0.01133
1749263013,0.01230000,335681.10000000,0.01133
1749263013,0.01231000,482.40000000,0.01133
1749263013,0.01232000,18006.60000000,0.01133
1749263013,0.01235000,101516.00000000,0.01133
1749263013,0.01236000,26109.80000000,0.01133
1749263013,0.01237000,5058.90000000,0.01133
1749263013,0.01238000,140662.90000000,0.01133
1749263013,0.01239000,438.30000000,0.01133
1749263013,0.01240000,1308.80000000,0.01133
1749263013,0.01242000,1196.30000000,0.01133
1749263013,0.01243000,1779.50000000,0.01133
1749263013,0.01244000,1607.70000000,0.01133
1749263013,0.01245000,553.50000000,0.01133
1749263013,0.01246000,16809.70000000,0.01133
1749263013,0.01247000,502.40000000,0.01133
1749263013,0.01249000,448.40000000,0.01133
1749263013,0.01250000,515061.90000000,0.01133
1749263013,0.01251000,1598.70000000,0.01133
1749263013,0.01252000,808.20000000,0.01133
1749263013,0.01253000,438.30000000,0.01133
1749263013,0.01255000,5718.60000000,0.01133
1749263321,0.01136000,244523.20000000,0.01133
1749263321,0.01137000,755488.10000000,0.01133
1749263321,0.01138000,577450.10000000,0.01133
1749263321,0.01139000,140668.00000000,0.01133
1749263321,0.01140000,359646.30000000,0.01133
1749263321,0.01141000,662693.60000000,0.01133
1749263321,0.01142000,144240.30000000,0.01133
1749263321,0.01143000,111616.00000000,0.01133
1749263321,0.01144000,88328.10000000,0.01133
1749263321,0.01145000,68879.60000000,0.01133
1749263321,0.01146000,940096.90000000,0.01133
1749263321,0.01147000,173394.20000000,0.01133
1749263321,0.01148000,29225.10000000,0.01133
1749263321,0.01149000,24146.30000000,0.01133
1749263321,0.01150000,54743.80000000,0.01133
1749263321,0.01151000,41240.60000000,0.01133
1749263321,0.01152000,2866.20000000,0.01133
1749263321,0.01153000,75829.50000000,0.01133
1749263321,0.01154000,114129.80000000,0.01133
1749263321,0.01156000,107656.20000000,0.01133
1749263321,0.01157000,591562.80000000,0.01133
1749263321,0.01158000,89347.30000000,0.01133
1749263321,0.01159000,2262.70000000,0.01133
1749263321,0.01160000,2450.30000000,0.01133
1749263321,0.01161000,27601.20000000,0.01133
1749263321,0.01162000,565.90000000,0.01133
1749263321,0.01163000,116279.30000000,0.01133
1749263321,0.01164000,238410.50000000,0.01133
1749263321,0.01165000,4102.10000000,0.01133
1749263321,0.01166000,6272.50000000,0.01133
1749263321,0.01168000,1712.30000000,0.01133
1749263321,0.01170000,46725.80000000,0.01133
1749263321,0.01171000,2164.70000000,0.01133
1749263321,0.01172000,2775.20000000,0.01133
1749263321,0.01173000,1779.50000000,0.01133
1749263321,0.01174000,1383.40000000,0.01133
1749263321,0.01175000,8378.60000000,0.01133
1749263321,0.01177000,438.30000000,0.01133
1749263321,0.01178000,1697.70000000,0.01133
1749263321,0.01180000,5654.20000000,0.01133
1749263321,0.01181000,2675.30000000,0.01133
1749263321,0.01184000,101257.30000000,0.01133
1749263321,0.01186000,3000.60000000,0.01133
1749263321,0.01187000,8162.50000000,0.01133
1749263321,0.01188000,7662.60000000,0.01133
1749263321,0.01189000,756.90000000,0.01133
1749263321,0.01190000,3927.10000000,0.01133
1749263321,0.01191000,438.30000000,0.01133
1749263321,0.01192000,3631.20000000,0.01133
1749263321,0.01193000,5610.40000000,0.01133
1749263321,0.01194000,3454.50000000,0.01133
1749263321,0.01195000,1698.70000000,0.01133
1749263321,0.01198000,28365.70000000,0.01133
1749263321,0.01199000,565.90000000,0.01133
1749263321,0.01200000,6953.70000000,0.01133
1749263321,0.01201000,1779.50000000,0.01133
1749263321,0.01202000,11549.20000000,0.01133
1749263321,0.01205000,991.80000000,0.01133
1749263321,0.01208000,9029.00000000,0.01133
1749263321,0.01209000,565.90000000,0.01133
1749263321,0.01210000,2525.10000000,0.01133
1749263321,0.01211000,4975.40000000,0.01133
1749263321,0.01212000,22872.70000000,0.01133
1749263321,0.01213000,1543.50000000,0.01133
1749263321,0.01215000,1779.50000000,0.01133
1749263321,0.01216000,2105.20000000,0.01133
1749263321,0.01217000,502.40000000,0.01133
1749263321,0.01218000,2074.20000000,0.01133
1749263321,0.01219000,37107.70000000,0.01133
1749263321,0.01220000,1722253.40000000,0.01133
1749263321,0.01222000,2647.40000000,0.01133
1749263321,0.01224000,1529.60000000,0.01133
1749263321,0.01225000,67634.70000000,0.01133
1749263321,0.01227000,1762.20000000,0.01133
1749263321,0.01228000,4493.00000000,0.01133
1749263321,0.01229000,15901.50000000,0.01133
1749263321,0.01230000,335681.10000000,0.01133
1749263321,0.01231000,482.40000000,0.01133
1749263321,0.01232000,18006.60000000,0.01133
1749263321,0.01235000,101516.00000000,0.01133
1749263321,0.01236000,26109.80000000,0.01133
1749263321,0.01237000,5058.90000000,0.01133
1749263321,0.01238000,140662.90000000,0.01133
1749263321,0.01239000,438.30000000,0.01133
1749263321,0.01240000,1308.80000000,0.01133
1749263321,0.01242000,1196.30000000,0.01133
1749263321,0.01243000,1779.50000000,0.01133
1749263321,0.01244000,1607.70000000,0.01133
1749263321,0.01245000,553.50000000,0.01133
1749263321,0.01246000,16809.70000000,0.01133
1749263321,0.01247000,502.40000000,0.01133
1749263321,0.01249000,448.40000000,0.01133
1749263321,0.01250000,515061.90000000,0.01133
1749263321,0.01251000,1598.70000000,0.01133
1749263321,0.01252000,808.20000000,0.01133
1749263321,0.01253000,438.30000000,0.01133
1749263321,0.01255000,5718.60000000,0.01133
1749263321,0.01256000,10477.10000000,0.01133
1749263321,0.01257000,1489.40000000,0.01133
1749263321,0.01258000,1196.30000000,0.01133
1749263623,0.01135000,129528.70000000,0.01133
1749263623,0.01136000,300653.60000000,0.01133
1749263623,0.01137000,542107.60000000,0.01133
1749263623,0.01138000,563720.70000000,0.01133
1749263623,0.01139000,232622.80000000,0.01133
1749263623,0.01140000,377154.20000000,0.01133
1749263623,0.01141000,644848.20000000,0.01133
1749263623,0.01142000,111015.30000000,0.01133
1749263623,0.01143000,143210.00000000,0.01133
1749263623,0.01144000,113370.00000000,0.01133
1749263623,0.01145000,130843.10000000,0.01133
1749263623,0.01146000,940096.90000000,0.01133
1749263623,0.01147000,173394.20000000,0.01133
1749263623,0.01148000,29225.10000000,0.01133
1749263623,0.01149000,24146.30000000,0.01133
1749263623,0.01150000,54743.80000000,0.01133
1749263623,0.01151000,41240.60000000,0.01133
1749263623,0.01152000,2866.20000000,0.01133
1749263623,0.01153000,75829.50000000,0.01133
1749263623,0.01154000,114129.80000000,0.01133
1749263623,0.01156000,107656.20000000,0.01133
1749263623,0.01157000,591562.80000000,0.01133
1749263623,0.01158000,89347.30000000,0.01133
1749263623,0.01159000,2262.70000000,0.01133
1749263623,0.01160000,2450.30000000,0.01133
1749263623,0.01161000,27601.20000000,0.01133
1749263623,0.01162000,565.90000000,0.01133
1749263623,0.01163000,116279.30000000,0.01133
1749263623,0.01164000,238410.50000000,0.01133
1749263623,0.01165000,4102.10000000,0.01133
1749263623,0.01166000,6272.50000000,0.01133
1749263623,0.01168000,1712.30000000,0.01133
1749263623,0.01170000,46725.80000000,0.01133
1749263623,0.01171000,2164.70000000,0.01133
1749263623,0.01172000,2775.20000000,0.01133
1749263623,0.01173000,1779.50000000,0.01133
1749263623,0.01174000,1383.40000000,0.01133
1749263623,0.01175000,8378.60000000,0.01133
1749263623,0.01177000,438.30000000,0.01133
1749263623,0.01178000,1697.70000000,0.01133
1749263623,0.01180000,5654.20000000,0.01133
1749263623,0.01181000,2675.30000000,0.01133
1749263623,0.01184000,101257.30000000,0.01133
1749263623,0.01186000,3000.60000000,0.01133
1749263623,0.01187000,8162.50000000,0.01133
1749263623,0.01188000,7662.60000000,0.01133
1749263623,0.01189000,756.90000000,0.01133
1749263623,0.01190000,3927.10000000,0.01133
1749263623,0.01191000,438.30000000,0.01133
1749263623,0.01192000,3631.20000000,0.01133
1749263623,0.01193000,5610.40000000,0.01133
1749263623,0.01194000,3454.50000000,0.01133
1749263623,0.01195000,1698.70000000,0.01133
1749263623,0.01198000,28365.70000000,0.01133
1749263623,0.01199000,565.90000000,0.01133
1749263623,0.01200000,6953.70000000,0.01133
1749263623,0.01201000,1779.50000000,0.01133
1749263623,0.01202000,11549.20000000,0.01133
1749263623,0.01205000,991.80000000,0.01133
1749263623,0.01208000,9029.00000000,0.01133
1749263623,0.01209000,565.90000000,0.01133
1749263623,0.01210000,2525.10000000,0.01133
1749263623,0.01211000,4975.40000000,0.01133
1749263623,0.01212000,22872.70000000,0.01133
1749263623,0.01213000,1543.50000000,0.01133
1749263623,0.01215000,1779.50000000,0.01133
1749263623,0.01216000,2105.20000000,0.01133
1749263623,0.01217000,502.40000000,0.01133
1749263623,0.01218000,2074.20000000,0.01133
1749263623,0.01220000,1722253.40000000,0.01133
1749263623,0.01222000,2647.40000000,0.01133
1749263623,0.01224000,1529.60000000,0.01133
1749263623,0.01225000,67634.70000000,0.01133
1749263623,0.01227000,1762.20000000,0.01133
1749263623,0.01228000,4493.00000000,0.01133
1749263623,0.01229000,15901.50000000,0.01133
1749263623,0.01230000,335681.10000000,0.01133
1749263623,0.01231000,482.40000000,0.01133
1749263623,0.01232000,18006.60000000,0.01133
1749263623,0.01235000,101516.00000000,0.01133
1749263623,0.01236000,26109.80000000,0.01133
1749263623,0.01237000,5058.90000000,0.01133
1749263623,0.01238000,140662.90000000,0.01133
1749263623,0.01239000,438.30000000,0.01133
1749263623,0.01240000,1308.80000000,0.01133
1749263623,0.01242000,1196.30000000,0.01133
1749263623,0.01243000,1779.50000000,0.01133
1749263623,0.01244000,1607.70000000,0.01133
1749263623,0.01245000,553.50000000,0.01133
1749263623,0.01246000,16809.70000000,0.01133
1749263623,0.01247000,502.40000000,0.01133
1749263623,0.01249000,448.40000000,0.01133
1749263623,0.01250000,515061.90000000,0.01133
1749263623,0.01251000,1598.70000000,0.01133
1749263623,0.01252000,808.20000000,0.01133
1749263623,0.01253000,438.30000000,0.01133
1749263623,0.01255000,5718.60000000,0.01133
1749263623,0.01256000,10477.10000000,0.01133
1749263623,0.01257000,1489.40000000,0.01133
1749263623,0.01258000,1196.30000000,0.01133
1749263930,0.01137000,45900.00000000,0.01136
1749263930,0.01138000,286011.70000000,0.01136
1749263930,0.01139000,423853.10000000,0.01136
1749263930,0.01140000,335224.50000000,0.01136
1749263930,0.01141000,531690.30000000,0.01136
1749263930,0.01142000,389912.20000000,0.01136
1749263930,0.01143000,281279.00000000,0.01136
1749263930,0.01144000,145080.80000000,0.01136
1749263930,0.01145000,112951.80000000,0.01136
1749263930,0.01146000,962103.90000000,0.01136
1749263930,0.01147000,74780.80000000,0.01136
1749263930,0.01148000,29225.10000000,0.01136
1749263930,0.01149000,24146.30000000,0.01136
1749263930,0.01150000,153730.10000000,0.01136
1749263930,0.01151000,41240.60000000,0.01136
1749263930,0.01152000,2345.40000000,0.01136
1749263930,0.01153000,75829.50000000,0.01136
1749263930,0.01154000,75524.70000000,0.01136
1749263930,0.01156000,107656.20000000,0.01136
1749263930,0.01157000,630167.90000000,0.01136
1749263930,0.01158000,89347.30000000,0.01136
1749263930,0.01159000,2262.70000000,0.01136
1749263930,0.01160000,2450.30000000,0.01136
1749263930,0.01161000,27601.20000000,0.01136
1749263930,0.01162000,565.90000000,0.01136
1749263930,0.01163000,27703.20000000,0.01136
1749263930,0.01164000,260071.80000000,0.01136
1749263930,0.01165000,4102.10000000,0.01136
1749263930,0.01166000,117798.60000000,0.01136
1749263930,0.01168000,1712.30000000,0.01136
1749263930,0.01170000,69675.80000000,0.01136
1749263930,0.01171000,2164.70000000,0.01136
1749263930,0.01172000,2775.20000000,0.01136
1749263930,0.01173000,1779.50000000,0.01136
1749263930,0.01174000,1383.40000000,0.01136
1749263930,0.01175000,7527.50000000,0.01136
1749263930,0.01177000,438.30000000,0.01136
1749263930,0.01178000,1697.70000000,0.01136
1749263930,0.01180000,5654.20000000,0.01136
1749263930,0.01181000,2675.30000000,0.01136
1749263930,0.01184000,101257.30000000,0.01136
1749263930,0.01186000,3000.60000000,0.01136
1749263930,0.01187000,7488.50000000,0.01136
1749263930,0.01188000,7662.60000000,0.01136
1749263930,0.01189000,756.90000000,0.01136
1749263930,0.01190000,3927.10000000,0.01136
1749263930,0.01191000,438.30000000,0.01136
1749263930,0.01192000,3631.20000000,0.01136
1749263930,0.01193000,5610.40000000,0.01136
1749263930,0.01194000,3454.50000000,0.01136
1749263930,0.01195000,1698.70000000,0.01136
1749263930,0.01198000,28365.70000000,0.01136
1749263930,0.01199000,565.90000000,0.01136
1749263930,0.01200000,6953.70000000,0.01136
1749263930,0.01201000,1779.50000000,0.01136
1749263930,0.01202000,11549.20000000,0.01136
1749263930,0.01205000,991.80000000,0.01136
1749263930,0.01208000,9029.00000000,0.01136
1749263930,0.01209000,565.90000000,0.01136
1749263930,0.01210000,2525.10000000,0.01136
1749263930,0.01211000,4975.40000000,0.01136
1749263930,0.01212000,22872.70000000,0.01136
1749263930,0.01213000,1543.50000000,0.01136
1749263930,0.01215000,44313.90000000,0.01136
1749263930,0.01216000,2105.20000000,0.01136
1749263930,0.01217000,502.40000000,0.01136
1749263930,0.01218000,2074.20000000,0.01136
1749263930,0.01219000,32882.40000000,0.01136
1749263930,0.01220000,1722253.40000000,0.01136
1749263930,0.01222000,2647.40000000,0.01136
1749263930,0.01224000,1529.60000000,0.01136
1749263930,0.01225000,67634.70000000,0.01136
1749263930,0.01227000,1762.20000000,0.01136
1749263930,0.01228000,4493.00000000,0.01136
1749263930,0.01229000,15901.50000000,0.01136
1749263930,0.01230000,335681.10000000,0.01136
1749263930,0.01231000,482.40000000,0.01136
1749263930,0.01232000,18006.60000000,0.01136
1749263930,0.01235000,101516.00000000,0.01136
1749263930,0.01236000,26109.80000000,0.01136
1749263930,0.01237000,5058.90000000,0.01136
1749263930,0.01238000,140662.90000000,0.01136
1749263930,0.01239000,438.30000000,0.01136
1749263930,0.01240000,1308.80000000,0.01136
1749263930,0.01242000,1196.30000000,0.01136
1749263930,0.01243000,1779.50000000,0.01136
1749263930,0.01244000,1607.70000000,0.01136
1749263930,0.01245000,553.50000000,0.01136
1749263930,0.01246000,16809.70000000,0.01136
1749263930,0.01247000,502.40000000,0.01136
1749263930,0.01249000,448.40000000,0.01136
1749263930,0.01250000,515061.90000000,0.01136
1749263930,0.01251000,1598.70000000,0.01136
1749263930,0.01252000,808.20000000,0.01136
1749263930,0.01253000,438.30000000,0.01136
1749263930,0.01255000,5718.60000000,0.01136
1749263930,0.01256000,10477.10000000,0.01136
1749263930,0.01257000,1489.40000000,0.01136
1749263930,0.01258000,1196.30000000,0.01136
1749263930,0.01260000,3025.50000000,0.01136
1749264232,0.01132000,22950.00000000,0.01133
1749264232,0.01133000,281309.40000000,0.01133
1749264232,0.01134000,314596.30000000,0.01133
1749264232,0.01135000,768262.30000000,0.01133
1749264232,0.01136000,834509.70000000,0.01133
1749264232,0.01137000,543947.60000000,0.01133
1749264232,0.01138000,635720.10000000,0.01133
1749264232,0.01139000,273958.60000000,0.01133
1749264232,0.01140000,571237.90000000,0.01133
1749264232,0.01141000,67100.10000000,0.01133
1749264232,0.01142000,93506.70000000,0.01133
1749264232,0.01143000,143210.00000000,0.01133
1749264232,0.01144000,113370.00000000,0.01133
1749264232,0.01145000,112951.80000000,0.01133
1749264232,0.01146000,89608.40000000,0.01133
1749264232,0.01147000,172795.90000000,0.01133
1749264232,0.01148000,29225.10000000,0.01133
1749264232,0.01149000,68296.40000000,0.01133
1749264232,0.01150000,106514.30000000,0.01133
1749264232,0.01151000,41240.60000000,0.01133
1749264232,0.01152000,2345.40000000,0.01133
1749264232,0.01153000,24059.00000000,0.01133
1749264232,0.01154000,677747.20000000,0.01133
1749264232,0.01155000,3962.20000000,0.01133
1749264232,0.01156000,107656.20000000,0.01133
1749264232,0.01157000,27945.40000000,0.01133
1749264232,0.01158000,85385.10000000,0.01133
1749264232,0.01159000,2262.70000000,0.01133
1749264232,0.01160000,2450.30000000,0.01133
1749264232,0.01161000,49392.90000000,0.01133
1749264232,0.01162000,565.90000000,0.01133
1749264232,0.01163000,116279.30000000,0.01133
1749264232,0.01164000,238280.10000000,0.01133
1749264232,0.01165000,4102.10000000,0.01133
1749264232,0.01166000,6272.50000000,0.01133
1749264232,0.01168000,1712.30000000,0.01133
1749264232,0.01170000,46725.80000000,0.01133
1749264232,0.01171000,2164.70000000,0.01133
1749264232,0.01172000,2775.20000000,0.01133
1749264232,0.01173000,1779.50000000,0.01133
1749264232,0.01174000,1383.40000000,0.01133
1749264232,0.01175000,7527.50000000,0.01133
1749264232,0.01177000,438.30000000,0.01133
1749264232,0.01178000,1697.70000000,0.01133
1749264232,0.01180000,5654.20000000,0.01133
1749264232,0.01181000,2675.30000000,0.01133
1749264232,0.01184000,101257.30000000,0.01133
1749264232,0.01186000,3000.60000000,0.01133
1749264232,0.01187000,7488.50000000,0.01133
1749264232,0.01188000,7662.60000000,0.01133
1749264232,0.01189000,756.90000000,0.01133
1749264232,0.01190000,3927.10000000,0.01133
1749264232,0.01191000,438.30000000,0.01133
1749264232,0.01192000,3631.20000000,0.01133
1749264232,0.01193000,5610.40000000,0.01133
1749264232,0.01194000,3454.50000000,0.01133
1749264232,0.01195000,1698.70000000,0.01133
1749264232,0.01198000,28365.70000000,0.01133
1749264232,0.01199000,565.90000000,0.01133
1749264232,0.01200000,6953.70000000,0.01133
1749264232,0.01201000,1779.50000000,0.01133
1749264232,0.01202000,11549.20000000,0.01133
1749264232,0.01205000,991.80000000,0.01133
1749264232,0.01208000,9029.00000000,0.01133
1749264232,0.01209000,565.90000000,0.01133
1749264232,0.01210000,2525.10000000,0.01133
1749264232,0.01211000,4975.40000000,0.01133
1749264232,0.01212000,22872.70000000,0.01133
1749264232,0.01213000,1543.50000000,0.01133
1749264232,0.01215000,44313.90000000,0.01133
1749264232,0.01216000,2105.20000000,0.01133
1749264232,0.01217000,502.40000000,0.01133
1749264232,0.01218000,2074.20000000,0.01133
1749264232,0.01219000,37107.70000000,0.01133
1749264232,0.01220000,1722253.40000000,0.01133
1749264232,0.01222000,2647.40000000,0.01133
1749264232,0.01224000,1529.60000000,0.01133
1749264232,0.01225000,67634.70000000,0.01133
1749264232,0.01227000,1762.20000000,0.01133
1749264232,0.01228000,4493.00000000,0.01133
1749264232,0.01229000,15901.50000000,0.01133
1749264232,0.01230000,335681.10000000,0.01133
1749264232,0.01231000,482.40000000,0.01133
1749264232,0.01232000,18006.60000000,0.01133
1749264232,0.01235000,101516.00000000,0.01133
1749264232,0.01236000,26109.80000000,0.01133
1749264232,0.01237000,5058.90000000,0.01133
1749264232,0.01238000,140662.90000000,0.01133
1749264232,0.01239000,438.30000000,0.01133
1749264232,0.01240000,1308.80000000,0.01133
1749264232,0.01242000,1196.30000000,0.01133
1749264232,0.01243000,1779.50000000,0.01133
1749264232,0.01244000,1607.70000000,0.01133
1749264232,0.01245000,553.50000000,0.01133
1749264232,0.01246000,16809.70000000,0.01133
1749264232,0.01247000,502.40000000,0.01133
1749264232,0.01249000,448.40000000,0.01133
1749264232,0.01250000,515061.90000000,0.01133
1749264232,0.01251000,1598.70000000,0.01133
1749264232,0.01252000,808.20000000,0.01133
1749264534,0.01135000,45900.00000000,0.01133
1749264534,0.01136000,607653.60000000,0.01133
1749264534,0.01137000,549216.10000000,0.01133
1749264534,0.01138000,325049.30000000,0.01133
1749264534,0.01139000,394830.80000000,0.01133
1749264534,0.01140000,163053.90000000,0.01133
1749264534,0.01141000,646492.30000000,0.01133
1749264534,0.01142000,125120.90000000,0.01133
1749264534,0.01143000,143210.00000000,0.01133
1749264534,0.01144000,961881.40000000,0.01133
1749264534,0.01145000,112951.80000000,0.01133
1749264534,0.01146000,89608.40000000,0.01133
1749264534,0.01147000,172795.90000000,0.01133
1749264534,0.01148000,37557.10000000,0.01133
1749264534,0.01149000,68296.40000000,0.01133
1749264534,0.01150000,106514.30000000,0.01133
1749264534,0.01151000,32908.60000000,0.01133
1749264534,0.01152000,2345.40000000,0.01133
1749264534,0.01153000,24059.00000000,0.01133
1749264534,0.01154000,677747.20000000,0.01133
1749264534,0.01155000,3962.20000000,0.01133
1749264534,0.01156000,107656.20000000,0.01133
1749264534,0.01157000,27945.40000000,0.01133
1749264534,0.01158000,85385.10000000,0.01133
1749264534,0.01159000,2262.70000000,0.01133
1749264534,0.01160000,2450.30000000,0.01133
1749264534,0.01161000,49392.90000000,0.01133
1749264534,0.01162000,565.90000000,0.01133
1749264534,0.01163000,116279.30000000,0.01133
1749264534,0.01164000,238280.10000000,0.01133
1749264534,0.01165000,4102.10000000,0.01133
1749264534,0.01166000,29222.50000000,0.01133
1749264534,0.01168000,1712.30000000,0.01133
1749264534,0.01170000,46725.80000000,0.01133
1749264534,0.01171000,2164.70000000,0.01133
1749264534,0.01172000,2775.20000000,0.01133
1749264534,0.01173000,1779.50000000,0.01133
1749264534,0.01174000,1383.40000000,0.01133
1749264534,0.01175000,7527.50000000,0.01133
1749264534,0.01177000,438.30000000,0.01133
1749264534,0.01178000,1697.70000000,0.01133
1749264534,0.01180000,5654.20000000,0.01133
1749264534,0.01181000,2675.30000000,0.01133
1749264534,0.01184000,101257.30000000,0.01133
1749264534,0.01186000,3000.60000000,0.01133
1749264534,0.01187000,7488.50000000,0.01133
1749264534,0.01188000,7662.60000000,0.01133
1749264534,0.01189000,756.90000000,0.01133
1749264534,0.01190000,3927.10000000,0.01133
1749264534,0.01191000,438.30000000,0.01133
1749264534,0.01192000,3631.20000000,0.01133
1749264534,0.01193000,5610.40000000,0.01133
1749264534,0.01194000,3454.50000000,0.01133
1749264534,0.01195000,1698.70000000,0.01133
1749264534,0.01198000,28365.70000000,0.01133
1749264534,0.01199000,565.90000000,0.01133
1749264534,0.01200000,6953.70000000,0.01133
1749264534,0.01201000,1779.50000000,0.01133
1749264534,0.01202000,11549.20000000,0.01133
1749264534,0.01205000,991.80000000,0.01133
1749264534,0.01208000,9029.00000000,0.01133
1749264534,0.01209000,565.90000000,0.01133
1749264534,0.01210000,2525.10000000,0.01133
1749264534,0.01211000,4975.40000000,0.01133
1749264534,0.01212000,22872.70000000,0.01133
1749264534,0.01213000,1543.50000000,0.01133
1749264534,0.01215000,44313.90000000,0.01133
1749264534,0.01216000,2105.20000000,0.01133
1749264534,0.01217000,502.40000000,0.01133
1749264534,0.01218000,2074.20000000,0.01133
1749264534,0.01219000,37107.70000000,0.01133
1749264534,0.01220000,1722253.40000000,0.01133
1749264534,0.01222000,2647.40000000,0.01133
1749264534,0.01224000,1529.60000000,0.01133
1749264534,0.01225000,67634.70000000,0.01133
1749264534,0.01227000,1762.20000000,0.01133
1749264534,0.01228000,4493.00000000,0.01133
1749264534,0.01229000,15901.50000000,0.01133
1749264534,0.01230000,335681.10000000,0.01133
1749264534,0.01231000,482.40000000,0.01133
1749264534,0.01232000,18006.60000000,0.01133
1749264534,0.01235000,101516.00000000,0.01133
1749264534,0.01236000,26109.80000000,0.01133
1749264534,0.01237000,5058.90000000,0.01133
1749264534,0.01238000,140662.90000000,0.01133
1749264534,0.01239000,438.30000000,0.01133
1749264534,0.01240000,1308.80000000,0.01133
1749264534,0.01242000,1196.30000000,0.01133
1749264534,0.01243000,1779.50000000,0.01133
1749264534,0.01244000,1607.70000000,0.01133
1749264534,0.01245000,553.50000000,0.01133
1749264534,0.01246000,16809.70000000,0.01133
1749264534,0.01247000,502.40000000,0.01133
1749264534,0.01249000,448.40000000,0.01133
1749264534,0.01250000,515061.90000000,0.01133
1749264534,0.01251000,1598.70000000,0.01133
1749264534,0.01252000,808.20000000,0.01133
1749264534,0.01253000,438.30000000,0.01133
1749264534,0.01255000,5718.60000000,0.01133
1749264534,0.01256000,10477.10000000,0.01133
1749264835,0.01137000,22950.00000000,0.01136
1749264835,0.01138000,499731.90000000,0.01136
1749264835,0.01139000,578259.10000000,0.01136
1749264835,0.01140000,271671.90000000,0.01136
1749264835,0.01141000,572700.10000000,0.01136
1749264835,0.01142000,435448.50000000,0.01136
1749264835,0.01143000,141749.70000000,0.01136
1749264835,0.01144000,1016792.20000000,0.01136
1749264835,0.01145000,112951.80000000,0.01136
1749264835,0.01146000,89608.40000000,0.01136
1749264835,0.01147000,131351.20000000,0.01136
1749264835,0.01148000,29225.10000000,0.01136
1749264835,0.01149000,68296.40000000,0.01136
1749264835,0.01150000,155350.00000000,0.01136
1749264835,0.01151000,41240.60000000,0.01136
1749264835,0.01152000,2345.40000000,0.01136
1749264835,0.01153000,75829.50000000,0.01136
1749264835,0.01154000,75524.70000000,0.01136
1749264835,0.01156000,107656.20000000,0.01136
1749264835,0.01157000,630167.90000000,0.01136
1749264835,0.01158000,89347.30000000,0.01136
1749264835,0.01159000,2262.70000000,0.01136
1749264835,0.01160000,2450.30000000,0.01136
1749264835,0.01161000,27601.20000000,0.01136
1749264835,0.01162000,565.90000000,0.01136
1749264835,0.01163000,27703.20000000,0.01136
1749264835,0.01164000,260071.80000000,0.01136
1749264835,0.01165000,3415.40000000,0.01136
1749264835,0.01166000,117798.60000000,0.01136
1749264835,0.01168000,1712.30000000,0.01136
1749264835,0.01170000,69675.80000000,0.01136
1749264835,0.01171000,2164.70000000,0.01136
1749264835,0.01172000,2775.20000000,0.01136
1749264835,0.01173000,1779.50000000,0.01136
1749264835,0.01174000,24333.40000000,0.01136
1749264835,0.01175000,7527.50000000,0.01136
1749264835,0.01177000,438.30000000,0.01136
1749264835,0.01178000,1697.70000000,0.01136
1749264835,0.01180000,5654.20000000,0.01136
1749264835,0.01181000,2675.30000000,0.01136
1749264835,0.01184000,101257.30000000,0.01136
1749264835,0.01186000,3000.60000000,0.01136
1749264835,0.01187000,7488.50000000,0.01136
1749264835,0.01188000,6820.80000000,0.01136
1749264835,0.01189000,756.90000000,0.01136
1749264835,0.01190000,3927.10000000,0.01136
1749264835,0.01191000,438.30000000,0.01136
1749264835,0.01192000,3631.20000000,0.01136
1749264835,0.01193000,5610.40000000,0.01136
1749264835,0.01194000,3454.50000000,0.01136
1749264835,0.01195000,1698.70000000,0.01136
1749264835,0.01198000,28365.70000000,0.01136
1749264835,0.01199000,565.90000000,0.01136
1749264835,0.01200000,6953.70000000,0.01136
1749264835,0.01201000,1779.50000000,0.01136
1749264835,0.01202000,11549.20000000,0.01136
1749264835,0.01205000,991.80000000,0.01136
1749264835,0.01208000,9029.00000000,0.01136
1749264835,0.01209000,565.90000000,0.01136
1749264835,0.01210000,2525.10000000,0.01136
1749264835,0.01211000,4975.40000000,0.01136
1749264835,0.01212000,22872.70000000,0.01136
1749264835,0.01213000,1543.50000000,0.01136
1749264835,0.01215000,44313.90000000,0.01136
1749264835,0.01216000,2105.20000000,0.01136
1749264835,0.01217000,502.40000000,0.01136
1749264835,0.01218000,2074.20000000,0.01136
1749264835,0.01219000,37107.70000000,0.01136
1749264835,0.01220000,1722253.40000000,0.01136
1749264835,0.01222000,2647.40000000,0.01136
1749264835,0.01224000,1529.60000000,0.01136
1749264835,0.01225000,67634.70000000,0.01136
1749264835,0.01227000,1762.20000000,0.01136
1749264835,0.01228000,4493.00000000,0.01136
1749264835,0.01229000,15901.50000000,0.01136
1749264835,0.01230000,335681.10000000,0.01136
1749264835,0.01231000,482.40000000,0.01136
1749264835,0.01232000,18006.60000000,0.01136
1749264835,0.01235000,101516.00000000,0.01136
1749264835,0.01236000,26109.80000000,0.01136
1749264835,0.01237000,5058.90000000,0.01136
1749264835,0.01238000,140662.90000000,0.01136
1749264835,0.01239000,438.30000000,0.01136
1749264835,0.01240000,1308.80000000,0.01136
1749264835,0.01242000,1196.30000000,0.01136
1749264835,0.01243000,1779.50000000,0.01136
1749264835,0.01244000,1607.70000000,0.01136
1749264835,0.01245000,553.50000000,0.01136
1749264835,0.01246000,16809.70000000,0.01136
1749264835,0.01247000,502.40000000,0.01136
1749264835,0.01249000,448.40000000,0.01136
1749264835,0.01250000,515061.90000000,0.01136
1749264835,0.01251000,1598.70000000,0.01136
1749264835,0.01252000,808.20000000,0.01136
1749264835,0.01253000,438.30000000,0.01136
1749264835,0.01255000,5718.60000000,0.01136
1749264835,0.01256000,10477.10000000,0.01136
1749264835,0.01257000,1489.40000000,0.01136
1749264835,0.01258000,1196.30000000,0.01136
1749264835,0.01260000,3025.50000000,0.01136
1749265137,0.01139000,151168.30000000,0.01138
1749265137,0.01140000,505336.30000000,0.01138
1749265137,0.01141000,924440.80000000,0.01138
1749265137,0.01142000,227356.80000000,0.01138
1749265137,0.01143000,141749.70000000,0.01138
1749265137,0.01144000,599619.30000000,0.01138
1749265137,0.01145000,124917.50000000,0.01138
1749265137,0.01146000,395281.40000000,0.01138
1749265137,0.01147000,131351.20000000,0.01138
1749265137,0.01148000,73375.20000000,0.01138
1749265137,0.01149000,938189.60000000,0.01138
1749265137,0.01150000,75971.80000000,0.01138
1749265137,0.01151000,24585.30000000,0.01138
1749265137,0.01152000,2345.40000000,0.01138
1749265137,0.01153000,123036.30000000,0.01138
1749265137,0.01154000,92180.00000000,0.01138
1749265137,0.01156000,75641.20000000,0.01138
1749265137,0.01157000,27945.40000000,0.01138
1749265137,0.01158000,85385.10000000,0.01138
1749265137,0.01159000,108998.20000000,0.01138
1749265137,0.01160000,605155.60000000,0.01138
1749265137,0.01161000,31563.40000000,0.01138
1749265137,0.01162000,565.90000000,0.01138
1749265137,0.01163000,27703.20000000,0.01138
1749265137,0.01164000,238280.10000000,0.01138
1749265137,0.01165000,3415.40000000,0.01138
1749265137,0.01166000,29222.50000000,0.01138
1749265137,0.01167000,44741.70000000,0.01138
1749265137,0.01168000,1712.30000000,0.01138
1749265137,0.01169000,88576.10000000,0.01138
1749265137,0.01170000,46725.80000000,0.01138
1749265137,0.01171000,2164.70000000,0.01138
1749265137,0.01172000,2775.20000000,0.01138
1749265137,0.01173000,1779.50000000,0.01138
1749265137,0.01174000,1383.40000000,0.01138
1749265137,0.01175000,7527.50000000,0.01138
1749265137,0.01177000,438.30000000,0.01138
1749265137,0.01178000,1697.70000000,0.01138
1749265137,0.01180000,5654.20000000,0.01138
1749265137,0.01181000,2675.30000000,0.01138
1749265137,0.01184000,9492.20000000,0.01138
1749265137,0.01185000,472.60000000,0.01138
1749265137,0.01186000,3000.60000000,0.01138
1749265137,0.01187000,99253.60000000,0.01138
1749265137,0.01188000,6820.80000000,0.01138
1749265137,0.01189000,756.90000000,0.01138
1749265137,0.01190000,3927.10000000,0.01138
1749265137,0.01191000,438.30000000,0.01138
1749265137,0.01192000,3631.20000000,0.01138
1749265137,0.01193000,5610.40000000,0.01138
1749265137,0.01194000,3454.50000000,0.01138
1749265137,0.01195000,1698.70000000,0.01138
1749265137,0.01198000,28365.70000000,0.01138
1749265137,0.01199000,565.90000000,0.01138
1749265137,0.01200000,6953.70000000,0.01138
1749265137,0.01201000,1779.50000000,0.01138
1749265137,0.01202000,11549.20000000,0.01138
1749265137,0.01205000,991.80000000,0.01138
1749265137,0.01208000,9029.00000000,0.01138
1749265137,0.01209000,565.90000000,0.01138
1749265137,0.01210000,2525.10000000,0.01138
1749265137,0.01211000,4975.40000000,0.01138
1749265137,0.01212000,22872.70000000,0.01138
1749265137,0.01213000,1543.50000000,0.01138
1749265137,0.01215000,44313.90000000,0.01138
1749265137,0.01216000,2105.20000000,0.01138
1749265137,0.01217000,502.40000000,0.01138
1749265137,0.01218000,2074.20000000,0.01138
1749265137,0.01219000,37107.70000000,0.01138
1749265137,0.01220000,1722253.40000000,0.01138
1749265137,0.01222000,2647.40000000,0.01138
1749265137,0.01224000,1529.60000000,0.01138
1749265137,0.01225000,67634.70000000,0.01138
1749265137,0.01227000,1762.20000000,0.01138
1749265137,0.01228000,4493.00000000,0.01138
1749265137,0.01229000,15901.50000000,0.01138
1749265137,0.01230000,335681.10000000,0.01138
1749265137,0.01231000,482.40000000,0.01138
1749265137,0.01232000,18006.60000000,0.01138
1749265137,0.01235000,101516.00000000,0.01138
1749265137,0.01236000,26109.80000000,0.01138
1749265137,0.01237000,5058.90000000,0.01138
1749265137,0.01238000,140662.90000000,0.01138
1749265137,0.01239000,438.30000000,0.01138
1749265137,0.01240000,1308.80000000,0.01138
1749265137,0.01242000,1196.30000000,0.01138
1749265137,0.01243000,1779.50000000,0.01138
1749265137,0.01244000,1607.70000000,0.01138
1749265137,0.01245000,553.50000000,0.01138
1749265137,0.01246000,16809.70000000,0.01138
1749265137,0.01247000,502.40000000,0.01138
1749265137,0.01249000,448.40000000,0.01138
1749265137,0.01250000,515061.90000000,0.01138
1749265137,0.01251000,1598.70000000,0.01138
1749265137,0.01252000,808.20000000,0.01138
1749265137,0.01253000,438.30000000,0.01138
1749265137,0.01255000,5718.60000000,0.01138
1749265137,0.01256000,10477.10000000,0.01138
1749265137,0.01257000,1489.40000000,0.01138
1749265137,0.01258000,1196.30000000,0.01138
1749265438,0.01139000,59394.10000000,0.01138
1749265438,0.01140000,530408.90000000,0.01138
1749265438,0.01141000,748974.70000000,0.01138
1749265438,0.01142000,354342.70000000,0.01138
1749265438,0.01143000,393503.80000000,0.01138
1749265438,0.01144000,591213.10000000,0.01138
1749265438,0.01145000,122168.60000000,0.01138
1749265438,0.01146000,159003.60000000,0.01138
1749265438,0.01147000,99757.20000000,0.01138
1749265438,0.01148000,73375.20000000,0.01138
1749265438,0.01149000,938189.60000000,0.01138
1749265438,0.01150000,107565.80000000,0.01138
1749265438,0.01151000,24585.30000000,0.01138
1749265438,0.01152000,2345.40000000,0.01138
1749265438,0.01153000,123036.30000000,0.01138
1749265438,0.01154000,92180.00000000,0.01138
1749265438,0.01156000,75641.20000000,0.01138
1749265438,0.01157000,27945.40000000,0.01138
1749265438,0.01158000,85385.10000000,0.01138
1749265438,0.01159000,108998.20000000,0.01138
1749265438,0.01160000,605155.60000000,0.01138
1749265438,0.01161000,31563.40000000,0.01138
1749265438,0.01162000,565.90000000,0.01138
1749265438,0.01163000,27703.20000000,0.01138
1749265438,0.01164000,238280.10000000,0.01138
1749265438,0.01165000,3415.40000000,0.01138
1749265438,0.01166000,29222.50000000,0.01138
1749265438,0.01167000,44741.70000000,0.01138
1749265438,0.01168000,1712.30000000,0.01138
1749265438,0.01169000,111526.10000000,0.01138
1749265438,0.01170000,46725.80000000,0.01138
1749265438,0.01171000,2164.70000000,0.01138
1749265438,0.01172000,2775.20000000,0.01138
1749265438,0.01173000,1779.50000000,0.01138
1749265438,0.01174000,1383.40000000,0.01138
1749265438,0.01175000,7527.50000000,0.01138
1749265438,0.01177000,438.30000000,0.01138
1749265438,0.01178000,1697.70000000,0.01138
1749265438,0.01180000,5654.20000000,0.01138
1749265438,0.01181000,2675.30000000,0.01138
1749265438,0.01184000,9492.20000000,0.01138
1749265438,0.01185000,472.60000000,0.01138
1749265438,0.01186000,3000.60000000,0.01138
1749265438,0.01187000,99253.60000000,0.01138
1749265438,0.01188000,6820.80000000,0.01138
1749265438,0.01189000,756.90000000,0.01138
1749265438,0.01190000,3927.10000000,0.01138
1749265438,0.01191000,438.30000000,0.01138
1749265438,0.01192000,3631.20000000,0.01138
1749265438,0.01193000,5610.40000000,0.01138
1749265438,0.01194000,3454.50000000,0.01138
1749265438,0.01195000,1698.70000000,0.01138
1749265438,0.01198000,28365.70000000,0.01138
1749265438,0.01199000,565.90000000,0.01138
1749265438,0.01200000,6953.70000000,0.01138
1749265438,0.01201000,1779.50000000,0.01138
1749265438,0.01202000,11549.20000000,0.01138
1749265438,0.01205000,991.80000000,0.01138
1749265438,0.01208000,9029.00000000,0.01138
1749265438,0.01209000,565.90000000,0.01138
1749265438,0.01210000,2525.10000000,0.01138
1749265438,0.01211000,4975.40000000,0.01138
1749265438,0.01212000,22872.70000000,0.01138
1749265438,0.01213000,1543.50000000,0.01138
1749265438,0.01215000,44313.90000000,0.01138
1749265438,0.01216000,2105.20000000,0.01138
1749265438,0.01217000,502.40000000,0.01138
1749265438,0.01218000,2074.20000000,0.01138
1749265438,0.01219000,37107.70000000,0.01138
1749265438,0.01220000,1722253.40000000,0.01138
1749265438,0.01222000,2647.40000000,0.01138
1749265438,0.01224000,1529.60000000,0.01138
1749265438,0.01225000,67634.70000000,0.01138
1749265438,0.01227000,1762.20000000,0.01138
1749265438,0.01228000,4493.00000000,0.01138
1749265438,0.01229000,15901.50000000,0.01138
1749265438,0.01230000,335681.10000000,0.01138
1749265438,0.01231000,482.40000000,0.01138
1749265438,0.01232000,18006.60000000,0.01138
1749265438,0.01235000,101516.00000000,0.01138
1749265438,0.01236000,26109.80000000,0.01138
1749265438,0.01237000,5058.90000000,0.01138
1749265438,0.01238000,140662.90000000,0.01138
1749265438,0.01239000,438.30000000,0.01138
1749265438,0.01240000,1308.80000000,0.01138
1749265438,0.01242000,1196.30000000,0.01138
1749265438,0.01243000,1779.50000000,0.01138
1749265438,0.01244000,1607.70000000,0.01138
1749265438,0.01245000,553.50000000,0.01138
1749265438,0.01246000,16809.70000000,0.01138
1749265438,0.01247000,502.40000000,0.01138
1749265438,0.01249000,448.40000000,0.01138
1749265438,0.01250000,515061.90000000,0.01138
1749265438,0.01251000,1598.70000000,0.01138
1749265438,0.01252000,808.20000000,0.01138
1749265438,0.01253000,438.30000000,0.01138
1749265438,0.01255000,5718.60000000,0.01138
1749265438,0.01256000,10477.10000000,0.01138
1749265438,0.01257000,1489.40000000,0.01138
1749265438,0.01258000,1196.30000000,0.01138
1749265740,0.01140000,45900.00000000,0.01139
1749265740,0.01141000,574441.00000000,0.01139
1749265740,0.01142000,668604.50000000,0.01139
1749265740,0.01143000,502152.00000000,0.01139
1749265740,0.01144000,136259.70000000,0.01139
1749265740,0.01145000,821966.60000000,0.01139
1749265740,0.01146000,167991.50000000,0.01139
1749265740,0.01147000,143655.40000000,0.01139
1749265740,0.01148000,99279.40000000,0.01139
1749265740,0.01149000,982189.60000000,0.01139
1749265740,0.01150000,132477.10000000,0.01139
1749265740,0.01151000,68735.40000000,0.01139
1749265740,0.01152000,2345.40000000,0.01139
1749265740,0.01153000,167186.40000000,0.01139
1749265740,0.01154000,67041.70000000,0.01139
1749265740,0.01155000,67100.10000000,0.01139
1749265740,0.01156000,75641.20000000,0.01139
1749265740,0.01157000,53083.70000000,0.01139
1749265740,0.01158000,24677.10000000,0.01139
1749265740,0.01159000,25212.70000000,0.01139
1749265740,0.01160000,605155.60000000,0.01139
1749265740,0.01161000,31563.40000000,0.01139
1749265740,0.01162000,145059.40000000,0.01139
1749265740,0.01163000,27703.20000000,0.01139
1749265740,0.01164000,238280.10000000,0.01139
1749265740,0.01165000,3415.40000000,0.01139
1749265740,0.01166000,29222.50000000,0.01139
1749265740,0.01167000,44741.70000000,0.01139
1749265740,0.01168000,1712.30000000,0.01139
1749265740,0.01169000,111526.10000000,0.01139
1749265740,0.01170000,46725.80000000,0.01139
1749265740,0.01171000,2164.70000000,0.01139
1749265740,0.01172000,2775.20000000,0.01139
1749265740,0.01173000,1779.50000000,0.01139
1749265740,0.01174000,1383.40000000,0.01139
1749265740,0.01175000,7527.50000000,0.01139
1749265740,0.01177000,438.30000000,0.01139
1749265740,0.01178000,1697.70000000,0.01139
1749265740,0.01180000,5654.20000000,0.01139
1749265740,0.01181000,2675.30000000,0.01139
1749265740,0.01184000,9492.20000000,0.01139
1749265740,0.01185000,472.60000000,0.01139
1749265740,0.01186000,3000.60000000,0.01139
1749265740,0.01187000,7488.50000000,0.01139
1749265740,0.01188000,6820.80000000,0.01139
1749265740,0.01189000,756.90000000,0.01139
1749265740,0.01190000,95692.20000000,0.01139
1749265740,0.01191000,438.30000000,0.01139
1749265740,0.01192000,3631.20000000,0.01139
1749265740,0.01193000,5610.40000000,0.01139
1749265740,0.01194000,3454.50000000,0.01139
1749265740,0.01195000,1698.70000000,0.01139
1749265740,0.01198000,28365.70000000,0.01139
1749265740,0.01199000,565.90000000,0.01139
1749265740,0.01200000,6953.70000000,0.01139
1749265740,0.01201000,1779.50000000,0.01139
1749265740,0.01202000,11549.20000000,0.01139
1749265740,0.01205000,991.80000000,0.01139
1749265740,0.01208000,9029.00000000,0.01139
1749265740,0.01209000,565.90000000,0.01139
1749265740,0.01210000,2525.10000000,0.01139
1749265740,0.01211000,4975.40000000,0.01139
1749265740,0.01212000,22872.70000000,0.01139
1749265740,0.01213000,1543.50000000,0.01139
1749265740,0.01215000,44313.90000000,0.01139
1749265740,0.01216000,2105.20000000,0.01139
1749265740,0.01217000,502.40000000,0.01139
1749265740,0.01218000,2074.20000000,0.01139
1749265740,0.01219000,37107.70000000,0.01139
1749265740,0.01220000,1722253.40000000,0.01139
1749265740,0.01222000,2647.40000000,0.01139
1749265740,0.01224000,1529.60000000,0.01139
1749265740,0.01225000,67634.70000000,0.01139
1749265740,0.01227000,1762.20000000,0.01139
1749265740,0.01228000,4493.00000000,0.01139
1749265740,0.01229000,15901.50000000,0.01139
1749265740,0.01230000,335681.10000000,0.01139
1749265740,0.01231000,482.40000000,0.01139
1749265740,0.01232000,18006.60000000,0.01139
1749265740,0.01235000,101516.00000000,0.01139
1749265740,0.01236000,26109.80000000,0.01139
1749265740,0.01237000,5058.90000000,0.01139
1749265740,0.01238000,140662.90000000,0.01139
1749265740,0.01239000,438.30000000,0.01139
1749265740,0.01240000,1308.80000000,0.01139
1749265740,0.01242000,1196.30000000,0.01139
1749265740,0.01243000,1779.50000000,0.01139
1749265740,0.01244000,1607.70000000,0.01139
1749265740,0.01245000,553.50000000,0.01139
1749265740,0.01246000,16809.70000000,0.01139
1749265740,0.01247000,502.40000000,0.01139
1749265740,0.01249000,448.40000000,0.01139
1749265740,0.01250000,515061.90000000,0.01139
1749265740,0.01251000,1598.70000000,0.01139
1749265740,0.01252000,808.20000000,0.01139
1749265740,0.01253000,438.30000000,0.01139
1749265740,0.01255000,5718.60000000,0.01139
1749265740,0.01256000,10477.10000000,0.01139
1749265740,0.01257000,1489.40000000,0.01139
1749265740,0.01258000,1196.30000000,0.01139
1749266041,0.01141000,45900.00000000,0.0114
1749266041,0.01142000,644749.20000000,0.0114
1749266041,0.01143000,854035.70000000,0.0114
1749266041,0.01144000,264712.50000000,0.0114
1749266041,0.01145000,133367.20000000,0.0114
1749266041,0.01146000,175255.10000000,0.0114
1749266041,0.01147000,403620.80000000,0.0114
1749266041,0.01148000,566033.20000000,0.0114
1749266041,0.01149000,982189.60000000,0.0114
1749266041,0.01150000,132477.10000000,0.0114
1749266041,0.01151000,68735.40000000,0.0114
1749266041,0.01152000,2345.40000000,0.0114
1749266041,0.01153000,68209.10000000,0.0114
1749266041,0.01154000,67041.70000000,0.0114
1749266041,0.01155000,67100.10000000,0.0114
1749266041,0.01156000,123875.30000000,0.0114
1749266041,0.01157000,53083.70000000,0.0114
1749266041,0.01158000,24677.10000000,0.0114
1749266041,0.01159000,76983.20000000,0.0114
1749266041,0.01160000,566550.50000000,0.0114
1749266041,0.01161000,31563.40000000,0.0114
1749266041,0.01162000,145059.40000000,0.0114
1749266041,0.01163000,66308.30000000,0.0114
1749266041,0.01164000,238280.10000000,0.0114
1749266041,0.01165000,3415.40000000,0.0114
1749266041,0.01166000,29222.50000000,0.0114
1749266041,0.01167000,44741.70000000,0.0114
1749266041,0.01168000,1712.30000000,0.0114
1749266041,0.01169000,111526.10000000,0.0114
1749266041,0.01170000,69675.80000000,0.0114
1749266041,0.01171000,2164.70000000,0.0114
1749266041,0.01172000,2775.20000000,0.0114
1749266041,0.01173000,1779.50000000,0.0114
1749266041,0.01174000,24333.40000000,0.0114
1749266041,0.01175000,7527.50000000,0.0114
1749266041,0.01177000,438.30000000,0.0114
1749266041,0.01178000,1697.70000000,0.0114
1749266041,0.01180000,5654.20000000,0.0114
1749266041,0.01181000,2675.30000000,0.0114
1749266041,0.01184000,9492.20000000,0.0114
1749266041,0.01185000,472.60000000,0.0114
1749266041,0.01186000,3000.60000000,0.0114
1749266041,0.01187000,7488.50000000,0.0114
1749266041,0.01188000,6820.80000000,0.0114
1749266041,0.01189000,756.90000000,0.0114
1749266041,0.01190000,95692.20000000,0.0114
1749266041,0.01191000,438.30000000,0.0114
1749266041,0.01192000,3631.20000000,0.0114
1749266041,0.01193000,5610.40000000,0.0114
1749266041,0.01194000,3454.50000000,0.0114
1749266041,0.01195000,1698.70000000,0.0114
1749266041,0.01198000,28365.70000000,0.0114
1749266041,0.01199000,565.90000000,0.0114
1749266041,0.01200000,6953.70000000,0.0114
1749266041,0.01201000,1779.50000000,0.0114
1749266041,0.01202000,11549.20000000,0.0114
1749266041,0.01205000,991.80000000,0.0114
1749266041,0.01208000,9029.00000000,0.0114
1749266041,0.01209000,565.90000000,0.0114
1749266041,0.01210000,2525.10000000,0.0114
1749266041,0.01211000,4975.40000000,0.0114
1749266041,0.01212000,22872.70000000,0.0114
1749266041,0.01213000,1543.50000000,0.0114
1749266041,0.01215000,44313.90000000,0.0114
1749266041,0.01216000,2105.20000000,0.0114
1749266041,0.01217000,502.40000000,0.0114
1749266041,0.01218000,2074.20000000,0.0114
1749266041,0.01219000,37107.70000000,0.0114
1749266041,0.01220000,1722253.40000000,0.0114
1749266041,0.01222000,2647.40000000,0.0114
1749266041,0.01224000,1529.60000000,0.0114
1749266041,0.01225000,67634.70000000,0.0114
1749266041,0.01227000,1762.20000000,0.0114
1749266041,0.01228000,4493.00000000,0.0114
1749266041,0.01229000,15901.50000000,0.0114
1749266041,0.01230000,335681.10000000,0.0114
1749266041,0.01231000,482.40000000,0.0114
1749266041,0.01232000,18006.60000000,0.0114
1749266041,0.01235000,101516.00000000,0.0114
1749266041,0.01236000,26109.80000000,0.0114
1749266041,0.01237000,5058.90000000,0.0114
1749266041,0.01238000,140662.90000000,0.0114
1749266041,0.01239000,438.30000000,0.0114
1749266041,0.01240000,1308.80000000,0.0114
1749266041,0.01242000,1196.30000000,0.0114
1749266041,0.01243000,1779.50000000,0.0114
1749266041,0.01244000,1607.70000000,0.0114
1749266041,0.01245000,553.50000000,0.0114
1749266041,0.01246000,16809.70000000,0.0114
1749266041,0.01247000,502.40000000,0.0114
1749266041,0.01249000,448.40000000,0.0114
1749266041,0.01250000,515061.90000000,0.0114
1749266041,0.01251000,1598.70000000,0.0114
1749266041,0.01252000,808.20000000,0.0114
1749266041,0.01253000,438.30000000,0.0114
1749266041,0.01255000,5718.60000000,0.0114
1749266041,0.01256000,10477.10000000,0.0114
1749266041,0.01257000,1489.40000000,0.0114
1749266041,0.01258000,1196.30000000,0.0114
1749266041,0.01260000,3025.50000000,0.0114
1749266343,0.01141000,93115.00000000,0.01141
1749266343,0.01142000,502745.20000000,0.01141
1749266343,0.01143000,702440.10000000,0.01141
1749266343,0.01144000,550870.50000000,0.01141
1749266343,0.01145000,127709.20000000,0.01141
1749266343,0.01146000,366419.30000000,0.01141
1749266343,0.01147000,112877.30000000,0.01141
1749266343,0.01148000,649055.40000000,0.01141
1749266343,0.01149000,982189.60000000,0.01141
1749266343,0.01150000,107565.80000000,0.01141
1749266343,0.01151000,68735.40000000,0.01141
1749266343,0.01152000,2345.40000000,0.01141
1749266343,0.01153000,93055.50000000,0.01141
1749266343,0.01154000,67041.70000000,0.01141
1749266343,0.01155000,67100.10000000,0.01141
1749266343,0.01156000,123875.30000000,0.01141
1749266343,0.01157000,97233.80000000,0.01141
1749266343,0.01158000,24677.10000000,0.01141
1749266343,0.01159000,76983.20000000,0.01141
1749266343,0.01160000,6947.30000000,0.01141
1749266343,0.01161000,31563.40000000,0.01141
1749266343,0.01162000,168009.40000000,0.01141
1749266343,0.01163000,625911.50000000,0.01141
1749266343,0.01164000,238280.10000000,0.01141
1749266343,0.01165000,3415.40000000,0.01141
1749266343,0.01166000,29222.50000000,0.01141
1749266343,0.01167000,22950.00000000,0.01141
1749266343,0.01168000,1712.30000000,0.01141
1749266343,0.01169000,111526.10000000,0.01141
1749266343,0.01170000,91467.50000000,0.01141
1749266343,0.01171000,2164.70000000,0.01141
1749266343,0.01172000,2775.20000000,0.01141
1749266343,0.01173000,1779.50000000,0.01141
1749266343,0.01174000,1383.40000000,0.01141
1749266343,0.01175000,7527.50000000,0.01141
1749266343,0.01177000,438.30000000,0.01141
1749266343,0.01178000,1697.70000000,0.01141
1749266343,0.01180000,5654.20000000,0.01141
1749266343,0.01181000,2675.30000000,0.01141
1749266343,0.01184000,9492.20000000,0.01141
1749266343,0.01185000,472.60000000,0.01141
1749266343,0.01186000,3000.60000000,0.01141
1749266343,0.01187000,7488.50000000,0.01141
1749266343,0.01188000,6820.80000000,0.01141
1749266343,0.01189000,756.90000000,0.01141
1749266343,0.01190000,95692.20000000,0.01141
1749266343,0.01191000,438.30000000,0.01141
1749266343,0.01192000,3631.20000000,0.01141
1749266343,0.01193000,5610.40000000,0.01141
1749266343,0.01194000,3454.50000000,0.01141
1749266343,0.01195000,1698.70000000,0.01141
1749266343,0.01198000,28365.70000000,0.01141
1749266343,0.01199000,565.90000000,0.01141
1749266343,0.01200000,6953.70000000,0.01141
1749266343,0.01201000,1779.50000000,0.01141
1749266343,0.01202000,11549.20000000,0.01141
1749266343,0.01205000,991.80000000,0.01141
1749266343,0.01208000,9029.00000000,0.01141
1749266343,0.01209000,565.90000000,0.01141
1749266343,0.01210000,2525.10000000,0.01141
1749266343,0.01211000,4975.40000000,0.01141
1749266343,0.01212000,22872.70000000,0.01141
1749266343,0.01213000,1543.50000000,0.01141
1749266343,0.01215000,44313.90000000,0.01141
1749266343,0.01216000,2105.20000000,0.01141
1749266343,0.01217000,502.40000000,0.01141
1749266343,0.01218000,2074.20000000,0.01141
1749266343,0.01219000,37107.70000000,0.01141
1749266343,0.01220000,1722253.40000000,0.01141
1749266343,0.01222000,2647.40000000,0.01141
1749266343,0.01224000,1529.60000000,0.01141
1749266343,0.01225000,67634.70000000,0.01141
1749266343,0.01227000,1762.20000000,0.01141
1749266343,0.01228000,4493.00000000,0.01141
1749266343,0.01229000,15901.50000000,0.01141
1749266343,0.01230000,335681.10000000,0.01141
1749266343,0.01231000,482.40000000,0.01141
1749266343,0.01232000,18006.60000000,0.01141
1749266343,0.01235000,101516.00000000,0.01141
1749266343,0.01236000,26109.80000000,0.01141
1749266343,0.01237000,5058.90000000,0.01141
1749266343,0.01238000,140662.90000000,0.01141
1749266343,0.01239000,438.30000000,0.01141
1749266343,0.01240000,1308.80000000,0.01141
1749266343,0.01242000,1196.30000000,0.01141
1749266343,0.01243000,1779.50000000,0.01141
1749266343,0.01244000,1607.70000000,0.01141
1749266343,0.01245000,553.50000000,0.01141
1749266343,0.01246000,16809.70000000,0.01141
1749266343,0.01247000,502.40000000,0.01141
1749266343,0.01249000,448.40000000,0.01141
1749266343,0.01250000,515061.90000000,0.01141
1749266343,0.01251000,1598.70000000,0.01141
1749266343,0.01252000,808.20000000,0.01141
1749266343,0.01253000,438.30000000,0.01141
1749266343,0.01255000,5718.60000000,0.01141
1749266343,0.01256000,10477.10000000,0.01141
1749266343,0.01257000,1489.40000000,0.01141
1749266343,0.01258000,1196.30000000,0.01141
1749266343,0.01260000,3025.50000000,0.01141
1749266652,0.01141000,45900.00000000,0.0114
1749266652,0.01142000,510139.40000000,0.0114
1749266652,0.01143000,533859.70000000,0.0114
1749266652,0.01144000,639254.90000000,0.0114
1749266652,0.01145000,384511.50000000,0.0114
1749266652,0.01146000,551586.50000000,0.0114
1749266652,0.01147000,216056.00000000,0.0114
1749266652,0.01148000,130497.40000000,0.0114
1749266652,0.01149000,982189.60000000,0.0114
1749266652,0.01150000,107565.80000000,0.0114
1749266652,0.01151000,68735.40000000,0.0114
1749266652,0.01152000,2345.40000000,0.0114
1749266652,0.01153000,93055.50000000,0.0114
1749266652,0.01154000,67041.70000000,0.0114
1749266652,0.01155000,67100.10000000,0.0114
1749266652,0.01156000,123875.30000000,0.0114
1749266652,0.01157000,97233.80000000,0.0114
1749266652,0.01158000,24677.10000000,0.0114
1749266652,0.01159000,76983.20000000,0.0114
1749266652,0.01160000,6947.30000000,0.0114
1749266652,0.01161000,31563.40000000,0.0114
1749266652,0.01162000,168009.40000000,0.0114
1749266652,0.01163000,625911.50000000,0.0114
1749266652,0.01164000,238280.10000000,0.0114
1749266652,0.01165000,3415.40000000,0.0114
1749266652,0.01166000,29222.50000000,0.0114
1749266652,0.01167000,22950.00000000,0.0114
1749266652,0.01168000,1712.30000000,0.0114
1749266652,0.01169000,111526.10000000,0.0114
1749266652,0.01170000,91467.50000000,0.0114
1749266652,0.01171000,2164.70000000,0.0114
1749266652,0.01172000,2775.20000000,0.0114
1749266652,0.01173000,1779.50000000,0.0114
1749266652,0.01174000,24333.40000000,0.0114
1749266652,0.01175000,7527.50000000,0.0114
1749266652,0.01177000,438.30000000,0.0114
1749266652,0.01178000,1697.70000000,0.0114
1749266652,0.01180000,5654.20000000,0.0114
1749266652,0.01181000,2675.30000000,0.0114
1749266652,0.01184000,9492.20000000,0.0114
1749266652,0.01185000,472.60000000,0.0114
1749266652,0.01186000,3000.60000000,0.0114
1749266652,0.01187000,7488.50000000,0.0114
1749266652,0.01188000,6820.80000000,0.0114
1749266652,0.01189000,756.90000000,0.0114
1749266652,0.01190000,95692.20000000,0.0114
1749266652,0.01191000,438.30000000,0.0114
1749266652,0.01192000,3631.20000000,0.0114
1749266652,0.01193000,5610.40000000,0.0114
1749266652,0.01194000,3454.50000000,0.0114
1749266652,0.01195000,1698.70000000,0.0114
1749266652,0.01198000,28365.70000000,0.0114
1749266652,0.01199000,565.90000000,0.0114
1749266652,0.01200000,6953.70000000,0.0114
1749266652,0.01201000,1779.50000000,0.0114
1749266652,0.01202000,11549.20000000,0.0114
1749266652,0.01205000,991.80000000,0.0114
1749266652,0.01208000,9029.00000000,0.0114
1749266652,0.01209000,565.90000000,0.0114
1749266652,0.01210000,2525.10000000,0.0114
1749266652,0.01211000,4975.40000000,0.0114
1749266652,0.01212000,22872.70000000,0.0114
1749266652,0.01213000,1543.50000000,0.0114
1749266652,0.01215000,44313.90000000,0.0114
1749266652,0.01216000,2105.20000000,0.0114
1749266652,0.01217000,502.40000000,0.0114
1749266652,0.01218000,2074.20000000,0.0114
1749266652,0.01219000,37107.70000000,0.0114
1749266652,0.01220000,1722253.40000000,0.0114
1749266652,0.01222000,2647.40000000,0.0114
1749266652,0.01224000,1529.60000000,0.0114
1749266652,0.01225000,67634.70000000,0.0114
1749266652,0.01227000,1762.20000000,0.0114
1749266652,0.01228000,4493.00000000,0.0114
1749266652,0.01229000,15901.50000000,0.0114
1749266652,0.01230000,335681.10000000,0.0114
1749266652,0.01231000,482.40000000,0.0114
1749266652,0.01232000,18006.60000000,0.0114
1749266652,0.01235000,101516.00000000,0.0114
1749266652,0.01236000,26109.80000000,0.0114
1749266652,0.01237000,5058.90000000,0.0114
1749266652,0.01238000,140662.90000000,0.0114
1749266652,0.01239000,438.30000000,0.0114
1749266652,0.01240000,1308.80000000,0.0114
1749266652,0.01242000,1196.30000000,0.0114
1749266652,0.01243000,1779.50000000,0.0114
1749266652,0.01244000,1607.70000000,0.0114
1749266652,0.01245000,553.50000000,0.0114
1749266652,0.01246000,16809.70000000,0.0114
1749266652,0.01247000,502.40000000,0.0114
1749266652,0.01249000,448.40000000,0.0114
1749266652,0.01250000,515061.90000000,0.0114
1749266652,0.01251000,1598.70000000,0.0114
1749266652,0.01252000,808.20000000,0.0114
1749266652,0.01253000,438.30000000,0.0114
1749266652,0.01255000,5718.60000000,0.0114
1749266652,0.01256000,10477.10000000,0.0114
1749266652,0.01257000,1489.40000000,0.0114
1749266652,0.01258000,1196.30000000,0.0114
1749266652,0.01260000,3025.50000000,0.0114
1749266954,0.01141000,45900.00000000,0.01141
1749266954,0.01142000,413762.90000000,0.01141
1749266954,0.01143000,749202.60000000,0.01141
1749266954,0.01144000,491317.60000000,0.01141
1749266954,0.01145000,137354.00000000,0.01141
1749266954,0.01146000,372076.50000000,0.01141
1749266954,0.01147000,569643.20000000,0.01141
1749266954,0.01148000,130266.20000000,0.01141
1749266954,0.01149000,225992.40000000,0.01141
1749266954,0.01150000,107565.80000000,0.01141
1749266954,0.01151000,68735.40000000,0.01141
1749266954,0.01152000,2345.40000000,0.01141
1749266954,0.01153000,103995.00000000,0.01141
1749266954,0.01154000,933242.00000000,0.01141
1749266954,0.01155000,67100.10000000,0.01141
1749266954,0.01156000,123875.30000000,0.01141
1749266954,0.01157000,97233.80000000,0.01141
1749266954,0.01158000,24677.10000000,0.01141
1749266954,0.01159000,76983.20000000,0.01141
1749266954,0.01160000,6947.30000000,0.01141
1749266954,0.01161000,31563.40000000,0.01141
1749266954,0.01162000,168009.40000000,0.01141
1749266954,0.01163000,625911.50000000,0.01141
1749266954,0.01164000,238280.10000000,0.01141
1749266954,0.01165000,3415.40000000,0.01141
1749266954,0.01166000,29222.50000000,0.01141
1749266954,0.01167000,22950.00000000,0.01141
1749266954,0.01168000,1712.30000000,0.01141
1749266954,0.01169000,111526.10000000,0.01141
1749266954,0.01170000,91467.50000000,0.01141
1749266954,0.01171000,2164.70000000,0.01141
1749266954,0.01172000,2775.20000000,0.01141
1749266954,0.01173000,1779.50000000,0.01141
1749266954,0.01174000,24333.40000000,0.01141
1749266954,0.01175000,7527.50000000,0.01141
1749266954,0.01177000,438.30000000,0.01141
1749266954,0.01178000,1697.70000000,0.01141
1749266954,0.01179000,22950.00000000,0.01141
1749266954,0.01180000,5654.20000000,0.01141
1749266954,0.01181000,2675.30000000,0.01141
1749266954,0.01184000,9492.20000000,0.01141
1749266954,0.01185000,472.60000000,0.01141
1749266954,0.01186000,3000.60000000,0.01141
1749266954,0.01187000,7488.50000000,0.01141
1749266954,0.01188000,6820.80000000,0.01141
1749266954,0.01189000,756.90000000,0.01141
1749266954,0.01190000,95692.20000000,0.01141
1749266954,0.01191000,438.30000000,0.01141
1749266954,0.01192000,3631.20000000,0.01141
1749266954,0.01193000,5610.40000000,0.01141
1749266954,0.01194000,3454.50000000,0.01141
1749266954,0.01195000,1698.70000000,0.01141
1749266954,0.01198000,28365.70000000,0.01141
1749266954,0.01199000,565.90000000,0.01141
1749266954,0.01200000,6953.70000000,0.01141
1749266954,0.01201000,1779.50000000,0.01141
1749266954,0.01202000,11549.20000000,0.01141
1749266954,0.01205000,991.80000000,0.01141
1749266954,0.01208000,9029.00000000,0.01141
1749266954,0.01209000,565.90000000,0.01141
1749266954,0.01210000,2525.10000000,0.01141
1749266954,0.01211000,4975.40000000,0.01141
1749266954,0.01212000,22872.70000000,0.01141
1749266954,0.01213000,1543.50000000,0.01141
1749266954,0.01215000,44313.90000000,0.01141
1749266954,0.01216000,2105.20000000,0.01141
1749266954,0.01217000,502.40000000,0.01141
1749266954,0.01218000,2074.20000000,0.01141
1749266954,0.01219000,26168.20000000,0.01141
1749266954,0.01220000,1722253.40000000,0.01141
1749266954,0.01222000,2647.40000000,0.01141
1749266954,0.01224000,1529.60000000,0.01141
1749266954,0.01225000,67634.70000000,0.01141
1749266954,0.01227000,1762.20000000,0.01141
1749266954,0.01228000,4493.00000000,0.01141
1749266954,0.01229000,15901.50000000,0.01141
1749266954,0.01230000,335681.10000000,0.01141
1749266954,0.01231000,482.40000000,0.01141
1749266954,0.01232000,18006.60000000,0.01141
1749266954,0.01235000,101516.00000000,0.01141
1749266954,0.01236000,26109.80000000,0.01141
1749266954,0.01237000,5058.90000000,0.01141
1749266954,0.01238000,140662.90000000,0.01141
1749266954,0.01239000,438.30000000,0.01141
1749266954,0.01240000,1308.80000000,0.01141
1749266954,0.01242000,1196.30000000,0.01141
1749266954,0.01243000,1779.50000000,0.01141
1749266954,0.01244000,1607.70000000,0.01141
1749266954,0.01245000,553.50000000,0.01141
1749266954,0.01246000,16809.70000000,0.01141
1749266954,0.01247000,502.40000000,0.01141
1749266954,0.01249000,448.40000000,0.01141
1749266954,0.01250000,515061.90000000,0.01141
1749266954,0.01251000,1598.70000000,0.01141
1749266954,0.01252000,808.20000000,0.01141
1749266954,0.01253000,438.30000000,0.01141
1749266954,0.01255000,5718.60000000,0.01141
1749266954,0.01256000,10477.10000000,0.01141
1749266954,0.01257000,1489.40000000,0.01141
1749266954,0.01258000,1196.30000000,0.01141
1749267255,0.01141000,413816.30000000,0.01141
1749267255,0.01142000,491768.30000000,0.01141
1749267255,0.01143000,403428.30000000,0.01141
1749267255,0.01144000,663471.70000000,0.01141
1749267255,0.01145000,204153.60000000,0.01141
1749267255,0.01146000,372076.40000000,0.01141
1749267255,0.01147000,564763.70000000,0.01141
1749267255,0.01148000,212984.70000000,0.01141
1749267255,0.01149000,112296.40000000,0.01141
1749267255,0.01150000,107565.80000000,0.01141
1749267255,0.01151000,68735.40000000,0.01141
1749267255,0.01152000,2345.40000000,0.01141
1749267255,0.01153000,93055.50000000,0.01141
1749267255,0.01154000,933242.00000000,0.01141
1749267255,0.01155000,67100.10000000,0.01141
1749267255,0.01156000,123875.30000000,0.01141
1749267255,0.01157000,97233.80000000,0.01141
1749267255,0.01158000,24677.10000000,0.01141
1749267255,0.01159000,76983.20000000,0.01141
1749267255,0.01160000,6947.30000000,0.01141
1749267255,0.01161000,31563.40000000,0.01141
1749267255,0.01162000,168009.40000000,0.01141
1749267255,0.01163000,625911.50000000,0.01141
1749267255,0.01164000,238280.10000000,0.01141
1749267255,0.01165000,3415.40000000,0.01141
1749267255,0.01166000,29222.50000000,0.01141
1749267255,0.01167000,22950.00000000,0.01141
1749267255,0.01168000,1712.30000000,0.01141
1749267255,0.01169000,111526.10000000,0.01141
1749267255,0.01170000,91467.50000000,0.01141
1749267255,0.01171000,2164.70000000,0.01141
1749267255,0.01172000,2775.20000000,0.01141
1749267255,0.01173000,1779.50000000,0.01141
1749267255,0.01174000,24333.40000000,0.01141
1749267255,0.01175000,7527.50000000,0.01141
1749267255,0.01177000,438.30000000,0.01141
1749267255,0.01178000,1697.70000000,0.01141
1749267255,0.01180000,5654.20000000,0.01141
1749267255,0.01181000,2675.30000000,0.01141
1749267255,0.01184000,9492.20000000,0.01141
1749267255,0.01185000,472.60000000,0.01141
1749267255,0.01186000,3000.60000000,0.01141
1749267255,0.01187000,7488.50000000,0.01141
1749267255,0.01188000,6820.80000000,0.01141
1749267255,0.01189000,756.90000000,0.01141
1749267255,0.01190000,95692.20000000,0.01141
1749267255,0.01191000,438.30000000,0.01141
1749267255,0.01192000,3631.20000000,0.01141
1749267255,0.01193000,5610.40000000,0.01141
1749267255,0.01194000,3454.50000000,0.01141
1749267255,0.01195000,1698.70000000,0.01141
1749267255,0.01198000,28365.70000000,0.01141
1749267255,0.01199000,565.90000000,0.01141
1749267255,0.01200000,6953.70000000,0.01141
1749267255,0.01201000,1779.50000000,0.01141
1749267255,0.01202000,11549.20000000,0.01141
1749267255,0.01205000,991.80000000,0.01141
1749267255,0.01208000,9029.00000000,0.01141
1749267255,0.01209000,565.90000000,0.01141
1749267255,0.01210000,2525.10000000,0.01141
1749267255,0.01211000,4975.40000000,0.01141
1749267255,0.01212000,22872.70000000,0.01141
1749267255,0.01213000,1543.50000000,0.01141
1749267255,0.01215000,44313.90000000,0.01141
1749267255,0.01216000,2105.20000000,0.01141
1749267255,0.01217000,502.40000000,0.01141
1749267255,0.01218000,2074.20000000,0.01141
1749267255,0.01219000,37107.70000000,0.01141
1749267255,0.01220000,1722253.40000000,0.01141
1749267255,0.01222000,2647.40000000,0.01141
1749267255,0.01224000,1529.60000000,0.01141
1749267255,0.01225000,67634.70000000,0.01141
1749267255,0.01227000,1762.20000000,0.01141
1749267255,0.01228000,4493.00000000,0.01141
1749267255,0.01229000,15901.50000000,0.01141
1749267255,0.01230000,335681.10000000,0.01141
1749267255,0.01231000,482.40000000,0.01141
1749267255,0.01232000,18006.60000000,0.01141
1749267255,0.01235000,101516.00000000,0.01141
1749267255,0.01236000,26109.80000000,0.01141
1749267255,0.01237000,5058.90000000,0.01141
1749267255,0.01238000,140662.90000000,0.01141
1749267255,0.01239000,438.30000000,0.01141
1749267255,0.01240000,1308.80000000,0.01141
1749267255,0.01242000,1196.30000000,0.01141
1749267255,0.01243000,1779.50000000,0.01141
1749267255,0.01244000,1607.70000000,0.01141
1749267255,0.01245000,553.50000000,0.01141
1749267255,0.01246000,16809.70000000,0.01141
1749267255,0.01247000,502.40000000,0.01141
1749267255,0.01249000,448.40000000,0.01141
1749267255,0.01250000,515061.90000000,0.01141
1749267255,0.01251000,1598.70000000,0.01141
1749267255,0.01252000,808.20000000,0.01141
1749267255,0.01253000,438.30000000,0.01141
1749267255,0.01255000,5718.60000000,0.01141
1749267255,0.01256000,10477.10000000,0.01141
1749267255,0.01257000,1489.40000000,0.01141
1749267255,0.01258000,1196.30000000,0.01141
1749267255,0.01260000,3025.50000000,0.01141
1749267557,0.01143000,89754.10000000,0.01142
1749267557,0.01144000,590193.50000000,0.01142
1749267557,0.01145000,657393.10000000,0.01142
1749267557,0.01146000,319020.90000000,0.01142
1749267557,0.01147000,577090.60000000,0.01142
