timestamp,price,volume,current_price
1749258457,0.01137000,264379.60000000,0.01136
1749258457,0.01138000,596011.40000000,0.01136
1749258457,0.01139000,709696.00000000,0.01136
1749258457,0.01140000,107617.60000000,0.01136
1749258457,0.01141000,122924.60000000,0.01136
1749258457,0.01142000,606664.50000000,0.01136
1749258457,0.01143000,179959.50000000,0.01136
1749258457,0.01144000,119922.10000000,0.01136
1749258457,0.01145000,320291.90000000,0.01136
1749258457,0.01146000,67601.40000000,0.01136
1749258457,0.01147000,81732.60000000,0.01136
1749258457,0.01148000,899990.90000000,0.01136
1749258457,0.01149000,68296.40000000,0.01136
1749258457,0.01150000,54743.80000000,0.01136
1749258457,0.01151000,200424.10000000,0.01136
1749258457,0.01152000,2866.20000000,0.01136
1749258457,0.01153000,119979.60000000,0.01136
1749258457,0.01154000,78361.40000000,0.01136
1749258457,0.01156000,920.70000000,0.01136
1749258457,0.01157000,591562.80000000,0.01136
1749258457,0.01158000,66397.30000000,0.01136
1749258457,0.01159000,86048.20000000,0.01136
1749258457,0.01160000,2450.30000000,0.01136
1749258457,0.01161000,4651.20000000,0.01136
1749258457,0.01162000,565.90000000,0.01136
1749258457,0.01163000,4753.20000000,0.01136
1749258457,0.01164000,238410.50000000,0.01136
1749258457,0.01165000,4102.10000000,0.01136
1749258457,0.01166000,94848.60000000,0.01136
1749258457,0.01168000,1712.30000000,0.01136
1749258457,0.01170000,46725.80000000,0.01136
1749258457,0.01171000,2164.70000000,0.01136
1749258457,0.01172000,2775.20000000,0.01136
1749258457,0.01173000,1779.50000000,0.01136
1749258457,0.01174000,1383.40000000,0.01136
1749258457,0.01175000,8378.60000000,0.01136
1749258457,0.01177000,438.30000000,0.01136
1749258457,0.01178000,1697.70000000,0.01136
1749258457,0.01180000,5654.20000000,0.01136
1749258457,0.01181000,2675.30000000,0.01136
1749258457,0.01184000,101257.30000000,0.01136
1749258457,0.01186000,3000.60000000,0.01136
1749258457,0.01187000,8162.50000000,0.01136
1749258457,0.01188000,7662.60000000,0.01136
1749258457,0.01189000,756.90000000,0.01136
1749258457,0.01190000,3927.10000000,0.01136
1749258457,0.01191000,438.30000000,0.01136
1749258457,0.01192000,3631.20000000,0.01136
1749258457,0.01193000,5610.40000000,0.01136
1749258457,0.01194000,3454.50000000,0.01136
1749258457,0.01195000,1698.70000000,0.01136
1749258457,0.01198000,28365.70000000,0.01136
1749258457,0.01199000,565.90000000,0.01136
1749258457,0.01200000,6953.70000000,0.01136
1749258457,0.01201000,1779.50000000,0.01136
1749258457,0.01202000,11549.20000000,0.01136
1749258457,0.01205000,991.80000000,0.01136
1749258457,0.01208000,9029.00000000,0.01136
1749258457,0.01209000,565.90000000,0.01136
1749258457,0.01210000,2525.10000000,0.01136
1749258457,0.01211000,4975.40000000,0.01136
1749258457,0.01212000,22872.70000000,0.01136
1749258457,0.01213000,1543.50000000,0.01136
1749258457,0.01215000,1779.50000000,0.01136
1749258457,0.01216000,2105.20000000,0.01136
1749258457,0.01217000,502.40000000,0.01136
1749258457,0.01218000,2074.20000000,0.01136
1749258457,0.01220000,1722253.40000000,0.01136
1749258457,0.01222000,2647.40000000,0.01136
1749258457,0.01224000,1529.60000000,0.01136
1749258457,0.01225000,67634.70000000,0.01136
1749258457,0.01227000,1762.20000000,0.01136
1749258457,0.01228000,4493.00000000,0.01136
1749258457,0.01229000,15901.50000000,0.01136
1749258457,0.01230000,335681.10000000,0.01136
1749258457,0.01231000,482.40000000,0.01136
1749258457,0.01232000,18006.60000000,0.01136
1749258457,0.01235000,101516.00000000,0.01136
1749258457,0.01236000,26109.80000000,0.01136
1749258457,0.01237000,5058.90000000,0.01136
1749258457,0.01238000,140662.90000000,0.01136
1749258457,0.01239000,438.30000000,0.01136
1749258457,0.01240000,1308.80000000,0.01136
1749258457,0.01242000,1196.30000000,0.01136
1749258457,0.01243000,1779.50000000,0.01136
1749258457,0.01244000,1607.70000000,0.01136
1749258457,0.01245000,553.50000000,0.01136
1749258457,0.01246000,16809.70000000,0.01136
1749258457,0.01247000,502.40000000,0.01136
1749258457,0.01249000,448.40000000,0.01136
1749258457,0.01250000,515061.90000000,0.01136
1749258457,0.01251000,1598.70000000,0.01136
1749258457,0.01252000,808.20000000,0.01136
1749258457,0.01253000,438.30000000,0.01136
1749258457,0.01255000,5718.60000000,0.01136
1749258457,0.01256000,10477.10000000,0.01136
1749258457,0.01257000,1489.40000000,0.01136
1749258457,0.01258000,1196.30000000,0.01136
1749258457,0.01260000,3025.50000000,0.01136
1749258457,0.01262000,502.40000000,0.01136
1749258814,0.01135000,109622.50000000,0.01135
1749258814,0.01136000,608427.10000000,0.01135
1749258814,0.01137000,660161.00000000,0.01135
1749258814,0.01138000,851612.10000000,0.01135
1749258814,0.01139000,345104.20000000,0.01135
1749258814,0.01140000,167304.40000000,0.01135
1749258814,0.01141000,117691.40000000,0.01135
1749258814,0.01142000,759877.20000000,0.01135
1749258814,0.01143000,137520.20000000,0.01135
1749258814,0.01144000,119922.10000000,0.01135
1749258814,0.01145000,68879.60000000,0.01135
1749258814,0.01146000,67601.40000000,0.01135
1749258814,0.01147000,946615.10000000,0.01135
1749258814,0.01148000,29225.10000000,0.01135
1749258814,0.01149000,68296.40000000,0.01135
1749258814,0.01150000,54743.80000000,0.01135
1749258814,0.01151000,110280.30000000,0.01135
1749258814,0.01152000,2866.20000000,0.01135
1749258814,0.01153000,119979.60000000,0.01135
1749258814,0.01154000,114129.80000000,0.01135
1749258814,0.01156000,920.70000000,0.01135
1749258814,0.01157000,591562.80000000,0.01135
1749258814,0.01158000,89347.30000000,0.01135
1749258814,0.01159000,108998.20000000,0.01135
1749258814,0.01160000,2450.30000000,0.01135
1749258814,0.01161000,4651.20000000,0.01135
1749258814,0.01162000,565.90000000,0.01135
1749258814,0.01163000,93329.30000000,0.01135
1749258814,0.01164000,238410.50000000,0.01135
1749258814,0.01165000,4102.10000000,0.01135
1749258814,0.01166000,6272.50000000,0.01135
1749258814,0.01168000,1712.30000000,0.01135
1749258814,0.01170000,46725.80000000,0.01135
1749258814,0.01171000,2164.70000000,0.01135
1749258814,0.01172000,2775.20000000,0.01135
1749258814,0.01173000,1779.50000000,0.01135
1749258814,0.01174000,1383.40000000,0.01135
1749258814,0.01175000,8378.60000000,0.01135
1749258814,0.01177000,438.30000000,0.01135
1749258814,0.01178000,1697.70000000,0.01135
1749258814,0.01180000,5654.20000000,0.01135
1749258814,0.01181000,2675.30000000,0.01135
1749258814,0.01184000,101257.30000000,0.01135
1749258814,0.01186000,3000.60000000,0.01135
1749258814,0.01187000,8162.50000000,0.01135
1749258814,0.01188000,7662.60000000,0.01135
1749258814,0.01189000,756.90000000,0.01135
1749258814,0.01190000,3927.10000000,0.01135
1749258814,0.01191000,438.30000000,0.01135
1749258814,0.01192000,3631.20000000,0.01135
1749258814,0.01193000,5610.40000000,0.01135
1749258814,0.01194000,3454.50000000,0.01135
1749258814,0.01195000,1698.70000000,0.01135
1749258814,0.01198000,28365.70000000,0.01135
1749258814,0.01199000,565.90000000,0.01135
1749258814,0.01200000,6953.70000000,0.01135
1749258814,0.01201000,1779.50000000,0.01135
1749258814,0.01202000,11549.20000000,0.01135
1749258814,0.01205000,991.80000000,0.01135
1749258814,0.01208000,9029.00000000,0.01135
1749258814,0.01209000,565.90000000,0.01135
1749258814,0.01210000,2525.10000000,0.01135
1749258814,0.01211000,4975.40000000,0.01135
1749258814,0.01212000,22872.70000000,0.01135
1749258814,0.01213000,1543.50000000,0.01135
1749258814,0.01215000,1779.50000000,0.01135
1749258814,0.01216000,2105.20000000,0.01135
1749258814,0.01217000,502.40000000,0.01135
1749258814,0.01218000,2074.20000000,0.01135
1749258814,0.01219000,6951.80000000,0.01135
1749258814,0.01220000,1722253.40000000,0.01135
1749258814,0.01222000,2647.40000000,0.01135
1749258814,0.01224000,1529.60000000,0.01135
1749258814,0.01225000,67634.70000000,0.01135
1749258814,0.01227000,1762.20000000,0.01135
1749258814,0.01228000,4493.00000000,0.01135
1749258814,0.01229000,15901.50000000,0.01135
1749258814,0.01230000,335681.10000000,0.01135
1749258814,0.01231000,482.40000000,0.01135
1749258814,0.01232000,18006.60000000,0.01135
1749258814,0.01235000,101516.00000000,0.01135
1749258814,0.01236000,26109.80000000,0.01135
1749258814,0.01237000,5058.90000000,0.01135
1749258814,0.01238000,140662.90000000,0.01135
1749258814,0.01239000,438.30000000,0.01135
1749258814,0.01240000,1308.80000000,0.01135
1749258814,0.01242000,1196.30000000,0.01135
1749258814,0.01243000,1779.50000000,0.01135
1749258814,0.01244000,1607.70000000,0.01135
1749258814,0.01245000,553.50000000,0.01135
1749258814,0.01246000,16809.70000000,0.01135
1749258814,0.01247000,502.40000000,0.01135
1749258814,0.01249000,448.40000000,0.01135
1749258814,0.01250000,515061.90000000,0.01135
1749258814,0.01251000,1598.70000000,0.01135
1749258814,0.01252000,808.20000000,0.01135
1749258814,0.01253000,438.30000000,0.01135
1749258814,0.01255000,5718.60000000,0.01135
1749258814,0.01256000,10477.10000000,0.01135
1749258814,0.01257000,1489.40000000,0.01135
1749259121,0.01134000,247124.20000000,0.01133
1749259121,0.01135000,290645.70000000,0.01133
1749259121,0.01136000,657919.90000000,0.01133
1749259121,0.01137000,1194983.70000000,0.01133
1749259121,0.01138000,117627.70000000,0.01133
1749259121,0.01139000,321472.30000000,0.01133
1749259121,0.01140000,682546.00000000,0.01133
1749259121,0.01141000,319609.20000000,0.01133
1749259121,0.01142000,507589.20000000,0.01133
1749259121,0.01143000,111616.00000000,0.01133
1749259121,0.01144000,144964.00000000,0.01133
1749259121,0.01145000,68879.60000000,0.01133
1749259121,0.01146000,67601.40000000,0.01133
1749259121,0.01147000,174454.00000000,0.01133
1749259121,0.01148000,37557.10000000,0.01133
1749259121,0.01149000,68296.40000000,0.01133
1749259121,0.01150000,106514.30000000,0.01133
1749259121,0.01151000,115663.80000000,0.01133
1749259121,0.01152000,2866.20000000,0.01133
1749259121,0.01153000,68209.10000000,0.01133
1749259121,0.01154000,639142.10000000,0.01133
1749259121,0.01155000,3962.20000000,0.01133
1749259121,0.01156000,84706.20000000,0.01133
1749259121,0.01157000,27945.40000000,0.01133
1749259121,0.01158000,85385.10000000,0.01133
1749259121,0.01159000,2262.70000000,0.01133
1749259121,0.01160000,2450.30000000,0.01133
1749259121,0.01161000,49392.90000000,0.01133
1749259121,0.01162000,565.90000000,0.01133
1749259121,0.01163000,116279.30000000,0.01133
1749259121,0.01164000,239568.80000000,0.01133
1749259121,0.01165000,4102.10000000,0.01133
1749259121,0.01166000,6272.50000000,0.01133
1749259121,0.01168000,1712.30000000,0.01133
1749259121,0.01170000,46725.80000000,0.01133
1749259121,0.01171000,2164.70000000,0.01133
1749259121,0.01172000,2775.20000000,0.01133
1749259121,0.01173000,1779.50000000,0.01133
1749259121,0.01174000,1383.40000000,0.01133
1749259121,0.01175000,8378.60000000,0.01133
1749259121,0.01177000,438.30000000,0.01133
1749259121,0.01178000,1697.70000000,0.01133
1749259121,0.01180000,5654.20000000,0.01133
1749259121,0.01181000,94440.40000000,0.01133
1749259121,0.01184000,9492.20000000,0.01133
1749259121,0.01186000,3000.60000000,0.01133
1749259121,0.01187000,8162.50000000,0.01133
1749259121,0.01188000,7662.60000000,0.01133
1749259121,0.01189000,756.90000000,0.01133
1749259121,0.01190000,3927.10000000,0.01133
1749259121,0.01191000,438.30000000,0.01133
1749259121,0.01192000,3631.20000000,0.01133
1749259121,0.01193000,5610.40000000,0.01133
1749259121,0.01194000,3454.50000000,0.01133
1749259121,0.01195000,1698.70000000,0.01133
1749259121,0.01198000,28365.70000000,0.01133
1749259121,0.01199000,565.90000000,0.01133
1749259121,0.01200000,6953.70000000,0.01133
1749259121,0.01201000,1779.50000000,0.01133
1749259121,0.01202000,11549.20000000,0.01133
1749259121,0.01205000,991.80000000,0.01133
1749259121,0.01208000,9029.00000000,0.01133
1749259121,0.01209000,565.90000000,0.01133
1749259121,0.01210000,2525.10000000,0.01133
1749259121,0.01211000,4975.40000000,0.01133
1749259121,0.01212000,22872.70000000,0.01133
1749259121,0.01213000,1543.50000000,0.01133
1749259121,0.01215000,1779.50000000,0.01133
1749259121,0.01216000,2105.20000000,0.01133
1749259121,0.01217000,502.40000000,0.01133
1749259121,0.01218000,2074.20000000,0.01133
1749259121,0.01219000,6951.80000000,0.01133
1749259121,0.01220000,1722253.40000000,0.01133
1749259121,0.01222000,2647.40000000,0.01133
1749259121,0.01224000,1529.60000000,0.01133
1749259121,0.01225000,67634.70000000,0.01133
1749259121,0.01227000,1762.20000000,0.01133
1749259121,0.01228000,4493.00000000,0.01133
1749259121,0.01229000,15901.50000000,0.01133
1749259121,0.01230000,335681.10000000,0.01133
1749259121,0.01231000,482.40000000,0.01133
1749259121,0.01232000,18006.60000000,0.01133
1749259121,0.01235000,101516.00000000,0.01133
1749259121,0.01236000,26109.80000000,0.01133
1749259121,0.01237000,5058.90000000,0.01133
1749259121,0.01238000,140662.90000000,0.01133
1749259121,0.01239000,438.30000000,0.01133
1749259121,0.01240000,1308.80000000,0.01133
1749259121,0.01242000,1196.30000000,0.01133
1749259121,0.01243000,1779.50000000,0.01133
1749259121,0.01244000,1607.70000000,0.01133
1749259121,0.01245000,553.50000000,0.01133
1749259121,0.01246000,16809.70000000,0.01133
1749259121,0.01247000,502.40000000,0.01133
1749259121,0.01249000,448.40000000,0.01133
1749259121,0.01250000,515061.90000000,0.01133
1749259121,0.01251000,1598.70000000,0.01133
1749259121,0.01252000,808.20000000,0.01133
1749259121,0.01253000,438.30000000,0.01133
1749259121,0.01255000,5718.60000000,0.01133
