timestamp,price,volume,current_price
1749260852,0.05370000,129661.70000000,0.0536
1749260852,0.05380000,208286.50000000,0.0536
1749260852,0.05390000,205268.70000000,0.0536
1749260852,0.05400000,147734.60000000,0.0536
1749260852,0.05410000,128457.60000000,0.0536
1749260852,0.05420000,111680.20000000,0.0536
1749260852,0.05430000,88485.20000000,0.0536
1749260852,0.05440000,92930.90000000,0.0536
1749260852,0.05450000,84594.20000000,0.0536
1749260852,0.05460000,88559.70000000,0.0536
1749260852,0.05470000,80874.00000000,0.0536
1749260852,0.05480000,80742.00000000,0.0536
1749260852,0.05490000,87910.40000000,0.0536
1749260852,0.05500000,101621.90000000,0.0536
1749260852,0.05510000,117466.40000000,0.0536
1749260852,0.05520000,12928.40000000,0.0536
1749260852,0.05530000,13145.40000000,0.0536
1749260852,0.05540000,13252.90000000,0.0536
1749260852,0.05550000,27342.80000000,0.0536
1749260852,0.05560000,13892.30000000,0.0536
1749260852,0.05570000,31339.10000000,0.0536
1749260852,0.05580000,70691.10000000,0.0536
1749260852,0.05590000,11632.00000000,0.0536
1749260852,0.05600000,114971.30000000,0.0536
1749260852,0.05610000,18338.90000000,0.0536
1749260852,0.05620000,10322.70000000,0.0536
1749260852,0.05630000,4951.70000000,0.0536
1749260852,0.05640000,5031.80000000,0.0536
1749260852,0.05650000,115837.50000000,0.0536
1749260852,0.05660000,188.80000000,0.0536
1749260852,0.05670000,5968.90000000,0.0536
1749260852,0.05680000,5992.20000000,0.0536
1749260852,0.05690000,343.50000000,0.0536
1749260852,0.05700000,188.80000000,0.0536
1749260852,0.05710000,105349.80000000,0.0536
1749260852,0.05720000,666.80000000,0.0536
1749260852,0.05730000,188.80000000,0.0536
1749260852,0.05740000,1203.40000000,0.0536
1749260852,0.05750000,5368.90000000,0.0536
1749260852,0.05760000,188.80000000,0.0536
1749260852,0.05770000,188.80000000,0.0536
1749260852,0.05780000,305.40000000,0.0536
1749260852,0.05790000,1402.60000000,0.0536
1749260852,0.05800000,3709.40000000,0.0536
1749260852,0.05810000,294.30000000,0.0536
1749260852,0.05820000,369.60000000,0.0536
1749260852,0.05830000,363.40000000,0.0536
1749260852,0.05840000,188.80000000,0.0536
1749260852,0.05850000,666.50000000,0.0536
1749260852,0.05860000,1026.10000000,0.0536
1749260852,0.05870000,187.40000000,0.0536
1749260852,0.05880000,187.40000000,0.0536
1749260852,0.05890000,19663.70000000,0.0536
1749260852,0.05900000,475250.70000000,0.0536
1749260852,0.05910000,290.60000000,0.0536
1749260852,0.05920000,7371.40000000,0.0536
1749260852,0.05930000,1626.80000000,0.0536
1749260852,0.05940000,185.10000000,0.0536
1749260852,0.05960000,555.10000000,0.0536
1749260852,0.05970000,43814.60000000,0.0536
1749260852,0.05980000,4277.60000000,0.0536
1749260852,0.05990000,1036.70000000,0.0536
1749260852,0.06000000,30629.90000000,0.0536
1749260852,0.06010000,168.90000000,0.0536
1749260852,0.06020000,4241.60000000,0.0536
1749260852,0.06030000,17761.40000000,0.0536
1749260852,0.06050000,454215.20000000,0.0536
1749260852,0.06060000,4444.70000000,0.0536
1749260852,0.06070000,93.10000000,0.0536
1749260852,0.06100000,2436.40000000,0.0536
1749260852,0.06110000,345.00000000,0.0536
1749260852,0.06120000,1260.70000000,0.0536
1749260852,0.06140000,1177.20000000,0.0536
1749260852,0.06150000,3697.10000000,0.0536
1749260852,0.06160000,878.70000000,0.0536
1749260852,0.06170000,1108.30000000,0.0536
1749260852,0.06180000,2793.30000000,0.0536
1749260852,0.06190000,2957.50000000,0.0536
1749260852,0.06200000,3145.10000000,0.0536
1749260852,0.06210000,16641.10000000,0.0536
1749260852,0.06230000,478.00000000,0.0536
1749260852,0.06240000,321.20000000,0.0536
1749260852,0.06250000,17641.60000000,0.0536
1749260852,0.06260000,66363.20000000,0.0536
1749260852,0.06270000,141.10000000,0.0536
1749260852,0.06280000,12111.40000000,0.0536
1749260852,0.06300000,174634.90000000,0.0536
1749260852,0.06310000,1018.10000000,0.0536
1749260852,0.06320000,646.40000000,0.0536
1749260852,0.06330000,141.10000000,0.0536
1749260852,0.06360000,518.90000000,0.0536
1749260852,0.06370000,87.90000000,0.0536
1749260852,0.06380000,1018.10000000,0.0536
1749260852,0.06390000,141.10000000,0.0536
1749260852,0.06400000,40913.80000000,0.0536
1749260852,0.06420000,1007.00000000,0.0536
1749260852,0.06430000,266.90000000,0.0536
1749260852,0.06440000,7594.40000000,0.0536
1749260852,0.06450000,2539.70000000,0.0536
1749260852,0.06480000,3419.40000000,0.0536
1749261177,0.05360000,55015.90000000,0.0535
1749261177,0.05370000,158970.00000000,0.0535
1749261177,0.05380000,223969.30000000,0.0535
1749261177,0.05390000,185910.90000000,0.0535
1749261177,0.05400000,125928.50000000,0.0535
1749261177,0.05410000,149235.00000000,0.0535
1749261177,0.05420000,94546.70000000,0.0535
1749261177,0.05430000,88485.20000000,0.0535
1749261177,0.05440000,92930.90000000,0.0535
1749261177,0.05450000,54830.00000000,0.0535
1749261177,0.05460000,88559.70000000,0.0535
1749261177,0.05470000,110521.30000000,0.0535
1749261177,0.05480000,79505.60000000,0.0535
1749261177,0.05490000,87910.40000000,0.0535
1749261177,0.05500000,187507.20000000,0.0535
1749261177,0.05510000,13766.40000000,0.0535
1749261177,0.05520000,31779.10000000,0.0535
1749261177,0.05530000,13145.40000000,0.0535
1749261177,0.05540000,13252.90000000,0.0535
1749261177,0.05550000,27342.80000000,0.0535
1749261177,0.05560000,13892.30000000,0.0535
1749261177,0.05570000,31339.10000000,0.0535
1749261177,0.05580000,58091.10000000,0.0535
1749261177,0.05590000,11632.00000000,0.0535
1749261177,0.05600000,114971.30000000,0.0535
1749261177,0.05610000,18338.90000000,0.0535
1749261177,0.05620000,10322.70000000,0.0535
1749261177,0.05630000,4951.70000000,0.0535
1749261177,0.05640000,5031.80000000,0.0535
1749261177,0.05650000,115837.50000000,0.0535
1749261177,0.05660000,188.80000000,0.0535
1749261177,0.05670000,5968.90000000,0.0535
1749261177,0.05680000,5992.20000000,0.0535
1749261177,0.05690000,343.50000000,0.0535
1749261177,0.05700000,188.80000000,0.0535
1749261177,0.05710000,105349.80000000,0.0535
1749261177,0.05720000,666.80000000,0.0535
1749261177,0.05730000,188.80000000,0.0535
1749261177,0.05740000,1203.40000000,0.0535
1749261177,0.05750000,5368.90000000,0.0535
1749261177,0.05760000,188.80000000,0.0535
1749261177,0.05770000,188.80000000,0.0535
1749261177,0.05780000,305.40000000,0.0535
1749261177,0.05790000,1402.60000000,0.0535
1749261177,0.05800000,3709.40000000,0.0535
1749261177,0.05810000,294.30000000,0.0535
1749261177,0.05820000,369.60000000,0.0535
1749261177,0.05830000,363.40000000,0.0535
1749261177,0.05840000,188.80000000,0.0535
1749261177,0.05850000,666.50000000,0.0535
1749261177,0.05860000,1026.10000000,0.0535
1749261177,0.05870000,187.40000000,0.0535
1749261177,0.05880000,187.40000000,0.0535
1749261177,0.05890000,19663.70000000,0.0535
1749261177,0.05900000,475064.00000000,0.0535
1749261177,0.05910000,290.60000000,0.0535
1749261177,0.05920000,7371.40000000,0.0535
1749261177,0.05930000,1626.80000000,0.0535
1749261177,0.05940000,185.10000000,0.0535
1749261177,0.05960000,555.10000000,0.0535
1749261177,0.05970000,43814.60000000,0.0535
1749261177,0.05980000,4277.60000000,0.0535
1749261177,0.05990000,1036.70000000,0.0535
1749261177,0.06000000,30629.90000000,0.0535
1749261177,0.06010000,168.90000000,0.0535
1749261177,0.06020000,4241.60000000,0.0535
1749261177,0.06030000,17761.40000000,0.0535
1749261177,0.06050000,454215.20000000,0.0535
1749261177,0.06060000,4444.70000000,0.0535
1749261177,0.06070000,93.10000000,0.0535
1749261177,0.06100000,2436.40000000,0.0535
1749261177,0.06110000,345.00000000,0.0535
1749261177,0.06120000,1260.70000000,0.0535
1749261177,0.06140000,1177.20000000,0.0535
1749261177,0.06150000,3697.10000000,0.0535
1749261177,0.06160000,878.70000000,0.0535
1749261177,0.06170000,1108.30000000,0.0535
1749261177,0.06180000,2793.30000000,0.0535
1749261177,0.06190000,2957.50000000,0.0535
1749261177,0.06200000,3145.10000000,0.0535
1749261177,0.06210000,16641.10000000,0.0535
1749261177,0.06230000,478.00000000,0.0535
1749261177,0.06240000,321.20000000,0.0535
1749261177,0.06250000,17641.60000000,0.0535
1749261177,0.06260000,66363.20000000,0.0535
1749261177,0.06270000,141.10000000,0.0535
1749261177,0.06280000,12111.40000000,0.0535
1749261177,0.06300000,174634.90000000,0.0535
1749261177,0.06310000,1018.10000000,0.0535
1749261177,0.06320000,646.40000000,0.0535
1749261177,0.06330000,141.10000000,0.0535
1749261177,0.06360000,518.90000000,0.0535
1749261177,0.06370000,87.90000000,0.0535
1749261177,0.06380000,1018.10000000,0.0535
1749261177,0.06390000,141.10000000,0.0535
1749261177,0.06400000,40913.80000000,0.0535
1749261177,0.06420000,1007.00000000,0.0535
1749261177,0.06430000,266.90000000,0.0535
1749261177,0.06440000,7594.40000000,0.0535
1749261177,0.06450000,2539.70000000,0.0535
1749261492,0.05360000,23524.50000000,0.0536
1749261492,0.05370000,190872.40000000,0.0536
1749261492,0.05380000,187868.00000000,0.0536
1749261492,0.05390000,213194.40000000,0.0536
1749261492,0.05400000,125928.50000000,0.0536
1749261492,0.05410000,128236.10000000,0.0536
1749261492,0.05420000,94546.70000000,0.0536
1749261492,0.05430000,88485.20000000,0.0536
1749261492,0.05440000,93203.00000000,0.0536
1749261492,0.05450000,54830.00000000,0.0536
1749261492,0.05460000,88559.70000000,0.0536
1749261492,0.05470000,110521.30000000,0.0536
1749261492,0.05480000,79505.60000000,0.0536
1749261492,0.05490000,143656.20000000,0.0536
1749261492,0.05500000,131771.20000000,0.0536
1749261492,0.05510000,13766.40000000,0.0536
1749261492,0.05520000,31779.10000000,0.0536
1749261492,0.05530000,13145.40000000,0.0536
1749261492,0.05540000,13252.90000000,0.0536
1749261492,0.05550000,27342.80000000,0.0536
1749261492,0.05560000,13892.30000000,0.0536
1749261492,0.05570000,31339.10000000,0.0536
1749261492,0.05580000,70691.10000000,0.0536
1749261492,0.05590000,11632.00000000,0.0536
1749261492,0.05600000,114971.30000000,0.0536
1749261492,0.05610000,18338.90000000,0.0536
1749261492,0.05620000,10389.70000000,0.0536
1749261492,0.05630000,4951.70000000,0.0536
1749261492,0.05640000,5031.80000000,0.0536
1749261492,0.05650000,115837.50000000,0.0536
1749261492,0.05660000,188.80000000,0.0536
1749261492,0.05670000,5968.90000000,0.0536
1749261492,0.05680000,5992.20000000,0.0536
1749261492,0.05690000,343.50000000,0.0536
1749261492,0.05700000,188.80000000,0.0536
1749261492,0.05710000,105349.80000000,0.0536
1749261492,0.05720000,44481.40000000,0.0536
1749261492,0.05730000,188.80000000,0.0536
1749261492,0.05740000,1203.40000000,0.0536
1749261492,0.05750000,5368.90000000,0.0536
1749261492,0.05760000,188.80000000,0.0536
1749261492,0.05770000,188.80000000,0.0536
1749261492,0.05780000,305.40000000,0.0536
1749261492,0.05790000,1402.60000000,0.0536
1749261492,0.05800000,3709.40000000,0.0536
1749261492,0.05810000,294.30000000,0.0536
1749261492,0.05820000,369.60000000,0.0536
1749261492,0.05830000,363.40000000,0.0536
1749261492,0.05840000,188.80000000,0.0536
1749261492,0.05850000,666.50000000,0.0536
1749261492,0.05860000,1026.10000000,0.0536
1749261492,0.05870000,187.40000000,0.0536
1749261492,0.05880000,187.40000000,0.0536
1749261492,0.05890000,20368.50000000,0.0536
1749261492,0.05900000,475064.00000000,0.0536
1749261492,0.05910000,290.60000000,0.0536
1749261492,0.05920000,7371.40000000,0.0536
1749261492,0.05930000,1626.80000000,0.0536
1749261492,0.05940000,185.10000000,0.0536
1749261492,0.05960000,555.10000000,0.0536
1749261492,0.05980000,4277.60000000,0.0536
1749261492,0.05990000,1036.70000000,0.0536
1749261492,0.06000000,30629.90000000,0.0536
1749261492,0.06010000,168.90000000,0.0536
1749261492,0.06020000,4241.60000000,0.0536
1749261492,0.06030000,17761.40000000,0.0536
1749261492,0.06050000,454215.20000000,0.0536
1749261492,0.06060000,4444.70000000,0.0536
1749261492,0.06070000,93.10000000,0.0536
1749261492,0.06100000,2436.40000000,0.0536
1749261492,0.06110000,345.00000000,0.0536
1749261492,0.06120000,1260.70000000,0.0536
1749261492,0.06140000,1177.20000000,0.0536
1749261492,0.06150000,3697.10000000,0.0536
1749261492,0.06160000,878.70000000,0.0536
1749261492,0.06170000,1108.30000000,0.0536
1749261492,0.06180000,2793.30000000,0.0536
1749261492,0.06190000,2957.50000000,0.0536
1749261492,0.06200000,3145.10000000,0.0536
1749261492,0.06210000,16641.10000000,0.0536
1749261492,0.06230000,478.00000000,0.0536
1749261492,0.06240000,321.20000000,0.0536
1749261492,0.06250000,17641.60000000,0.0536
1749261492,0.06260000,66363.20000000,0.0536
1749261492,0.06270000,141.10000000,0.0536
1749261492,0.06280000,12111.40000000,0.0536
1749261492,0.06300000,174634.90000000,0.0536
1749261492,0.06310000,1018.10000000,0.0536
1749261492,0.06320000,646.40000000,0.0536
1749261492,0.06330000,141.10000000,0.0536
1749261492,0.06360000,518.90000000,0.0536
1749261492,0.06370000,87.90000000,0.0536
1749261492,0.06380000,1018.10000000,0.0536
1749261492,0.06390000,141.10000000,0.0536
1749261492,0.06400000,40913.80000000,0.0536
1749261492,0.06420000,1007.00000000,0.0536
1749261492,0.06430000,266.90000000,0.0536
1749261492,0.06440000,7594.40000000,0.0536
1749261492,0.06450000,2539.70000000,0.0536
1749261492,0.06480000,3419.40000000,0.0536
1749261803,0.05360000,110755.60000000,0.0535
1749261803,0.05370000,185008.80000000,0.0535
1749261803,0.05380000,152150.50000000,0.0535
1749261803,0.05390000,212509.40000000,0.0535
1749261803,0.05400000,163364.30000000,0.0535
1749261803,0.05410000,104940.60000000,0.0535
1749261803,0.05420000,94546.70000000,0.0535
1749261803,0.05430000,96485.40000000,0.0535
1749261803,0.05440000,35967.00000000,0.0535
1749261803,0.05450000,390015.90000000,0.0535
1749261803,0.05460000,88559.70000000,0.0535
1749261803,0.05470000,110521.30000000,0.0535
1749261803,0.05480000,79505.60000000,0.0535
1749261803,0.05490000,143656.20000000,0.0535
1749261803,0.05500000,94800.80000000,0.0535
1749261803,0.05510000,13766.40000000,0.0535
1749261803,0.05520000,12928.40000000,0.0535
1749261803,0.05530000,13145.40000000,0.0535
1749261803,0.05540000,13252.90000000,0.0535
1749261803,0.05550000,27342.80000000,0.0535
1749261803,0.05560000,13892.30000000,0.0535
1749261803,0.05570000,31339.10000000,0.0535
1749261803,0.05580000,58091.10000000,0.0535
1749261803,0.05590000,11632.00000000,0.0535
1749261803,0.05600000,114971.30000000,0.0535
1749261803,0.05610000,18338.90000000,0.0535
1749261803,0.05620000,10389.70000000,0.0535
1749261803,0.05630000,4951.70000000,0.0535
1749261803,0.05640000,5013.70000000,0.0535
1749261803,0.05650000,115837.50000000,0.0535
1749261803,0.05660000,188.80000000,0.0535
1749261803,0.05670000,5968.90000000,0.0535
1749261803,0.05680000,5992.20000000,0.0535
1749261803,0.05690000,343.50000000,0.0535
1749261803,0.05700000,188.80000000,0.0535
1749261803,0.05710000,105349.80000000,0.0535
1749261803,0.05720000,44481.40000000,0.0535
1749261803,0.05730000,188.80000000,0.0535
1749261803,0.05740000,1203.40000000,0.0535
1749261803,0.05750000,5368.90000000,0.0535
1749261803,0.05760000,188.80000000,0.0535
1749261803,0.05770000,188.80000000,0.0535
1749261803,0.05780000,305.40000000,0.0535
1749261803,0.05790000,1402.60000000,0.0535
1749261803,0.05800000,3709.40000000,0.0535
1749261803,0.05810000,294.30000000,0.0535
1749261803,0.05820000,369.60000000,0.0535
1749261803,0.05830000,363.40000000,0.0535
1749261803,0.05840000,188.80000000,0.0535
1749261803,0.05850000,666.50000000,0.0535
1749261803,0.05860000,1026.10000000,0.0535
1749261803,0.05870000,187.40000000,0.0535
1749261803,0.05880000,187.40000000,0.0535
1749261803,0.05890000,20368.50000000,0.0535
1749261803,0.05900000,475064.00000000,0.0535
1749261803,0.05910000,290.60000000,0.0535
1749261803,0.05920000,7371.40000000,0.0535
1749261803,0.05930000,1626.80000000,0.0535
1749261803,0.05940000,185.10000000,0.0535
1749261803,0.05960000,555.10000000,0.0535
1749261803,0.05980000,4277.60000000,0.0535
1749261803,0.05990000,1036.70000000,0.0535
1749261803,0.06000000,30629.90000000,0.0535
1749261803,0.06010000,168.90000000,0.0535
1749261803,0.06020000,4241.60000000,0.0535
1749261803,0.06030000,17761.40000000,0.0535
1749261803,0.06050000,454215.20000000,0.0535
1749261803,0.06060000,4444.70000000,0.0535
1749261803,0.06070000,93.10000000,0.0535
1749261803,0.06100000,2436.40000000,0.0535
1749261803,0.06110000,345.00000000,0.0535
1749261803,0.06120000,1260.70000000,0.0535
1749261803,0.06140000,1177.20000000,0.0535
1749261803,0.06150000,3697.10000000,0.0535
1749261803,0.06160000,878.70000000,0.0535
1749261803,0.06170000,1108.30000000,0.0535
1749261803,0.06180000,2793.30000000,0.0535
1749261803,0.06190000,2957.50000000,0.0535
1749261803,0.06200000,3145.10000000,0.0535
1749261803,0.06210000,16641.10000000,0.0535
1749261803,0.06230000,478.00000000,0.0535
1749261803,0.06240000,321.20000000,0.0535
1749261803,0.06250000,17641.60000000,0.0535
1749261803,0.06260000,66363.20000000,0.0535
1749261803,0.06270000,141.10000000,0.0535
1749261803,0.06280000,12111.40000000,0.0535
1749261803,0.06300000,174634.90000000,0.0535
1749261803,0.06310000,1018.10000000,0.0535
1749261803,0.06320000,646.40000000,0.0535
1749261803,0.06330000,141.10000000,0.0535
1749261803,0.06360000,518.90000000,0.0535
1749261803,0.06370000,87.90000000,0.0535
1749261803,0.06380000,1018.10000000,0.0535
1749261803,0.06390000,141.10000000,0.0535
1749261803,0.06400000,40913.80000000,0.0535
1749261803,0.06420000,1007.00000000,0.0535
1749261803,0.06430000,266.90000000,0.0535
1749261803,0.06440000,7594.40000000,0.0535
1749261803,0.06450000,2539.70000000,0.0535
1749261803,0.06480000,3419.40000000,0.0535
1749262105,0.05360000,65094.10000000,0.0535
1749262105,0.05370000,196085.60000000,0.0535
1749262105,0.05380000,176483.80000000,0.0535
1749262105,0.05390000,199406.40000000,0.0535
1749262105,0.05400000,154110.40000000,0.0535
1749262105,0.05410000,120961.00000000,0.0535
1749262105,0.05420000,94546.70000000,0.0535
1749262105,0.05430000,96485.40000000,0.0535
1749262105,0.05440000,40471.70000000,0.0535
1749262105,0.05450000,390015.90000000,0.0535
1749262105,0.05460000,88559.70000000,0.0535
1749262105,0.05470000,110521.30000000,0.0535
1749262105,0.05480000,79505.60000000,0.0535
1749262105,0.05490000,143646.40000000,0.0535
1749262105,0.05500000,94800.80000000,0.0535
1749262105,0.05510000,13766.40000000,0.0535
1749262105,0.05520000,12928.40000000,0.0535
1749262105,0.05530000,13145.40000000,0.0535
1749262105,0.05540000,13252.90000000,0.0535
1749262105,0.05550000,27342.80000000,0.0535
1749262105,0.05560000,13892.30000000,0.0535
1749262105,0.05570000,18739.10000000,0.0535
1749262105,0.05580000,58091.10000000,0.0535
1749262105,0.05590000,11632.00000000,0.0535
1749262105,0.05600000,114971.30000000,0.0535
1749262105,0.05610000,18338.90000000,0.0535
1749262105,0.05620000,10389.70000000,0.0535
1749262105,0.05630000,4951.70000000,0.0535
1749262105,0.05640000,5013.70000000,0.0535
1749262105,0.05650000,115837.50000000,0.0535
1749262105,0.05660000,188.80000000,0.0535
1749262105,0.05670000,5968.90000000,0.0535
1749262105,0.05680000,5992.20000000,0.0535
1749262105,0.05690000,343.50000000,0.0535
1749262105,0.05700000,188.80000000,0.0535
1749262105,0.05710000,105349.80000000,0.0535
1749262105,0.05720000,44481.40000000,0.0535
1749262105,0.05730000,188.80000000,0.0535
1749262105,0.05740000,1203.40000000,0.0535
1749262105,0.05750000,5368.90000000,0.0535
1749262105,0.05760000,188.80000000,0.0535
1749262105,0.05770000,188.80000000,0.0535
1749262105,0.05780000,305.40000000,0.0535
1749262105,0.05790000,1402.60000000,0.0535
1749262105,0.05800000,3709.40000000,0.0535
1749262105,0.05810000,294.30000000,0.0535
1749262105,0.05820000,369.60000000,0.0535
1749262105,0.05830000,363.40000000,0.0535
1749262105,0.05840000,188.80000000,0.0535
1749262105,0.05850000,666.50000000,0.0535
1749262105,0.05860000,1026.10000000,0.0535
1749262105,0.05870000,187.40000000,0.0535
1749262105,0.05880000,187.40000000,0.0535
1749262105,0.05890000,20368.50000000,0.0535
1749262105,0.05900000,475064.00000000,0.0535
1749262105,0.05910000,290.60000000,0.0535
1749262105,0.05920000,7371.40000000,0.0535
1749262105,0.05930000,1626.80000000,0.0535
1749262105,0.05940000,185.10000000,0.0535
1749262105,0.05960000,555.10000000,0.0535
1749262105,0.05980000,4277.60000000,0.0535
1749262105,0.05990000,1036.70000000,0.0535
1749262105,0.06000000,30629.90000000,0.0535
1749262105,0.06010000,168.90000000,0.0535
1749262105,0.06020000,4241.60000000,0.0535
1749262105,0.06030000,17761.40000000,0.0535
1749262105,0.06050000,454215.20000000,0.0535
1749262105,0.06060000,4444.70000000,0.0535
1749262105,0.06070000,93.10000000,0.0535
1749262105,0.06100000,2436.40000000,0.0535
1749262105,0.06110000,345.00000000,0.0535
1749262105,0.06120000,1260.70000000,0.0535
1749262105,0.06140000,1177.20000000,0.0535
1749262105,0.06150000,3697.10000000,0.0535
1749262105,0.06160000,878.70000000,0.0535
1749262105,0.06170000,1108.30000000,0.0535
1749262105,0.06180000,2793.30000000,0.0535
1749262105,0.06190000,2957.50000000,0.0535
1749262105,0.06200000,3145.10000000,0.0535
1749262105,0.06210000,16641.10000000,0.0535
1749262105,0.06230000,478.00000000,0.0535
1749262105,0.06240000,321.20000000,0.0535
1749262105,0.06250000,17641.60000000,0.0535
1749262105,0.06260000,66363.20000000,0.0535
1749262105,0.06270000,141.10000000,0.0535
1749262105,0.06280000,12111.40000000,0.0535
1749262105,0.06300000,174634.90000000,0.0535
1749262105,0.06310000,1018.10000000,0.0535
1749262105,0.06320000,646.40000000,0.0535
1749262105,0.06330000,141.10000000,0.0535
1749262105,0.06360000,518.90000000,0.0535
1749262105,0.06370000,87.90000000,0.0535
1749262105,0.06380000,1018.10000000,0.0535
1749262105,0.06390000,141.10000000,0.0535
1749262105,0.06400000,40913.80000000,0.0535
1749262105,0.06420000,1007.00000000,0.0535
1749262105,0.06430000,266.90000000,0.0535
1749262105,0.06440000,7594.40000000,0.0535
1749262105,0.06450000,2539.70000000,0.0535
1749262105,0.06480000,3419.40000000,0.0535
1749262407,0.05370000,66681.50000000,0.0536
1749262407,0.05380000,223267.80000000,0.0536
1749262407,0.05390000,193519.40000000,0.0536
1749262407,0.05400000,154602.40000000,0.0536
1749262407,0.05410000,122828.40000000,0.0536
1749262407,0.05420000,110186.10000000,0.0536
1749262407,0.05430000,88485.20000000,0.0536
1749262407,0.05440000,93097.10000000,0.0536
1749262407,0.05450000,54830.00000000,0.0536
1749262407,0.05460000,88559.70000000,0.0536
1749262407,0.05470000,110521.30000000,0.0536
1749262407,0.05480000,79505.60000000,0.0536
1749262407,0.05490000,143646.40000000,0.0536
1749262407,0.05500000,82771.20000000,0.0536
1749262407,0.05510000,62766.40000000,0.0536
1749262407,0.05520000,31779.10000000,0.0536
1749262407,0.05530000,13145.40000000,0.0536
1749262407,0.05540000,13252.90000000,0.0536
1749262407,0.05550000,27342.80000000,0.0536
1749262407,0.05560000,13892.30000000,0.0536
1749262407,0.05570000,18739.10000000,0.0536
1749262407,0.05580000,58091.10000000,0.0536
1749262407,0.05590000,11632.00000000,0.0536
1749262407,0.05600000,114971.30000000,0.0536
1749262407,0.05610000,18338.90000000,0.0536
1749262407,0.05620000,10389.70000000,0.0536
1749262407,0.05630000,4951.70000000,0.0536
1749262407,0.05640000,5013.70000000,0.0536
1749262407,0.05650000,115837.50000000,0.0536
1749262407,0.05660000,188.80000000,0.0536
1749262407,0.05670000,5968.90000000,0.0536
1749262407,0.05680000,5992.20000000,0.0536
1749262407,0.05690000,343.50000000,0.0536
1749262407,0.05700000,188.80000000,0.0536
1749262407,0.05710000,105349.80000000,0.0536
1749262407,0.05720000,44481.40000000,0.0536
1749262407,0.05730000,188.80000000,0.0536
1749262407,0.05740000,1203.40000000,0.0536
1749262407,0.05750000,5368.90000000,0.0536
1749262407,0.05760000,188.80000000,0.0536
1749262407,0.05770000,188.80000000,0.0536
1749262407,0.05780000,305.40000000,0.0536
1749262407,0.05790000,1402.60000000,0.0536
1749262407,0.05800000,3709.40000000,0.0536
1749262407,0.05810000,294.30000000,0.0536
1749262407,0.05820000,369.60000000,0.0536
1749262407,0.05830000,363.40000000,0.0536
1749262407,0.05840000,188.80000000,0.0536
1749262407,0.05850000,666.50000000,0.0536
1749262407,0.05860000,1026.10000000,0.0536
1749262407,0.05870000,187.40000000,0.0536
1749262407,0.05880000,187.40000000,0.0536
1749262407,0.05890000,20368.50000000,0.0536
1749262407,0.05900000,475250.70000000,0.0536
1749262407,0.05910000,290.60000000,0.0536
1749262407,0.05920000,7371.40000000,0.0536
1749262407,0.05930000,1626.80000000,0.0536
1749262407,0.05940000,185.10000000,0.0536
1749262407,0.05960000,555.10000000,0.0536
1749262407,0.05980000,4277.60000000,0.0536
1749262407,0.05990000,1036.70000000,0.0536
1749262407,0.06000000,30629.90000000,0.0536
1749262407,0.06010000,168.90000000,0.0536
1749262407,0.06020000,4241.60000000,0.0536
1749262407,0.06030000,17761.40000000,0.0536
1749262407,0.06050000,454215.20000000,0.0536
1749262407,0.06060000,4444.70000000,0.0536
1749262407,0.06070000,93.10000000,0.0536
1749262407,0.06100000,2436.40000000,0.0536
1749262407,0.06110000,345.00000000,0.0536
1749262407,0.06120000,1260.70000000,0.0536
1749262407,0.06140000,1177.20000000,0.0536
1749262407,0.06150000,3697.10000000,0.0536
1749262407,0.06160000,878.70000000,0.0536
1749262407,0.06170000,1108.30000000,0.0536
1749262407,0.06180000,2793.30000000,0.0536
1749262407,0.06190000,2957.50000000,0.0536
1749262407,0.06200000,3145.10000000,0.0536
1749262407,0.06210000,16641.10000000,0.0536
1749262407,0.06230000,478.00000000,0.0536
1749262407,0.06240000,321.20000000,0.0536
1749262407,0.06250000,17641.60000000,0.0536
1749262407,0.06260000,66363.20000000,0.0536
1749262407,0.06270000,141.10000000,0.0536
1749262407,0.06280000,12111.40000000,0.0536
1749262407,0.06300000,174634.90000000,0.0536
1749262407,0.06310000,1018.10000000,0.0536
1749262407,0.06320000,646.40000000,0.0536
1749262407,0.06330000,141.10000000,0.0536
1749262407,0.06360000,518.90000000,0.0536
1749262407,0.06370000,87.90000000,0.0536
1749262407,0.06380000,1018.10000000,0.0536
1749262407,0.06390000,141.10000000,0.0536
1749262407,0.06400000,40913.80000000,0.0536
1749262407,0.06420000,1007.00000000,0.0536
1749262407,0.06430000,266.90000000,0.0536
1749262407,0.06440000,7594.40000000,0.0536
1749262407,0.06450000,2539.70000000,0.0536
1749262407,0.06480000,3419.40000000,0.0536
1749262407,0.06490000,96602.80000000,0.0536
1749262712,0.05370000,31527.20000000,0.0537
1749262712,0.05380000,218748.60000000,0.0537
1749262712,0.05390000,168961.00000000,0.0537
1749262712,0.05400000,162686.80000000,0.0537
1749262712,0.05410000,134720.70000000,0.0537
1749262712,0.05420000,126076.10000000,0.0537
1749262712,0.05430000,88485.20000000,0.0537
1749262712,0.05440000,93097.10000000,0.0537
1749262712,0.05450000,54830.00000000,0.0537
1749262712,0.05460000,88559.70000000,0.0537
1749262712,0.05470000,110521.30000000,0.0537
1749262712,0.05480000,79505.60000000,0.0537
1749262712,0.05490000,87910.40000000,0.0537
1749262712,0.05500000,138415.60000000,0.0537
1749262712,0.05510000,62766.40000000,0.0537
1749262712,0.05520000,31779.10000000,0.0537
1749262712,0.05530000,13145.40000000,0.0537
1749262712,0.05540000,13252.90000000,0.0537
1749262712,0.05550000,27342.80000000,0.0537
1749262712,0.05560000,13892.30000000,0.0537
1749262712,0.05570000,18739.10000000,0.0537
1749262712,0.05580000,58091.10000000,0.0537
1749262712,0.05590000,11632.00000000,0.0537
1749262712,0.05600000,114971.30000000,0.0537
1749262712,0.05610000,18338.90000000,0.0537
1749262712,0.05620000,5591.90000000,0.0537
1749262712,0.05630000,4951.70000000,0.0537
1749262712,0.05640000,5013.70000000,0.0537
1749262712,0.05650000,120614.50000000,0.0537
1749262712,0.05660000,188.80000000,0.0537
1749262712,0.05670000,5968.90000000,0.0537
1749262712,0.05680000,5992.20000000,0.0537
1749262712,0.05690000,343.50000000,0.0537
1749262712,0.05700000,188.80000000,0.0537
1749262712,0.05710000,105349.80000000,0.0537
1749262712,0.05720000,44481.40000000,0.0537
1749262712,0.05730000,188.80000000,0.0537
1749262712,0.05740000,1203.40000000,0.0537
1749262712,0.05750000,5368.90000000,0.0537
1749262712,0.05760000,188.80000000,0.0537
1749262712,0.05770000,188.80000000,0.0537
1749262712,0.05780000,305.40000000,0.0537
1749262712,0.05790000,1402.60000000,0.0537
1749262712,0.05800000,3709.40000000,0.0537
1749262712,0.05810000,294.30000000,0.0537
1749262712,0.05820000,369.60000000,0.0537
1749262712,0.05830000,363.40000000,0.0537
1749262712,0.05840000,188.80000000,0.0537
1749262712,0.05850000,666.50000000,0.0537
1749262712,0.05860000,1026.10000000,0.0537
1749262712,0.05870000,187.40000000,0.0537
1749262712,0.05880000,187.40000000,0.0537
1749262712,0.05890000,20368.50000000,0.0537
1749262712,0.05900000,475250.70000000,0.0537
1749262712,0.05910000,290.60000000,0.0537
1749262712,0.05920000,7371.40000000,0.0537
1749262712,0.05930000,1626.80000000,0.0537
1749262712,0.05940000,185.10000000,0.0537
1749262712,0.05960000,555.10000000,0.0537
1749262712,0.05980000,4277.60000000,0.0537
1749262712,0.05990000,1036.70000000,0.0537
1749262712,0.06000000,30629.90000000,0.0537
1749262712,0.06010000,168.90000000,0.0537
1749262712,0.06020000,4241.60000000,0.0537
1749262712,0.06030000,17761.40000000,0.0537
1749262712,0.06050000,454215.20000000,0.0537
1749262712,0.06060000,4444.70000000,0.0537
1749262712,0.06070000,93.10000000,0.0537
1749262712,0.06100000,2436.40000000,0.0537
1749262712,0.06110000,345.00000000,0.0537
1749262712,0.06120000,1260.70000000,0.0537
1749262712,0.06140000,1177.20000000,0.0537
1749262712,0.06150000,3697.10000000,0.0537
1749262712,0.06160000,878.70000000,0.0537
1749262712,0.06170000,1108.30000000,0.0537
1749262712,0.06180000,2793.30000000,0.0537
1749262712,0.06190000,2957.50000000,0.0537
1749262712,0.06200000,3145.10000000,0.0537
1749262712,0.06210000,16641.10000000,0.0537
1749262712,0.06230000,478.00000000,0.0537
1749262712,0.06240000,321.20000000,0.0537
1749262712,0.06250000,17641.60000000,0.0537
1749262712,0.06260000,66363.20000000,0.0537
1749262712,0.06270000,141.10000000,0.0537
1749262712,0.06280000,12111.40000000,0.0537
1749262712,0.06300000,174634.90000000,0.0537
1749262712,0.06310000,1018.10000000,0.0537
1749262712,0.06320000,646.40000000,0.0537
1749262712,0.06330000,141.10000000,0.0537
1749262712,0.06360000,518.90000000,0.0537
1749262712,0.06370000,87.90000000,0.0537
1749262712,0.06380000,1018.10000000,0.0537
1749262712,0.06390000,141.10000000,0.0537
1749262712,0.06400000,40913.80000000,0.0537
1749262712,0.06420000,1007.00000000,0.0537
1749262712,0.06430000,266.90000000,0.0537
1749262712,0.06440000,7594.40000000,0.0537
1749262712,0.06450000,2539.70000000,0.0537
1749262712,0.06480000,3419.40000000,0.0537
1749262712,0.06490000,96602.80000000,0.0537
1749263020,0.05370000,11171.00000000,0.0537
1749263020,0.05380000,199012.40000000,0.0537
1749263020,0.05390000,221494.00000000,0.0537
1749263020,0.05400000,169104.10000000,0.0537
1749263020,0.05410000,85843.10000000,0.0537
1749263020,0.05420000,137245.80000000,0.0537
1749263020,0.05430000,88485.20000000,0.0537
1749263020,0.05440000,93097.10000000,0.0537
1749263020,0.05450000,103305.90000000,0.0537
1749263020,0.05460000,22918.10000000,0.0537
1749263020,0.05470000,114670.80000000,0.0537
1749263020,0.05480000,89123.00000000,0.0537
1749263020,0.05490000,78443.00000000,0.0537
1749263020,0.05500000,133905.10000000,0.0537
1749263020,0.05510000,128054.90000000,0.0537
1749263020,0.05520000,36289.60000000,0.0537
1749263020,0.05530000,13145.40000000,0.0537
1749263020,0.05540000,13252.90000000,0.0537
1749263020,0.05550000,27342.80000000,0.0537
1749263020,0.05560000,13892.30000000,0.0537
1749263020,0.05570000,31339.10000000,0.0537
1749263020,0.05580000,70691.10000000,0.0537
1749263020,0.05590000,11632.00000000,0.0537
1749263020,0.05600000,114971.30000000,0.0537
1749263020,0.05610000,368.90000000,0.0537
1749263020,0.05620000,5591.90000000,0.0537
1749263020,0.05630000,22921.70000000,0.0537
1749263020,0.05640000,4942.40000000,0.0537
1749263020,0.05650000,20262.70000000,0.0537
1749263020,0.05660000,188.80000000,0.0537
1749263020,0.05670000,5968.90000000,0.0537
1749263020,0.05680000,106298.50000000,0.0537
1749263020,0.05690000,343.50000000,0.0537
1749263020,0.05700000,188.80000000,0.0537
1749263020,0.05710000,105349.80000000,0.0537
1749263020,0.05720000,44481.40000000,0.0537
1749263020,0.05730000,188.80000000,0.0537
1749263020,0.05740000,1203.40000000,0.0537
1749263020,0.05750000,5368.90000000,0.0537
1749263020,0.05760000,188.80000000,0.0537
1749263020,0.05770000,188.80000000,0.0537
1749263020,0.05780000,305.40000000,0.0537
1749263020,0.05790000,1402.60000000,0.0537
1749263020,0.05800000,3709.40000000,0.0537
1749263020,0.05810000,294.30000000,0.0537
1749263020,0.05820000,369.60000000,0.0537
1749263020,0.05830000,363.40000000,0.0537
1749263020,0.05840000,188.80000000,0.0537
1749263020,0.05850000,666.50000000,0.0537
1749263020,0.05860000,1026.10000000,0.0537
1749263020,0.05870000,187.40000000,0.0537
1749263020,0.05880000,187.40000000,0.0537
1749263020,0.05890000,20368.50000000,0.0537
1749263020,0.05900000,475250.70000000,0.0537
1749263020,0.05910000,290.60000000,0.0537
1749263020,0.05920000,7371.40000000,0.0537
1749263020,0.05930000,1626.80000000,0.0537
1749263020,0.05940000,185.10000000,0.0537
1749263020,0.05960000,555.10000000,0.0537
1749263020,0.05980000,4277.60000000,0.0537
1749263020,0.05990000,1036.70000000,0.0537
1749263020,0.06000000,30629.90000000,0.0537
1749263020,0.06010000,168.90000000,0.0537
1749263020,0.06020000,4241.60000000,0.0537
1749263020,0.06030000,17761.40000000,0.0537
1749263020,0.06050000,454215.20000000,0.0537
1749263020,0.06060000,4444.70000000,0.0537
1749263020,0.06070000,93.10000000,0.0537
1749263020,0.06100000,2436.40000000,0.0537
1749263020,0.06110000,345.00000000,0.0537
1749263020,0.06120000,1260.70000000,0.0537
1749263020,0.06140000,1177.20000000,0.0537
1749263020,0.06150000,3697.10000000,0.0537
1749263020,0.06160000,878.70000000,0.0537
1749263020,0.06170000,1108.30000000,0.0537
1749263020,0.06180000,2793.30000000,0.0537
1749263020,0.06190000,2957.50000000,0.0537
1749263020,0.06200000,3145.10000000,0.0537
1749263020,0.06210000,16641.10000000,0.0537
1749263020,0.06230000,478.00000000,0.0537
1749263020,0.06240000,321.20000000,0.0537
1749263020,0.06250000,17641.60000000,0.0537
1749263020,0.06260000,66363.20000000,0.0537
1749263020,0.06270000,141.10000000,0.0537
1749263020,0.06280000,12111.40000000,0.0537
1749263020,0.06300000,174634.90000000,0.0537
1749263020,0.06310000,1018.10000000,0.0537
1749263020,0.06320000,646.40000000,0.0537
1749263020,0.06330000,141.10000000,0.0537
1749263020,0.06360000,518.90000000,0.0537
1749263020,0.06370000,87.90000000,0.0537
1749263020,0.06380000,1018.10000000,0.0537
1749263020,0.06390000,141.10000000,0.0537
1749263020,0.06400000,40913.80000000,0.0537
1749263020,0.06420000,1007.00000000,0.0537
1749263020,0.06430000,266.90000000,0.0537
1749263020,0.06440000,7594.40000000,0.0537
1749263020,0.06450000,2539.70000000,0.0537
1749263020,0.06480000,3419.40000000,0.0537
1749263020,0.06490000,96602.80000000,0.0537
1749263328,0.05370000,45142.00000000,0.0537
1749263328,0.05380000,360339.40000000,0.0537
1749263328,0.05390000,354674.80000000,0.0537
1749263328,0.05400000,186560.60000000,0.0537
1749263328,0.05410000,78929.30000000,0.0537
1749263328,0.05420000,137245.80000000,0.0537
1749263328,0.05430000,88485.20000000,0.0537
1749263328,0.05440000,93097.10000000,0.0537
1749263328,0.05450000,103305.90000000,0.0537
1749263328,0.05460000,22918.10000000,0.0537
1749263328,0.05470000,114670.80000000,0.0537
1749263328,0.05480000,89123.00000000,0.0537
1749263328,0.05490000,78443.00000000,0.0537
1749263328,0.05500000,133905.10000000,0.0537
1749263328,0.05510000,128054.90000000,0.0537
1749263328,0.05520000,36289.60000000,0.0537
1749263328,0.05530000,13145.40000000,0.0537
1749263328,0.05540000,13252.90000000,0.0537
1749263328,0.05550000,27342.80000000,0.0537
1749263328,0.05560000,13892.30000000,0.0537
1749263328,0.05570000,31339.10000000,0.0537
1749263328,0.05580000,70691.10000000,0.0537
1749263328,0.05590000,11632.00000000,0.0537
1749263328,0.05600000,114971.30000000,0.0537
1749263328,0.05610000,368.90000000,0.0537
1749263328,0.05620000,5591.90000000,0.0537
1749263328,0.05630000,22921.70000000,0.0537
1749263328,0.05640000,4942.40000000,0.0537
1749263328,0.05650000,20262.70000000,0.0537
1749263328,0.05660000,188.80000000,0.0537
1749263328,0.05670000,5968.90000000,0.0537
1749263328,0.05680000,106298.50000000,0.0537
1749263328,0.05690000,343.50000000,0.0537
1749263328,0.05700000,188.80000000,0.0537
1749263328,0.05710000,105349.80000000,0.0537
1749263328,0.05720000,44481.40000000,0.0537
1749263328,0.05730000,188.80000000,0.0537
1749263328,0.05740000,1203.40000000,0.0537
1749263328,0.05750000,5368.90000000,0.0537
1749263328,0.05760000,188.80000000,0.0537
1749263328,0.05770000,188.80000000,0.0537
1749263328,0.05780000,305.40000000,0.0537
1749263328,0.05790000,1402.60000000,0.0537
1749263328,0.05800000,3709.40000000,0.0537
1749263328,0.05810000,294.30000000,0.0537
1749263328,0.05820000,369.60000000,0.0537
1749263328,0.05830000,363.40000000,0.0537
1749263328,0.05840000,188.80000000,0.0537
1749263328,0.05850000,666.50000000,0.0537
1749263328,0.05860000,1026.10000000,0.0537
1749263328,0.05870000,187.40000000,0.0537
1749263328,0.05880000,187.40000000,0.0537
1749263328,0.05890000,20368.50000000,0.0537
1749263328,0.05900000,475250.70000000,0.0537
1749263328,0.05910000,290.60000000,0.0537
1749263328,0.05920000,7371.40000000,0.0537
1749263328,0.05930000,1626.80000000,0.0537
1749263328,0.05940000,185.10000000,0.0537
1749263328,0.05960000,555.10000000,0.0537
1749263328,0.05980000,4277.60000000,0.0537
1749263328,0.05990000,1036.70000000,0.0537
1749263328,0.06000000,30629.90000000,0.0537
1749263328,0.06010000,168.90000000,0.0537
1749263328,0.06020000,4241.60000000,0.0537
1749263328,0.06030000,17761.40000000,0.0537
1749263328,0.06050000,454215.20000000,0.0537
1749263328,0.06060000,4444.70000000,0.0537
1749263328,0.06070000,93.10000000,0.0537
1749263328,0.06100000,2436.40000000,0.0537
1749263328,0.06110000,345.00000000,0.0537
1749263328,0.06120000,1260.70000000,0.0537
1749263328,0.06140000,1177.20000000,0.0537
1749263328,0.06150000,3697.10000000,0.0537
1749263328,0.06160000,878.70000000,0.0537
1749263328,0.06170000,1108.30000000,0.0537
1749263328,0.06180000,2793.30000000,0.0537
1749263328,0.06190000,2957.50000000,0.0537
1749263328,0.06200000,3145.10000000,0.0537
1749263328,0.06210000,16641.10000000,0.0537
1749263328,0.06230000,478.00000000,0.0537
1749263328,0.06240000,321.20000000,0.0537
1749263328,0.06250000,17641.60000000,0.0537
1749263328,0.06260000,66363.20000000,0.0537
1749263328,0.06270000,141.10000000,0.0537
1749263328,0.06280000,12111.40000000,0.0537
1749263328,0.06300000,174634.90000000,0.0537
1749263328,0.06310000,1018.10000000,0.0537
1749263328,0.06320000,646.40000000,0.0537
1749263328,0.06330000,141.10000000,0.0537
1749263328,0.06360000,518.90000000,0.0537
1749263328,0.06370000,87.90000000,0.0537
1749263328,0.06380000,1018.10000000,0.0537
1749263328,0.06390000,141.10000000,0.0537
1749263328,0.06400000,40913.80000000,0.0537
1749263328,0.06420000,1007.00000000,0.0537
1749263328,0.06430000,266.90000000,0.0537
1749263328,0.06440000,7594.40000000,0.0537
1749263328,0.06450000,2539.70000000,0.0537
1749263328,0.06480000,3419.40000000,0.0537
1749263328,0.06490000,96602.80000000,0.0537
1749263630,0.05370000,37981.20000000,0.0537
1749263630,0.05380000,212871.30000000,0.0537
1749263630,0.05390000,223843.80000000,0.0537
1749263630,0.05400000,183884.60000000,0.0537
1749263630,0.05410000,86895.40000000,0.0537
1749263630,0.05420000,137245.80000000,0.0537
1749263630,0.05430000,88485.20000000,0.0537
1749263630,0.05440000,93097.10000000,0.0537
1749263630,0.05450000,103305.90000000,0.0537
1749263630,0.05460000,22918.10000000,0.0537
1749263630,0.05470000,114670.80000000,0.0537
1749263630,0.05480000,89123.00000000,0.0537
1749263630,0.05490000,78443.00000000,0.0537
1749263630,0.05500000,133905.10000000,0.0537
1749263630,0.05510000,128054.90000000,0.0537
1749263630,0.05520000,36289.60000000,0.0537
1749263630,0.05530000,13145.40000000,0.0537
1749263630,0.05540000,13252.90000000,0.0537
1749263630,0.05550000,27342.80000000,0.0537
1749263630,0.05560000,13892.30000000,0.0537
1749263630,0.05570000,31339.10000000,0.0537
1749263630,0.05580000,70691.10000000,0.0537
1749263630,0.05590000,11632.00000000,0.0537
1749263630,0.05600000,114971.30000000,0.0537
1749263630,0.05610000,368.90000000,0.0537
1749263630,0.05620000,5591.90000000,0.0537
1749263630,0.05630000,22921.70000000,0.0537
1749263630,0.05640000,4942.40000000,0.0537
1749263630,0.05650000,20262.70000000,0.0537
1749263630,0.05660000,188.80000000,0.0537
1749263630,0.05670000,5968.90000000,0.0537
1749263630,0.05680000,106298.50000000,0.0537
1749263630,0.05690000,343.50000000,0.0537
1749263630,0.05700000,188.80000000,0.0537
1749263630,0.05710000,105349.80000000,0.0537
1749263630,0.05720000,44481.40000000,0.0537
1749263630,0.05730000,188.80000000,0.0537
1749263630,0.05740000,1203.40000000,0.0537
1749263630,0.05750000,5368.90000000,0.0537
1749263630,0.05760000,188.80000000,0.0537
1749263630,0.05770000,188.80000000,0.0537
1749263630,0.05780000,305.40000000,0.0537
1749263630,0.05790000,1402.60000000,0.0537
1749263630,0.05800000,3709.40000000,0.0537
1749263630,0.05810000,294.30000000,0.0537
1749263630,0.05820000,369.60000000,0.0537
1749263630,0.05830000,363.40000000,0.0537
1749263630,0.05840000,188.80000000,0.0537
1749263630,0.05850000,666.50000000,0.0537
1749263630,0.05860000,1026.10000000,0.0537
1749263630,0.05870000,187.40000000,0.0537
1749263630,0.05880000,187.40000000,0.0537
1749263630,0.05890000,20368.50000000,0.0537
1749263630,0.05900000,475250.70000000,0.0537
1749263630,0.05910000,290.60000000,0.0537
1749263630,0.05920000,7371.40000000,0.0537
1749263630,0.05930000,1626.80000000,0.0537
1749263630,0.05940000,185.10000000,0.0537
1749263630,0.05960000,555.10000000,0.0537
1749263630,0.05980000,4277.60000000,0.0537
1749263630,0.05990000,1036.70000000,0.0537
1749263630,0.06000000,30629.90000000,0.0537
1749263630,0.06010000,168.90000000,0.0537
1749263630,0.06020000,4241.60000000,0.0537
1749263630,0.06030000,17761.40000000,0.0537
1749263630,0.06050000,454215.20000000,0.0537
1749263630,0.06060000,4444.70000000,0.0537
1749263630,0.06070000,93.10000000,0.0537
1749263630,0.06100000,2436.40000000,0.0537
1749263630,0.06110000,345.00000000,0.0537
1749263630,0.06120000,1260.70000000,0.0537
1749263630,0.06140000,1177.20000000,0.0537
1749263630,0.06150000,3697.10000000,0.0537
1749263630,0.06160000,878.70000000,0.0537
1749263630,0.06170000,1108.30000000,0.0537
1749263630,0.06180000,2793.30000000,0.0537
1749263630,0.06190000,2957.50000000,0.0537
1749263630,0.06200000,3145.10000000,0.0537
1749263630,0.06210000,16641.10000000,0.0537
1749263630,0.06230000,478.00000000,0.0537
1749263630,0.06240000,321.20000000,0.0537
1749263630,0.06250000,17641.60000000,0.0537
1749263630,0.06260000,66363.20000000,0.0537
1749263630,0.06270000,141.10000000,0.0537
1749263630,0.06280000,12111.40000000,0.0537
1749263630,0.06300000,174634.90000000,0.0537
1749263630,0.06310000,1018.10000000,0.0537
1749263630,0.06320000,646.40000000,0.0537
1749263630,0.06330000,141.10000000,0.0537
1749263630,0.06360000,518.90000000,0.0537
1749263630,0.06370000,87.90000000,0.0537
1749263630,0.06380000,1018.10000000,0.0537
1749263630,0.06390000,141.10000000,0.0537
1749263630,0.06400000,40913.80000000,0.0537
1749263630,0.06420000,1007.00000000,0.0537
1749263630,0.06430000,266.90000000,0.0537
1749263630,0.06440000,7594.40000000,0.0537
1749263630,0.06450000,2539.70000000,0.0537
1749263630,0.06480000,3419.40000000,0.0537
1749263630,0.06490000,96602.80000000,0.0537
1749263937,0.05380000,54652.40000000,0.0538
1749263937,0.05390000,197273.50000000,0.0538
1749263937,0.05400000,194865.00000000,0.0538
1749263937,0.05410000,134096.40000000,0.0538
1749263937,0.05420000,137767.30000000,0.0538
1749263937,0.05430000,123861.70000000,0.0538
1749263937,0.05440000,92950.00000000,0.0538
1749263937,0.05450000,103305.90000000,0.0538
1749263937,0.05460000,27291.40000000,0.0538
1749263937,0.05470000,113209.10000000,0.0538
1749263937,0.05480000,89123.00000000,0.0538
1749263937,0.05490000,78260.90000000,0.0538
1749263937,0.05500000,135358.60000000,0.0538
1749263937,0.05510000,128054.90000000,0.0538
1749263937,0.05520000,36289.60000000,0.0538
1749263937,0.05530000,13145.40000000,0.0538
1749263937,0.05540000,13252.90000000,0.0538
1749263937,0.05550000,27342.80000000,0.0538
1749263937,0.05560000,13766.40000000,0.0538
1749263937,0.05570000,13133.30000000,0.0538
1749263937,0.05580000,58091.10000000,0.0538
1749263937,0.05590000,29837.80000000,0.0538
1749263937,0.05600000,114971.30000000,0.0538
1749263937,0.05610000,368.90000000,0.0538
1749263937,0.05620000,1026.80000000,0.0538
1749263937,0.05630000,22921.70000000,0.0538
1749263937,0.05640000,9575.50000000,0.0538
1749263937,0.05650000,20292.60000000,0.0538
1749263937,0.05660000,188.80000000,0.0538
1749263937,0.05670000,5827.80000000,0.0538
1749263937,0.05680000,106298.50000000,0.0538
1749263937,0.05690000,343.50000000,0.0538
1749263937,0.05700000,188.80000000,0.0538
1749263937,0.05710000,105349.80000000,0.0538
1749263937,0.05720000,44481.40000000,0.0538
1749263937,0.05730000,188.80000000,0.0538
1749263937,0.05740000,1203.40000000,0.0538
1749263937,0.05750000,5368.90000000,0.0538
1749263937,0.05760000,188.80000000,0.0538
1749263937,0.05770000,188.80000000,0.0538
1749263937,0.05780000,305.40000000,0.0538
1749263937,0.05790000,1402.60000000,0.0538
1749263937,0.05800000,3709.40000000,0.0538
1749263937,0.05810000,294.30000000,0.0538
1749263937,0.05820000,369.60000000,0.0538
1749263937,0.05830000,363.40000000,0.0538
1749263937,0.05840000,188.80000000,0.0538
1749263937,0.05850000,666.50000000,0.0538
1749263937,0.05860000,1026.10000000,0.0538
1749263937,0.05870000,187.40000000,0.0538
1749263937,0.05880000,187.40000000,0.0538
1749263937,0.05890000,20368.50000000,0.0538
1749263937,0.05900000,475250.70000000,0.0538
1749263937,0.05910000,476.90000000,0.0538
1749263937,0.05920000,7371.40000000,0.0538
1749263937,0.05930000,1626.80000000,0.0538
1749263937,0.05940000,185.10000000,0.0538
1749263937,0.05960000,555.10000000,0.0538
1749263937,0.05980000,4277.60000000,0.0538
1749263937,0.05990000,1036.70000000,0.0538
1749263937,0.06000000,30629.90000000,0.0538
1749263937,0.06010000,168.90000000,0.0538
1749263937,0.06020000,4241.60000000,0.0538
1749263937,0.06030000,17761.40000000,0.0538
1749263937,0.06050000,454215.20000000,0.0538
1749263937,0.06060000,4444.70000000,0.0538
1749263937,0.06070000,93.10000000,0.0538
1749263937,0.06100000,2436.40000000,0.0538
1749263937,0.06110000,345.00000000,0.0538
1749263937,0.06120000,1260.70000000,0.0538
1749263937,0.06140000,1177.20000000,0.0538
1749263937,0.06150000,3697.10000000,0.0538
1749263937,0.06160000,878.70000000,0.0538
1749263937,0.06170000,1108.30000000,0.0538
1749263937,0.06180000,2793.30000000,0.0538
1749263937,0.06190000,2957.50000000,0.0538
1749263937,0.06200000,3145.10000000,0.0538
1749263937,0.06210000,16641.10000000,0.0538
1749263937,0.06230000,478.00000000,0.0538
1749263937,0.06240000,321.20000000,0.0538
1749263937,0.06250000,17641.60000000,0.0538
1749263937,0.06260000,66363.20000000,0.0538
1749263937,0.06270000,141.10000000,0.0538
1749263937,0.06280000,12111.40000000,0.0538
1749263937,0.06300000,174634.90000000,0.0538
1749263937,0.06310000,1018.10000000,0.0538
1749263937,0.06320000,646.40000000,0.0538
1749263937,0.06330000,141.10000000,0.0538
1749263937,0.06360000,518.90000000,0.0538
1749263937,0.06370000,87.90000000,0.0538
1749263937,0.06380000,1018.10000000,0.0538
1749263937,0.06390000,141.10000000,0.0538
1749263937,0.06400000,40913.80000000,0.0538
1749263937,0.06420000,1007.00000000,0.0538
1749263937,0.06430000,266.90000000,0.0538
1749263937,0.06440000,7594.40000000,0.0538
1749263937,0.06450000,2539.70000000,0.0538
1749263937,0.06480000,3419.40000000,0.0538
1749263937,0.06490000,96602.80000000,0.0538
1749263937,0.06500000,48397.50000000,0.0538
1749264239,0.05370000,58653.60000000,0.0537
1749264239,0.05380000,144616.50000000,0.0537
1749264239,0.05390000,232413.60000000,0.0537
1749264239,0.05400000,171096.40000000,0.0537
1749264239,0.05410000,101414.80000000,0.0537
1749264239,0.05420000,146820.60000000,0.0537
1749264239,0.05430000,88485.20000000,0.0537
1749264239,0.05440000,92950.00000000,0.0537
1749264239,0.05450000,103305.90000000,0.0537
1749264239,0.05460000,22918.10000000,0.0537
1749264239,0.05470000,113209.10000000,0.0537
1749264239,0.05480000,89123.00000000,0.0537
1749264239,0.05490000,78260.90000000,0.0537
1749264239,0.05500000,79714.20000000,0.0537
1749264239,0.05510000,183598.10000000,0.0537
1749264239,0.05520000,36289.60000000,0.0537
1749264239,0.05530000,13145.40000000,0.0537
1749264239,0.05540000,13252.90000000,0.0537
1749264239,0.05550000,27342.80000000,0.0537
1749264239,0.05560000,13766.40000000,0.0537
1749264239,0.05570000,533.30000000,0.0537
1749264239,0.05580000,70691.10000000,0.0537
1749264239,0.05590000,29837.80000000,0.0537
1749264239,0.05600000,114971.30000000,0.0537
1749264239,0.05610000,368.90000000,0.0537
1749264239,0.05620000,1026.80000000,0.0537
1749264239,0.05630000,22921.70000000,0.0537
1749264239,0.05640000,9493.40000000,0.0537
1749264239,0.05650000,20279.00000000,0.0537
1749264239,0.05660000,188.80000000,0.0537
1749264239,0.05670000,5827.80000000,0.0537
1749264239,0.05680000,106298.50000000,0.0537
1749264239,0.05690000,343.50000000,0.0537
1749264239,0.05700000,188.80000000,0.0537
1749264239,0.05710000,105349.80000000,0.0537
1749264239,0.05720000,44481.40000000,0.0537
1749264239,0.05730000,188.80000000,0.0537
1749264239,0.05740000,1203.40000000,0.0537
1749264239,0.05750000,5368.90000000,0.0537
1749264239,0.05760000,188.80000000,0.0537
1749264239,0.05770000,188.80000000,0.0537
1749264239,0.05780000,305.40000000,0.0537
1749264239,0.05790000,1402.60000000,0.0537
1749264239,0.05800000,3709.40000000,0.0537
1749264239,0.05810000,294.30000000,0.0537
1749264239,0.05820000,369.60000000,0.0537
1749264239,0.05830000,363.40000000,0.0537
1749264239,0.05840000,188.80000000,0.0537
1749264239,0.05850000,666.50000000,0.0537
1749264239,0.05860000,1026.10000000,0.0537
1749264239,0.05870000,187.40000000,0.0537
1749264239,0.05880000,187.40000000,0.0537
1749264239,0.05890000,20368.50000000,0.0537
1749264239,0.05900000,475250.70000000,0.0537
1749264239,0.05910000,290.60000000,0.0537
1749264239,0.05920000,7371.40000000,0.0537
1749264239,0.05930000,1626.80000000,0.0537
1749264239,0.05940000,185.10000000,0.0537
1749264239,0.05960000,555.10000000,0.0537
1749264239,0.05980000,4277.60000000,0.0537
1749264239,0.05990000,1036.70000000,0.0537
1749264239,0.06000000,30629.90000000,0.0537
1749264239,0.06010000,168.90000000,0.0537
1749264239,0.06020000,4241.60000000,0.0537
1749264239,0.06030000,17761.40000000,0.0537
1749264239,0.06050000,454215.20000000,0.0537
1749264239,0.06060000,4444.70000000,0.0537
1749264239,0.06070000,93.10000000,0.0537
1749264239,0.06100000,2436.40000000,0.0537
1749264239,0.06110000,345.00000000,0.0537
1749264239,0.06120000,1260.70000000,0.0537
1749264239,0.06140000,1177.20000000,0.0537
1749264239,0.06150000,3697.10000000,0.0537
1749264239,0.06160000,878.70000000,0.0537
1749264239,0.06170000,1108.30000000,0.0537
1749264239,0.06180000,2793.30000000,0.0537
1749264239,0.06190000,2957.50000000,0.0537
1749264239,0.06200000,3145.10000000,0.0537
1749264239,0.06210000,16641.10000000,0.0537
1749264239,0.06230000,478.00000000,0.0537
1749264239,0.06240000,321.20000000,0.0537
1749264239,0.06250000,17641.60000000,0.0537
1749264239,0.06260000,66363.20000000,0.0537
1749264239,0.06270000,141.10000000,0.0537
1749264239,0.06280000,12111.40000000,0.0537
1749264239,0.06300000,174634.90000000,0.0537
1749264239,0.06310000,1018.10000000,0.0537
1749264239,0.06320000,646.40000000,0.0537
1749264239,0.06330000,141.10000000,0.0537
1749264239,0.06360000,518.90000000,0.0537
1749264239,0.06370000,87.90000000,0.0537
1749264239,0.06380000,1018.10000000,0.0537
1749264239,0.06390000,141.10000000,0.0537
1749264239,0.06400000,40913.80000000,0.0537
1749264239,0.06420000,1007.00000000,0.0537
1749264239,0.06430000,266.90000000,0.0537
1749264239,0.06440000,7594.40000000,0.0537
1749264239,0.06450000,2539.70000000,0.0537
1749264239,0.06480000,3419.40000000,0.0537
1749264239,0.06490000,96602.80000000,0.0537
1749264541,0.05380000,40906.40000000,0.0538
1749264541,0.05390000,172072.30000000,0.0538
1749264541,0.05400000,213625.10000000,0.0538
1749264541,0.05410000,159938.80000000,0.0538
1749264541,0.05420000,147016.00000000,0.0538
1749264541,0.05430000,106045.60000000,0.0538
1749264541,0.05440000,92950.00000000,0.0538
1749264541,0.05450000,103305.90000000,0.0538
1749264541,0.05460000,27423.70000000,0.0538
1749264541,0.05470000,113209.10000000,0.0538
1749264541,0.05480000,89123.00000000,0.0538
1749264541,0.05490000,78260.90000000,0.0538
1749264541,0.05500000,80950.60000000,0.0538
1749264541,0.05510000,128054.90000000,0.0538
1749264541,0.05520000,90586.60000000,0.0538
1749264541,0.05530000,13145.40000000,0.0538
1749264541,0.05540000,13252.90000000,0.0538
1749264541,0.05550000,27342.80000000,0.0538
1749264541,0.05560000,13766.40000000,0.0538
1749264541,0.05570000,533.30000000,0.0538
1749264541,0.05580000,70691.10000000,0.0538
1749264541,0.05590000,29837.80000000,0.0538
1749264541,0.05600000,114971.30000000,0.0538
1749264541,0.05610000,368.90000000,0.0538
1749264541,0.05620000,1026.80000000,0.0538
1749264541,0.05630000,22921.70000000,0.0538
1749264541,0.05640000,9493.40000000,0.0538
1749264541,0.05650000,20279.00000000,0.0538
1749264541,0.05660000,188.80000000,0.0538
1749264541,0.05670000,5827.80000000,0.0538
1749264541,0.05680000,106298.50000000,0.0538
1749264541,0.05690000,343.50000000,0.0538
1749264541,0.05700000,188.80000000,0.0538
1749264541,0.05710000,105349.80000000,0.0538
1749264541,0.05720000,44481.40000000,0.0538
1749264541,0.05730000,188.80000000,0.0538
1749264541,0.05740000,1203.40000000,0.0538
1749264541,0.05750000,5368.90000000,0.0538
1749264541,0.05760000,188.80000000,0.0538
1749264541,0.05770000,188.80000000,0.0538
1749264541,0.05780000,305.40000000,0.0538
1749264541,0.05790000,1402.60000000,0.0538
1749264541,0.05800000,3709.40000000,0.0538
1749264541,0.05810000,294.30000000,0.0538
1749264541,0.05820000,369.60000000,0.0538
1749264541,0.05830000,363.40000000,0.0538
1749264541,0.05840000,188.80000000,0.0538
1749264541,0.05850000,666.50000000,0.0538
1749264541,0.05860000,1026.10000000,0.0538
1749264541,0.05870000,187.40000000,0.0538
1749264541,0.05880000,187.40000000,0.0538
1749264541,0.05890000,20368.50000000,0.0538
1749264541,0.05900000,475250.70000000,0.0538
1749264541,0.05910000,476.90000000,0.0538
1749264541,0.05920000,7371.40000000,0.0538
1749264541,0.05930000,1626.80000000,0.0538
1749264541,0.05940000,185.10000000,0.0538
1749264541,0.05960000,555.10000000,0.0538
1749264541,0.05980000,4277.60000000,0.0538
1749264541,0.05990000,1036.70000000,0.0538
1749264541,0.06000000,30629.90000000,0.0538
1749264541,0.06010000,168.90000000,0.0538
1749264541,0.06020000,4241.60000000,0.0538
1749264541,0.06030000,17761.40000000,0.0538
1749264541,0.06050000,454215.20000000,0.0538
1749264541,0.06060000,4444.70000000,0.0538
1749264541,0.06070000,93.10000000,0.0538
1749264541,0.06100000,2436.40000000,0.0538
1749264541,0.06110000,345.00000000,0.0538
1749264541,0.06120000,1260.70000000,0.0538
1749264541,0.06140000,1177.20000000,0.0538
1749264541,0.06150000,3697.10000000,0.0538
1749264541,0.06160000,878.70000000,0.0538
1749264541,0.06170000,1108.30000000,0.0538
1749264541,0.06180000,2793.30000000,0.0538
1749264541,0.06190000,2957.50000000,0.0538
1749264541,0.06200000,3145.10000000,0.0538
1749264541,0.06210000,16641.10000000,0.0538
1749264541,0.06230000,478.00000000,0.0538
1749264541,0.06240000,321.20000000,0.0538
1749264541,0.06250000,17641.60000000,0.0538
1749264541,0.06260000,66363.20000000,0.0538
1749264541,0.06270000,141.10000000,0.0538
1749264541,0.06280000,12111.40000000,0.0538
1749264541,0.06300000,174634.90000000,0.0538
1749264541,0.06310000,1018.10000000,0.0538
1749264541,0.06320000,646.40000000,0.0538
1749264541,0.06330000,141.10000000,0.0538
1749264541,0.06360000,518.90000000,0.0538
1749264541,0.06370000,87.90000000,0.0538
1749264541,0.06380000,1018.10000000,0.0538
1749264541,0.06390000,141.10000000,0.0538
1749264541,0.06400000,40913.80000000,0.0538
1749264541,0.06420000,1007.00000000,0.0538
1749264541,0.06430000,266.90000000,0.0538
1749264541,0.06440000,7594.40000000,0.0538
1749264541,0.06450000,2539.70000000,0.0538
1749264541,0.06480000,3419.40000000,0.0538
1749264541,0.06490000,96602.80000000,0.0538
1749264541,0.06500000,48397.50000000,0.0538
1749264847,0.05400000,131817.90000000,0.0539
1749264847,0.05410000,206979.50000000,0.0539
1749264847,0.05420000,147662.30000000,0.0539
1749264847,0.05430000,122594.50000000,0.0539
1749264847,0.05440000,148221.30000000,0.0539
1749264847,0.05450000,112866.10000000,0.0539
1749264847,0.05460000,92986.30000000,0.0539
1749264847,0.05470000,89227.50000000,0.0539
1749264847,0.05480000,36269.90000000,0.0539
1749264847,0.05490000,112273.40000000,0.0539
1749264847,0.05500000,89331.60000000,0.0539
1749264847,0.05510000,70823.90000000,0.0539
1749264847,0.05520000,123046.50000000,0.0539
1749264847,0.05530000,127216.90000000,0.0539
1749264847,0.05540000,36469.70000000,0.0539
1749264847,0.05550000,27342.80000000,0.0539
1749264847,0.05560000,13766.40000000,0.0539
1749264847,0.05570000,533.30000000,0.0539
1749264847,0.05580000,70691.10000000,0.0539
1749264847,0.05590000,42437.80000000,0.0539
1749264847,0.05600000,14665.00000000,0.0539
1749264847,0.05610000,368.90000000,0.0539
1749264847,0.05620000,1026.80000000,0.0539
1749264847,0.05630000,105224.60000000,0.0539
1749264847,0.05640000,9422.90000000,0.0539
1749264847,0.05650000,38048.00000000,0.0539
1749264847,0.05660000,188.80000000,0.0539
1749264847,0.05670000,5827.80000000,0.0539
1749264847,0.05680000,106298.50000000,0.0539
1749264847,0.05690000,343.50000000,0.0539
1749264847,0.05700000,188.80000000,0.0539
1749264847,0.05710000,105349.80000000,0.0539
1749264847,0.05720000,44481.40000000,0.0539
1749264847,0.05730000,188.80000000,0.0539
1749264847,0.05740000,1203.40000000,0.0539
1749264847,0.05750000,5368.90000000,0.0539
1749264847,0.05760000,188.80000000,0.0539
1749264847,0.05770000,188.80000000,0.0539
1749264847,0.05780000,305.40000000,0.0539
1749264847,0.05790000,1402.60000000,0.0539
1749264847,0.05800000,3709.40000000,0.0539
1749264847,0.05810000,294.30000000,0.0539
1749264847,0.05820000,369.60000000,0.0539
1749264847,0.05830000,363.40000000,0.0539
1749264847,0.05840000,188.80000000,0.0539
1749264847,0.05850000,666.50000000,0.0539
1749264847,0.05860000,1026.10000000,0.0539
1749264847,0.05870000,187.40000000,0.0539
1749264847,0.05880000,187.40000000,0.0539
1749264847,0.05890000,20368.50000000,0.0539
1749264847,0.05900000,475250.70000000,0.0539
1749264847,0.05910000,476.90000000,0.0539
1749264847,0.05920000,7557.40000000,0.0539
1749264847,0.05930000,1812.50000000,0.0539
1749264847,0.05940000,185.10000000,0.0539
1749264847,0.05960000,555.10000000,0.0539
1749264847,0.05980000,4277.60000000,0.0539
1749264847,0.05990000,1036.70000000,0.0539
1749264847,0.06000000,30629.90000000,0.0539
1749264847,0.06010000,168.90000000,0.0539
1749264847,0.06020000,4241.60000000,0.0539
1749264847,0.06030000,17761.40000000,0.0539
1749264847,0.06050000,454215.20000000,0.0539
1749264847,0.06060000,4444.70000000,0.0539
1749264847,0.06070000,93.10000000,0.0539
1749264847,0.06100000,2436.40000000,0.0539
1749264847,0.06110000,345.00000000,0.0539
1749264847,0.06120000,1260.70000000,0.0539
1749264847,0.06140000,1177.20000000,0.0539
1749264847,0.06150000,3697.10000000,0.0539
1749264847,0.06160000,878.70000000,0.0539
1749264847,0.06170000,1108.30000000,0.0539
1749264847,0.06180000,2793.30000000,0.0539
1749264847,0.06190000,2957.50000000,0.0539
1749264847,0.06200000,3145.10000000,0.0539
1749264847,0.06210000,16641.10000000,0.0539
1749264847,0.06230000,478.00000000,0.0539
1749264847,0.06240000,321.20000000,0.0539
1749264847,0.06250000,17641.60000000,0.0539
1749264847,0.06260000,66363.20000000,0.0539
1749264847,0.06270000,141.10000000,0.0539
1749264847,0.06280000,12111.40000000,0.0539
1749264847,0.06300000,174634.90000000,0.0539
1749264847,0.06310000,1018.10000000,0.0539
1749264847,0.06320000,646.40000000,0.0539
1749264847,0.06330000,141.10000000,0.0539
1749264847,0.06360000,518.90000000,0.0539
1749264847,0.06370000,87.90000000,0.0539
1749264847,0.06380000,1018.10000000,0.0539
1749264847,0.06390000,141.10000000,0.0539
1749264847,0.06400000,40913.80000000,0.0539
1749264847,0.06420000,1007.00000000,0.0539
1749264847,0.06430000,266.90000000,0.0539
1749264847,0.06440000,7594.40000000,0.0539
1749264847,0.06450000,2539.70000000,0.0539
1749264847,0.06480000,3419.40000000,0.0539
1749264847,0.06490000,96602.80000000,0.0539
1749264847,0.06500000,48397.50000000,0.0539
1749264847,0.06510000,218.00000000,0.0539
1749264847,0.06520000,9973.50000000,0.0539
1749265150,0.05400000,115422.80000000,0.054
1749265150,0.05410000,744380.10000000,0.054
1749265150,0.05420000,207945.70000000,0.054
1749265150,0.05430000,136602.20000000,0.054
1749265150,0.05440000,133950.70000000,0.054
1749265150,0.05450000,130835.90000000,0.054
1749265150,0.05460000,92986.30000000,0.054
1749265150,0.05470000,89227.50000000,0.054
1749265150,0.05480000,36269.90000000,0.054
1749265150,0.05490000,112273.40000000,0.054
1749265150,0.05500000,89331.60000000,0.054
1749265150,0.05510000,69587.50000000,0.054
1749265150,0.05520000,68749.50000000,0.054
1749265150,0.05530000,128453.30000000,0.054
1749265150,0.05540000,90570.00000000,0.054
1749265150,0.05550000,27342.80000000,0.054
1749265150,0.05560000,13766.40000000,0.054
1749265150,0.05570000,533.30000000,0.054
1749265150,0.05580000,70691.10000000,0.054
1749265150,0.05590000,24232.00000000,0.054
1749265150,0.05600000,14665.00000000,0.054
1749265150,0.05610000,18574.70000000,0.054
1749265150,0.05620000,1026.80000000,0.054
1749265150,0.05630000,105215.90000000,0.054
1749265150,0.05640000,9422.90000000,0.054
1749265150,0.05650000,38048.00000000,0.054
1749265150,0.05660000,188.80000000,0.054
1749265150,0.05670000,12527.80000000,0.054
1749265150,0.05680000,106298.50000000,0.054
1749265150,0.05690000,343.50000000,0.054
1749265150,0.05700000,188.80000000,0.054
1749265150,0.05710000,105349.80000000,0.054
1749265150,0.05720000,44481.40000000,0.054
1749265150,0.05730000,188.80000000,0.054
1749265150,0.05740000,1203.40000000,0.054
1749265150,0.05750000,5368.90000000,0.054
1749265150,0.05760000,188.80000000,0.054
1749265150,0.05770000,188.80000000,0.054
1749265150,0.05780000,305.40000000,0.054
1749265150,0.05790000,1402.60000000,0.054
1749265150,0.05800000,3709.40000000,0.054
1749265150,0.05810000,294.30000000,0.054
1749265150,0.05820000,369.60000000,0.054
1749265150,0.05830000,363.40000000,0.054
1749265150,0.05840000,188.80000000,0.054
1749265150,0.05850000,666.50000000,0.054
1749265150,0.05860000,1026.10000000,0.054
1749265150,0.05870000,187.40000000,0.054
1749265150,0.05880000,187.40000000,0.054
1749265150,0.05890000,20368.50000000,0.054
1749265150,0.05900000,475250.70000000,0.054
1749265150,0.05910000,476.90000000,0.054
1749265150,0.05920000,7557.40000000,0.054
1749265150,0.05930000,1812.50000000,0.054
1749265150,0.05940000,185.10000000,0.054
1749265150,0.05960000,555.10000000,0.054
1749265150,0.05980000,4277.60000000,0.054
1749265150,0.05990000,1036.70000000,0.054
1749265150,0.06000000,30629.90000000,0.054
1749265150,0.06010000,168.90000000,0.054
1749265150,0.06020000,4241.60000000,0.054
1749265150,0.06030000,17761.40000000,0.054
1749265150,0.06050000,454215.20000000,0.054
1749265150,0.06060000,4444.70000000,0.054
1749265150,0.06070000,93.10000000,0.054
1749265150,0.06100000,2436.40000000,0.054
1749265150,0.06110000,345.00000000,0.054
1749265150,0.06120000,1260.70000000,0.054
1749265150,0.06140000,1177.20000000,0.054
1749265150,0.06150000,3697.10000000,0.054
1749265150,0.06160000,878.70000000,0.054
1749265150,0.06170000,1108.30000000,0.054
1749265150,0.06180000,2793.30000000,0.054
1749265150,0.06190000,2957.50000000,0.054
1749265150,0.06200000,3145.10000000,0.054
1749265150,0.06210000,16641.10000000,0.054
1749265150,0.06230000,478.00000000,0.054
1749265150,0.06240000,321.20000000,0.054
1749265150,0.06250000,17641.60000000,0.054
1749265150,0.06260000,66363.20000000,0.054
1749265150,0.06270000,141.10000000,0.054
1749265150,0.06280000,12111.40000000,0.054
1749265150,0.06300000,174634.90000000,0.054
1749265150,0.06310000,1018.10000000,0.054
1749265150,0.06320000,646.40000000,0.054
1749265150,0.06330000,141.10000000,0.054
1749265150,0.06360000,518.90000000,0.054
1749265150,0.06370000,87.90000000,0.054
1749265150,0.06380000,1018.10000000,0.054
1749265150,0.06390000,141.10000000,0.054
1749265150,0.06400000,40913.80000000,0.054
1749265150,0.06420000,1007.00000000,0.054
1749265150,0.06430000,266.90000000,0.054
1749265150,0.06440000,7594.40000000,0.054
1749265150,0.06450000,2539.70000000,0.054
1749265150,0.06480000,3419.40000000,0.054
1749265150,0.06490000,96602.80000000,0.054
1749265150,0.06500000,48397.50000000,0.054
1749265150,0.06510000,218.00000000,0.054
1749265150,0.06520000,9973.50000000,0.054
1749265452,0.05410000,317903.00000000,0.054
1749265452,0.05420000,604688.00000000,0.054
1749265452,0.05430000,174437.70000000,0.054
1749265452,0.05440000,156772.20000000,0.054
1749265452,0.05450000,120916.40000000,0.054
1749265452,0.05460000,133182.50000000,0.054
1749265452,0.05470000,89227.50000000,0.054
1749265452,0.05480000,93825.00000000,0.054
1749265452,0.05490000,34589.50000000,0.054
1749265452,0.05500000,89331.60000000,0.054
1749265452,0.05510000,108382.50000000,0.054
1749265452,0.05520000,68749.50000000,0.054
1749265452,0.05530000,128453.30000000,0.054
1749265452,0.05540000,146391.10000000,0.054
1749265452,0.05550000,27342.80000000,0.054
1749265452,0.05560000,13766.40000000,0.054
1749265452,0.05570000,533.30000000,0.054
1749265452,0.05580000,70691.10000000,0.054
1749265452,0.05590000,24232.00000000,0.054
1749265452,0.05600000,14665.00000000,0.054
1749265452,0.05610000,18713.50000000,0.054
1749265452,0.05620000,1026.80000000,0.054
1749265452,0.05630000,105215.90000000,0.054
1749265452,0.05640000,9422.90000000,0.054
1749265452,0.05650000,38111.40000000,0.054
1749265452,0.05660000,188.80000000,0.054
1749265452,0.05670000,5827.80000000,0.054
1749265452,0.05680000,5992.20000000,0.054
1749265452,0.05690000,343.50000000,0.054
1749265452,0.05700000,12805.50000000,0.054
1749265452,0.05710000,205656.10000000,0.054
1749265452,0.05720000,44481.40000000,0.054
1749265452,0.05730000,188.80000000,0.054
1749265452,0.05740000,1203.40000000,0.054
1749265452,0.05750000,5368.90000000,0.054
1749265452,0.05760000,188.80000000,0.054
1749265452,0.05770000,188.80000000,0.054
1749265452,0.05780000,305.40000000,0.054
1749265452,0.05790000,1402.60000000,0.054
1749265452,0.05800000,3709.40000000,0.054
1749265452,0.05810000,294.30000000,0.054
1749265452,0.05820000,369.60000000,0.054
1749265452,0.05830000,363.40000000,0.054
1749265452,0.05840000,188.80000000,0.054
1749265452,0.05850000,666.50000000,0.054
1749265452,0.05860000,1026.10000000,0.054
1749265452,0.05870000,187.40000000,0.054
1749265452,0.05880000,187.40000000,0.054
1749265452,0.05890000,7940.70000000,0.054
1749265452,0.05900000,475250.70000000,0.054
1749265452,0.05910000,476.90000000,0.054
1749265452,0.05920000,7557.40000000,0.054
1749265452,0.05930000,1812.50000000,0.054
1749265452,0.05940000,370.40000000,0.054
1749265452,0.05960000,555.10000000,0.054
1749265452,0.05980000,4277.60000000,0.054
1749265452,0.05990000,1036.70000000,0.054
1749265452,0.06000000,30629.90000000,0.054
1749265452,0.06010000,168.90000000,0.054
1749265452,0.06020000,4241.60000000,0.054
1749265452,0.06030000,17761.40000000,0.054
1749265452,0.06050000,454215.20000000,0.054
1749265452,0.06060000,4444.70000000,0.054
1749265452,0.06070000,93.10000000,0.054
1749265452,0.06100000,2436.40000000,0.054
1749265452,0.06110000,345.00000000,0.054
1749265452,0.06120000,1260.70000000,0.054
1749265452,0.06140000,1177.20000000,0.054
1749265452,0.06150000,3697.10000000,0.054
1749265452,0.06160000,878.70000000,0.054
1749265452,0.06170000,1108.30000000,0.054
1749265452,0.06180000,9265.70000000,0.054
1749265452,0.06190000,2957.50000000,0.054
1749265452,0.06200000,3145.10000000,0.054
1749265452,0.06210000,16641.10000000,0.054
1749265452,0.06230000,478.00000000,0.054
1749265452,0.06240000,321.20000000,0.054
1749265452,0.06250000,17641.60000000,0.054
1749265452,0.06260000,66363.20000000,0.054
1749265452,0.06270000,141.10000000,0.054
1749265452,0.06280000,12111.40000000,0.054
1749265452,0.06300000,174634.90000000,0.054
1749265452,0.06310000,1018.10000000,0.054
1749265452,0.06320000,646.40000000,0.054
1749265452,0.06330000,141.10000000,0.054
1749265452,0.06360000,518.90000000,0.054
1749265452,0.06370000,87.90000000,0.054
1749265452,0.06380000,1018.10000000,0.054
1749265452,0.06390000,141.10000000,0.054
1749265452,0.06400000,40913.80000000,0.054
1749265452,0.06420000,1007.00000000,0.054
1749265452,0.06430000,266.90000000,0.054
1749265452,0.06440000,7594.40000000,0.054
1749265452,0.06450000,2539.70000000,0.054
1749265452,0.06480000,3419.40000000,0.054
1749265452,0.06490000,96602.80000000,0.054
1749265452,0.06500000,48397.50000000,0.054
1749265452,0.06510000,218.00000000,0.054
1749265452,0.06520000,9973.50000000,0.054
1749265452,0.06530000,87.00000000,0.054
1749265753,0.05410000,92789.80000000,0.0541
1749265753,0.05420000,416124.10000000,0.0541
1749265753,0.05430000,165017.70000000,0.0541
1749265753,0.05440000,171119.20000000,0.0541
1749265753,0.05450000,120579.00000000,0.0541
1749265753,0.05460000,135912.40000000,0.0541
1749265753,0.05470000,107728.70000000,0.0541
1749265753,0.05480000,93825.00000000,0.0541
1749265753,0.05490000,30440.00000000,0.0541
1749265753,0.05500000,78260.70000000,0.0541
1749265753,0.05510000,112532.00000000,0.0541
1749265753,0.05520000,78366.90000000,0.0541
1749265753,0.05530000,120431.30000000,0.0541
1749265753,0.05540000,123025.50000000,0.0541
1749265753,0.05550000,36810.20000000,0.0541
1749265753,0.05560000,37127.60000000,0.0541
1749265753,0.05570000,533.30000000,0.0541
1749265753,0.05580000,58091.10000000,0.0541
1749265753,0.05590000,11632.00000000,0.0541
1749265753,0.05600000,14665.00000000,0.0541
1749265753,0.05610000,18713.50000000,0.0541
1749265753,0.05620000,1026.80000000,0.0541
1749265753,0.05630000,100495.10000000,0.0541
1749265753,0.05640000,188.80000000,0.0541
1749265753,0.05650000,15239.00000000,0.0541
1749265753,0.05660000,14093.90000000,0.0541
1749265753,0.05670000,23797.80000000,0.0541
1749265753,0.05680000,5992.20000000,0.0541
1749265753,0.05690000,343.50000000,0.0541
1749265753,0.05700000,19852.90000000,0.0541
1749265753,0.05710000,205656.10000000,0.0541
1749265753,0.05720000,44481.40000000,0.0541
1749265753,0.05730000,188.80000000,0.0541
1749265753,0.05740000,1203.40000000,0.0541
1749265753,0.05750000,5368.90000000,0.0541
1749265753,0.05760000,188.80000000,0.0541
1749265753,0.05770000,188.80000000,0.0541
1749265753,0.05780000,305.40000000,0.0541
1749265753,0.05790000,1402.60000000,0.0541
1749265753,0.05800000,3709.40000000,0.0541
1749265753,0.05810000,294.30000000,0.0541
1749265753,0.05820000,369.60000000,0.0541
1749265753,0.05830000,363.40000000,0.0541
1749265753,0.05840000,188.80000000,0.0541
1749265753,0.05850000,666.50000000,0.0541
1749265753,0.05860000,1026.10000000,0.0541
1749265753,0.05870000,187.40000000,0.0541
1749265753,0.05880000,187.40000000,0.0541
1749265753,0.05890000,5637.40000000,0.0541
1749265753,0.05900000,475250.70000000,0.0541
1749265753,0.05910000,476.90000000,0.0541
1749265753,0.05920000,7557.40000000,0.0541
1749265753,0.05930000,1812.50000000,0.0541
1749265753,0.05940000,370.40000000,0.0541
1749265753,0.05960000,555.10000000,0.0541
1749265753,0.05980000,4277.60000000,0.0541
1749265753,0.05990000,1036.70000000,0.0541
1749265753,0.06000000,30629.90000000,0.0541
1749265753,0.06010000,168.90000000,0.0541
1749265753,0.06020000,4241.60000000,0.0541
1749265753,0.06030000,17761.40000000,0.0541
1749265753,0.06050000,454215.20000000,0.0541
1749265753,0.06060000,4444.70000000,0.0541
1749265753,0.06070000,93.10000000,0.0541
1749265753,0.06100000,2436.40000000,0.0541
1749265753,0.06110000,345.00000000,0.0541
1749265753,0.06120000,1260.70000000,0.0541
1749265753,0.06140000,1177.20000000,0.0541
1749265753,0.06150000,3697.10000000,0.0541
1749265753,0.06160000,878.70000000,0.0541
1749265753,0.06170000,1108.30000000,0.0541
1749265753,0.06180000,9265.70000000,0.0541
1749265753,0.06190000,2957.50000000,0.0541
1749265753,0.06200000,3145.10000000,0.0541
1749265753,0.06210000,16641.10000000,0.0541
1749265753,0.06230000,478.00000000,0.0541
1749265753,0.06240000,321.20000000,0.0541
1749265753,0.06250000,17641.60000000,0.0541
1749265753,0.06260000,66363.20000000,0.0541
1749265753,0.06270000,141.10000000,0.0541
1749265753,0.06280000,12111.40000000,0.0541
1749265753,0.06300000,174634.90000000,0.0541
1749265753,0.06310000,1018.10000000,0.0541
1749265753,0.06320000,646.40000000,0.0541
1749265753,0.06330000,141.10000000,0.0541
1749265753,0.06360000,518.90000000,0.0541
1749265753,0.06370000,87.90000000,0.0541
1749265753,0.06380000,1018.10000000,0.0541
1749265753,0.06390000,141.10000000,0.0541
1749265753,0.06400000,40913.80000000,0.0541
1749265753,0.06420000,1007.00000000,0.0541
1749265753,0.06430000,266.90000000,0.0541
1749265753,0.06440000,7594.40000000,0.0541
1749265753,0.06450000,2539.70000000,0.0541
1749265753,0.06480000,3419.40000000,0.0541
1749265753,0.06490000,96602.80000000,0.0541
1749265753,0.06500000,48397.50000000,0.0541
1749265753,0.06510000,218.00000000,0.0541
1749265753,0.06520000,9973.50000000,0.0541
1749265753,0.06530000,87.00000000,0.0541
1749266055,0.05430000,21610.50000000,0.0543
1749266055,0.05440000,386683.80000000,0.0543
1749266055,0.05450000,258528.10000000,0.0543
1749266055,0.05460000,170492.40000000,0.0543
1749266055,0.05470000,79505.70000000,0.0543
1749266055,0.05480000,166949.80000000,0.0543
1749266055,0.05490000,88280.20000000,0.0543
1749266055,0.05500000,93761.60000000,0.0543
1749266055,0.05510000,89206.50000000,0.0543
1749266055,0.05520000,39672.90000000,0.0543
1749266055,0.05530000,130613.40000000,0.0543
1749266055,0.05540000,78301.70000000,0.0543
1749266055,0.05550000,71800.30000000,0.0543
1749266055,0.05560000,58425.00000000,0.0543
1749266055,0.05570000,191977.20000000,0.0543
1749266055,0.05580000,58091.10000000,0.0543
1749266055,0.05590000,11632.00000000,0.0543
1749266055,0.05600000,14665.00000000,0.0543
1749266055,0.05610000,507.70000000,0.0543
1749266055,0.05620000,19371.20000000,0.0543
1749266055,0.05630000,327.10000000,0.0543
1749266055,0.05640000,188.80000000,0.0543
1749266055,0.05650000,10568.70000000,0.0543
1749266055,0.05660000,9572.70000000,0.0543
1749266055,0.05670000,110888.70000000,0.0543
1749266055,0.05680000,10557.30000000,0.0543
1749266055,0.05690000,18313.50000000,0.0543
1749266055,0.05700000,22415.40000000,0.0543
1749266055,0.05710000,105349.80000000,0.0543
1749266055,0.05720000,44481.40000000,0.0543
1749266055,0.05730000,188.80000000,0.0543
1749266055,0.05740000,101509.70000000,0.0543
1749266055,0.05750000,5368.90000000,0.0543
1749266055,0.05760000,188.80000000,0.0543
1749266055,0.05770000,188.80000000,0.0543
1749266055,0.05780000,305.40000000,0.0543
1749266055,0.05790000,1402.60000000,0.0543
1749266055,0.05800000,3709.40000000,0.0543
1749266055,0.05810000,294.30000000,0.0543
1749266055,0.05820000,369.60000000,0.0543
1749266055,0.05830000,363.40000000,0.0543
1749266055,0.05840000,188.80000000,0.0543
1749266055,0.05850000,666.50000000,0.0543
1749266055,0.05860000,1026.10000000,0.0543
1749266055,0.05870000,187.40000000,0.0543
1749266055,0.05880000,187.40000000,0.0543
1749266055,0.05890000,3000.80000000,0.0543
1749266055,0.05900000,475250.70000000,0.0543
1749266055,0.05910000,476.90000000,0.0543
1749266055,0.05920000,7557.40000000,0.0543
1749266055,0.05930000,1812.50000000,0.0543
1749266055,0.05940000,370.40000000,0.0543
1749266055,0.05950000,185.00000000,0.0543
1749266055,0.05960000,739.70000000,0.0543
1749266055,0.05970000,2047.90000000,0.0543
1749266055,0.05980000,4277.60000000,0.0543
1749266055,0.05990000,1036.70000000,0.0543
1749266055,0.06000000,30629.90000000,0.0543
1749266055,0.06010000,168.90000000,0.0543
1749266055,0.06020000,4241.60000000,0.0543
1749266055,0.06030000,17761.40000000,0.0543
1749266055,0.06050000,454215.20000000,0.0543
1749266055,0.06060000,4444.70000000,0.0543
1749266055,0.06070000,93.10000000,0.0543
1749266055,0.06100000,2436.40000000,0.0543
1749266055,0.06110000,345.00000000,0.0543
1749266055,0.06120000,1260.70000000,0.0543
1749266055,0.06140000,1177.20000000,0.0543
1749266055,0.06150000,3697.10000000,0.0543
1749266055,0.06160000,878.70000000,0.0543
1749266055,0.06170000,1108.30000000,0.0543
1749266055,0.06180000,9265.70000000,0.0543
1749266055,0.06190000,2957.50000000,0.0543
1749266055,0.06200000,3145.10000000,0.0543
1749266055,0.06210000,16641.10000000,0.0543
1749266055,0.06230000,478.00000000,0.0543
1749266055,0.06240000,321.20000000,0.0543
1749266055,0.06250000,17641.60000000,0.0543
1749266055,0.06260000,66363.20000000,0.0543
1749266055,0.06270000,141.10000000,0.0543
1749266055,0.06280000,12111.40000000,0.0543
1749266055,0.06300000,174634.90000000,0.0543
1749266055,0.06310000,1018.10000000,0.0543
1749266055,0.06320000,646.40000000,0.0543
1749266055,0.06330000,141.10000000,0.0543
1749266055,0.06360000,518.90000000,0.0543
1749266055,0.06370000,87.90000000,0.0543
1749266055,0.06380000,1018.10000000,0.0543
1749266055,0.06390000,141.10000000,0.0543
1749266055,0.06400000,40913.80000000,0.0543
1749266055,0.06420000,1007.00000000,0.0543
1749266055,0.06430000,266.90000000,0.0543
1749266055,0.06440000,7594.40000000,0.0543
1749266055,0.06450000,2539.70000000,0.0543
1749266055,0.06480000,3419.40000000,0.0543
1749266055,0.06490000,96602.80000000,0.0543
1749266055,0.06500000,48397.50000000,0.0543
1749266055,0.06510000,218.00000000,0.0543
1749266055,0.06520000,9973.50000000,0.0543
1749266055,0.06530000,87.00000000,0.0543
1749266356,0.05430000,32430.40000000,0.0543
1749266356,0.05440000,243540.50000000,0.0543
1749266356,0.05450000,321188.00000000,0.0543
1749266356,0.05460000,145971.30000000,0.0543
1749266356,0.05470000,90871.10000000,0.0543
1749266356,0.05480000,166578.40000000,0.0543
1749266356,0.05490000,97479.80000000,0.0543
1749266356,0.05500000,93761.60000000,0.0543
1749266356,0.05510000,89206.50000000,0.0543
1749266356,0.05520000,39672.90000000,0.0543
1749266356,0.05530000,130613.40000000,0.0543
1749266356,0.05540000,78301.70000000,0.0543
1749266356,0.05550000,70563.90000000,0.0543
1749266356,0.05560000,58425.00000000,0.0543
1749266356,0.05570000,191977.20000000,0.0543
1749266356,0.05580000,59327.50000000,0.0543
1749266356,0.05590000,11632.00000000,0.0543
1749266356,0.05600000,14665.00000000,0.0543
1749266356,0.05610000,507.70000000,0.0543
1749266356,0.05620000,1165.40000000,0.0543
1749266356,0.05630000,327.10000000,0.0543
1749266356,0.05640000,18394.60000000,0.0543
1749266356,0.05650000,10568.70000000,0.0543
1749266356,0.05660000,188.80000000,0.0543
1749266356,0.05670000,110888.70000000,0.0543
1749266356,0.05680000,15271.40000000,0.0543
1749266356,0.05690000,22993.20000000,0.0543
1749266356,0.05700000,4932.30000000,0.0543
1749266356,0.05710000,105349.80000000,0.0543
1749266356,0.05720000,44481.40000000,0.0543
1749266356,0.05730000,188.80000000,0.0543
1749266356,0.05740000,101509.70000000,0.0543
1749266356,0.05750000,5368.90000000,0.0543
1749266356,0.05760000,188.80000000,0.0543
1749266356,0.05770000,188.80000000,0.0543
1749266356,0.05780000,305.40000000,0.0543
1749266356,0.05790000,1402.60000000,0.0543
1749266356,0.05800000,3709.40000000,0.0543
1749266356,0.05810000,294.30000000,0.0543
1749266356,0.05820000,369.60000000,0.0543
1749266356,0.05830000,363.40000000,0.0543
1749266356,0.05840000,188.80000000,0.0543
1749266356,0.05850000,666.50000000,0.0543
1749266356,0.05860000,1026.10000000,0.0543
1749266356,0.05870000,187.40000000,0.0543
1749266356,0.05880000,187.40000000,0.0543
1749266356,0.05890000,20557.40000000,0.0543
1749266356,0.05900000,475250.70000000,0.0543
1749266356,0.05910000,476.90000000,0.0543
1749266356,0.05920000,7557.40000000,0.0543
1749266356,0.05930000,1812.50000000,0.0543
1749266356,0.05940000,370.40000000,0.0543
1749266356,0.05950000,185.00000000,0.0543
1749266356,0.05960000,739.70000000,0.0543
1749266356,0.05970000,2047.90000000,0.0543
1749266356,0.05980000,4277.60000000,0.0543
1749266356,0.05990000,1036.70000000,0.0543
1749266356,0.06000000,30629.90000000,0.0543
1749266356,0.06010000,168.90000000,0.0543
1749266356,0.06020000,4241.60000000,0.0543
1749266356,0.06030000,17761.40000000,0.0543
1749266356,0.06050000,454215.20000000,0.0543
1749266356,0.06060000,4444.70000000,0.0543
1749266356,0.06070000,93.10000000,0.0543
1749266356,0.06100000,2436.40000000,0.0543
1749266356,0.06110000,345.00000000,0.0543
1749266356,0.06120000,1260.70000000,0.0543
1749266356,0.06140000,1177.20000000,0.0543
1749266356,0.06150000,3697.10000000,0.0543
1749266356,0.06160000,878.70000000,0.0543
1749266356,0.06170000,1108.30000000,0.0543
1749266356,0.06180000,9265.70000000,0.0543
1749266356,0.06190000,2957.50000000,0.0543
1749266356,0.06200000,3145.10000000,0.0543
1749266356,0.06210000,16641.10000000,0.0543
1749266356,0.06230000,478.00000000,0.0543
1749266356,0.06240000,321.20000000,0.0543
1749266356,0.06250000,17641.60000000,0.0543
1749266356,0.06260000,66363.20000000,0.0543
1749266356,0.06270000,141.10000000,0.0543
1749266356,0.06280000,12111.40000000,0.0543
1749266356,0.06300000,174634.90000000,0.0543
1749266356,0.06310000,1018.10000000,0.0543
1749266356,0.06320000,646.40000000,0.0543
1749266356,0.06330000,141.10000000,0.0543
1749266356,0.06360000,518.90000000,0.0543
1749266356,0.06370000,87.90000000,0.0543
1749266356,0.06380000,1018.10000000,0.0543
1749266356,0.06390000,141.10000000,0.0543
1749266356,0.06400000,40913.80000000,0.0543
1749266356,0.06420000,1007.00000000,0.0543
1749266356,0.06430000,266.90000000,0.0543
1749266356,0.06440000,7594.40000000,0.0543
1749266356,0.06450000,2539.70000000,0.0543
1749266356,0.06480000,3419.40000000,0.0543
1749266356,0.06490000,96602.80000000,0.0543
1749266356,0.06500000,48397.50000000,0.0543
1749266356,0.06510000,218.00000000,0.0543
1749266356,0.06520000,9973.50000000,0.0543
1749266356,0.06530000,87.00000000,0.0543
1749266659,0.05440000,15245.00000000,0.0544
1749266659,0.05450000,350800.40000000,0.0544
1749266659,0.05460000,241373.70000000,0.0544
1749266659,0.05470000,131624.60000000,0.0544
1749266659,0.05480000,91785.30000000,0.0544
1749266659,0.05490000,137409.60000000,0.0544
1749266659,0.05500000,102944.30000000,0.0544
1749266659,0.05510000,89206.50000000,0.0544
1749266659,0.05520000,88844.40000000,0.0544
1749266659,0.05530000,43805.00000000,0.0544
1749266659,0.05540000,78439.70000000,0.0544
1749266659,0.05550000,134025.50000000,0.0544
1749266659,0.05560000,71025.00000000,0.0544
1749266659,0.05570000,171510.70000000,0.0544
1749266659,0.05580000,114055.60000000,0.0544
1749266659,0.05590000,34993.20000000,0.0544
1749266659,0.05600000,14665.00000000,0.0544
1749266659,0.05610000,507.70000000,0.0544
1749266659,0.05620000,1165.40000000,0.0544
1749266659,0.05630000,327.10000000,0.0544
1749266659,0.05640000,18532.60000000,0.0544
1749266659,0.05650000,10706.50000000,0.0544
1749266659,0.05660000,188.80000000,0.0544
1749266659,0.05670000,5827.80000000,0.0544
1749266659,0.05680000,15197.60000000,0.0544
1749266659,0.05690000,23156.20000000,0.0544
1749266659,0.05700000,109848.50000000,0.0544
1749266659,0.05710000,105349.80000000,0.0544
1749266659,0.05720000,44481.40000000,0.0544
1749266659,0.05730000,188.80000000,0.0544
1749266659,0.05740000,101509.70000000,0.0544
1749266659,0.05750000,5368.90000000,0.0544
1749266659,0.05760000,188.80000000,0.0544
1749266659,0.05770000,188.80000000,0.0544
1749266659,0.05780000,305.40000000,0.0544
1749266659,0.05790000,1402.60000000,0.0544
1749266659,0.05800000,3709.40000000,0.0544
1749266659,0.05810000,294.30000000,0.0544
1749266659,0.05820000,369.60000000,0.0544
1749266659,0.05830000,363.40000000,0.0544
1749266659,0.05840000,188.80000000,0.0544
1749266659,0.05850000,666.50000000,0.0544
1749266659,0.05860000,1026.10000000,0.0544
1749266659,0.05870000,187.40000000,0.0544
1749266659,0.05880000,187.40000000,0.0544
1749266659,0.05890000,20557.40000000,0.0544
1749266659,0.05900000,475250.70000000,0.0544
1749266659,0.05910000,476.90000000,0.0544
1749266659,0.05920000,7557.40000000,0.0544
1749266659,0.05930000,1812.50000000,0.0544
1749266659,0.05940000,370.40000000,0.0544
1749266659,0.05950000,185.00000000,0.0544
1749266659,0.05960000,739.70000000,0.0544
1749266659,0.05970000,2232.20000000,0.0544
1749266659,0.05980000,4277.60000000,0.0544
1749266659,0.05990000,1036.70000000,0.0544
1749266659,0.06000000,30629.90000000,0.0544
1749266659,0.06010000,168.90000000,0.0544
1749266659,0.06020000,4241.60000000,0.0544
1749266659,0.06030000,17761.40000000,0.0544
1749266659,0.06050000,454215.20000000,0.0544
1749266659,0.06060000,4444.70000000,0.0544
1749266659,0.06070000,93.10000000,0.0544
1749266659,0.06100000,2436.40000000,0.0544
1749266659,0.06110000,345.00000000,0.0544
1749266659,0.06120000,1260.70000000,0.0544
1749266659,0.06140000,1177.20000000,0.0544
1749266659,0.06150000,3697.10000000,0.0544
1749266659,0.06160000,878.70000000,0.0544
1749266659,0.06170000,1108.30000000,0.0544
1749266659,0.06180000,9265.70000000,0.0544
1749266659,0.06190000,2957.50000000,0.0544
1749266659,0.06200000,3145.10000000,0.0544
1749266659,0.06210000,16641.10000000,0.0544
1749266659,0.06230000,478.00000000,0.0544
1749266659,0.06240000,321.20000000,0.0544
1749266659,0.06250000,17641.60000000,0.0544
1749266659,0.06260000,66363.20000000,0.0544
1749266659,0.06270000,141.10000000,0.0544
1749266659,0.06280000,12111.40000000,0.0544
1749266659,0.06300000,174634.90000000,0.0544
1749266659,0.06310000,1018.10000000,0.0544
1749266659,0.06320000,646.40000000,0.0544
1749266659,0.06330000,141.10000000,0.0544
1749266659,0.06360000,518.90000000,0.0544
1749266659,0.06370000,87.90000000,0.0544
1749266659,0.06380000,1018.10000000,0.0544
1749266659,0.06390000,141.10000000,0.0544
1749266659,0.06400000,40913.80000000,0.0544
1749266659,0.06420000,1007.00000000,0.0544
1749266659,0.06430000,266.90000000,0.0544
1749266659,0.06440000,7594.40000000,0.0544
1749266659,0.06450000,2539.70000000,0.0544
1749266659,0.06480000,3419.40000000,0.0544
1749266659,0.06490000,96602.80000000,0.0544
1749266659,0.06500000,48397.50000000,0.0544
1749266659,0.06510000,218.00000000,0.0544
1749266659,0.06520000,9973.50000000,0.0544
1749266659,0.06530000,87.00000000,0.0544
1749266659,0.06540000,141.10000000,0.0544
1749266961,0.05440000,48172.80000000,0.0544
1749266961,0.05450000,408690.60000000,0.0544
1749266961,0.05460000,232563.00000000,0.0544
1749266961,0.05470000,115624.10000000,0.0544
1749266961,0.05480000,113435.40000000,0.0544
1749266961,0.05490000,137789.10000000,0.0544
1749266961,0.05500000,121318.10000000,0.0544
1749266961,0.05510000,89206.50000000,0.0544
1749266961,0.05520000,88844.40000000,0.0544
1749266961,0.05530000,43805.00000000,0.0544
1749266961,0.05540000,78439.70000000,0.0544
1749266961,0.05550000,133926.60000000,0.0544
1749266961,0.05560000,71025.00000000,0.0544
1749266961,0.05570000,182581.20000000,0.0544
1749266961,0.05580000,127892.00000000,0.0544
1749266961,0.05590000,34993.20000000,0.0544
1749266961,0.05600000,14665.00000000,0.0544
1749266961,0.05610000,507.70000000,0.0544
1749266961,0.05620000,1165.40000000,0.0544
1749266961,0.05630000,327.10000000,0.0544
1749266961,0.05640000,18532.60000000,0.0544
1749266961,0.05650000,10706.50000000,0.0544
1749266961,0.05660000,188.80000000,0.0544
1749266961,0.05670000,10473.60000000,0.0544
1749266961,0.05680000,15197.60000000,0.0544
1749266961,0.05690000,23156.20000000,0.0544
1749266961,0.05700000,105117.50000000,0.0544
1749266961,0.05710000,105349.80000000,0.0544
1749266961,0.05720000,44481.40000000,0.0544
1749266961,0.05730000,188.80000000,0.0544
1749266961,0.05740000,101509.70000000,0.0544
1749266961,0.05750000,5368.90000000,0.0544
1749266961,0.05760000,188.80000000,0.0544
1749266961,0.05770000,188.80000000,0.0544
1749266961,0.05780000,305.40000000,0.0544
1749266961,0.05790000,1402.60000000,0.0544
1749266961,0.05800000,3709.40000000,0.0544
1749266961,0.05810000,294.30000000,0.0544
1749266961,0.05820000,369.60000000,0.0544
1749266961,0.05830000,363.40000000,0.0544
1749266961,0.05840000,188.80000000,0.0544
1749266961,0.05850000,666.50000000,0.0544
1749266961,0.05860000,1026.10000000,0.0544
1749266961,0.05870000,187.40000000,0.0544
1749266961,0.05880000,187.40000000,0.0544
1749266961,0.05890000,20557.40000000,0.0544
1749266961,0.05900000,475250.70000000,0.0544
1749266961,0.05910000,476.90000000,0.0544
1749266961,0.05920000,7557.40000000,0.0544
1749266961,0.05930000,1812.50000000,0.0544
1749266961,0.05940000,370.40000000,0.0544
1749266961,0.05950000,185.00000000,0.0544
1749266961,0.05960000,739.70000000,0.0544
1749266961,0.05970000,2232.20000000,0.0544
1749266961,0.05980000,4277.60000000,0.0544
1749266961,0.05990000,1036.70000000,0.0544
1749266961,0.06000000,30629.90000000,0.0544
1749266961,0.06010000,168.90000000,0.0544
1749266961,0.06020000,4241.60000000,0.0544
1749266961,0.06030000,17761.40000000,0.0544
1749266961,0.06050000,454215.20000000,0.0544
1749266961,0.06060000,4444.70000000,0.0544
1749266961,0.06070000,93.10000000,0.0544
1749266961,0.06100000,2436.40000000,0.0544
1749266961,0.06110000,345.00000000,0.0544
1749266961,0.06120000,1260.70000000,0.0544
1749266961,0.06140000,1177.20000000,0.0544
1749266961,0.06150000,3697.10000000,0.0544
1749266961,0.06160000,878.70000000,0.0544
1749266961,0.06170000,1108.30000000,0.0544
1749266961,0.06180000,9265.70000000,0.0544
1749266961,0.06190000,2957.50000000,0.0544
1749266961,0.06200000,3145.10000000,0.0544
1749266961,0.06210000,16641.10000000,0.0544
1749266961,0.06230000,478.00000000,0.0544
1749266961,0.06240000,321.20000000,0.0544
1749266961,0.06250000,17641.60000000,0.0544
1749266961,0.06260000,66363.20000000,0.0544
1749266961,0.06270000,141.10000000,0.0544
1749266961,0.06280000,12111.40000000,0.0544
1749266961,0.06300000,174634.90000000,0.0544
1749266961,0.06310000,1018.10000000,0.0544
1749266961,0.06320000,646.40000000,0.0544
1749266961,0.06330000,141.10000000,0.0544
1749266961,0.06360000,518.90000000,0.0544
1749266961,0.06370000,87.90000000,0.0544
1749266961,0.06380000,1018.10000000,0.0544
1749266961,0.06390000,141.10000000,0.0544
1749266961,0.06400000,40913.80000000,0.0544
1749266961,0.06420000,1007.00000000,0.0544
1749266961,0.06430000,266.90000000,0.0544
1749266961,0.06440000,7594.40000000,0.0544
1749266961,0.06450000,2539.70000000,0.0544
1749266961,0.06480000,3419.40000000,0.0544
1749266961,0.06490000,96602.80000000,0.0544
1749266961,0.06500000,48397.50000000,0.0544
1749266961,0.06510000,218.00000000,0.0544
1749266961,0.06520000,9973.50000000,0.0544
1749266961,0.06530000,87.00000000,0.0544
1749266961,0.06540000,141.10000000,0.0544
1749267262,0.05440000,224504.00000000,0.0543
1749267262,0.05450000,258814.50000000,0.0543
1749267262,0.05460000,211565.10000000,0.0543
1749267262,0.05470000,132919.90000000,0.0543
1749267262,0.05480000,115250.10000000,0.0543
1749267262,0.05490000,136331.70000000,0.0543
1749267262,0.05500000,121318.10000000,0.0543
1749267262,0.05510000,89206.50000000,0.0543
1749267262,0.05520000,39672.90000000,0.0543
1749267262,0.05530000,378682.80000000,0.0543
1749267262,0.05540000,78439.70000000,0.0543
1749267262,0.05550000,124162.00000000,0.0543
1749267262,0.05560000,71025.00000000,0.0543
1749267262,0.05570000,103128.10000000,0.0543
1749267262,0.05580000,104597.90000000,0.0543
1749267262,0.05590000,11632.00000000,0.0543
1749267262,0.05600000,14665.00000000,0.0543
1749267262,0.05610000,507.70000000,0.0543
1749267262,0.05620000,19371.20000000,0.0543
1749267262,0.05630000,327.10000000,0.0543
1749267262,0.05640000,326.80000000,0.0543
1749267262,0.05650000,15419.90000000,0.0543
1749267262,0.05660000,368.10000000,0.0543
1749267262,0.05670000,23797.80000000,0.0543
1749267262,0.05680000,15267.20000000,0.0543
1749267262,0.05690000,5217.60000000,0.0543
1749267262,0.05700000,105237.60000000,0.0543
1749267262,0.05710000,105349.80000000,0.0543
1749267262,0.05720000,44481.40000000,0.0543
1749267262,0.05730000,188.80000000,0.0543
1749267262,0.05740000,101509.70000000,0.0543
1749267262,0.05750000,5368.90000000,0.0543
1749267262,0.05760000,188.80000000,0.0543
1749267262,0.05770000,188.80000000,0.0543
1749267262,0.05780000,17332.30000000,0.0543
1749267262,0.05790000,1402.60000000,0.0543
1749267262,0.05800000,3709.40000000,0.0543
1749267262,0.05810000,294.30000000,0.0543
1749267262,0.05820000,369.60000000,0.0543
1749267262,0.05830000,363.40000000,0.0543
1749267262,0.05840000,188.80000000,0.0543
1749267262,0.05850000,666.50000000,0.0543
1749267262,0.05860000,1026.10000000,0.0543
1749267262,0.05870000,187.40000000,0.0543
1749267262,0.05880000,187.40000000,0.0543
1749267262,0.05890000,20557.40000000,0.0543
1749267262,0.05900000,475250.70000000,0.0543
1749267262,0.05910000,476.90000000,0.0543
1749267262,0.05920000,7557.40000000,0.0543
1749267262,0.05930000,1812.50000000,0.0543
1749267262,0.05940000,370.40000000,0.0543
1749267262,0.05950000,185.00000000,0.0543
1749267262,0.05960000,739.70000000,0.0543
1749267262,0.05970000,2232.20000000,0.0543
1749267262,0.05980000,4277.60000000,0.0543
1749267262,0.05990000,1036.70000000,0.0543
1749267262,0.06000000,30629.90000000,0.0543
1749267262,0.06010000,168.90000000,0.0543
1749267262,0.06020000,4241.60000000,0.0543
1749267262,0.06030000,17761.40000000,0.0543
1749267262,0.06050000,454215.20000000,0.0543
1749267262,0.06060000,4444.70000000,0.0543
1749267262,0.06070000,93.10000000,0.0543
1749267262,0.06100000,2436.40000000,0.0543
1749267262,0.06110000,345.00000000,0.0543
1749267262,0.06120000,1260.70000000,0.0543
1749267262,0.06140000,1177.20000000,0.0543
1749267262,0.06150000,3697.10000000,0.0543
1749267262,0.06160000,878.70000000,0.0543
1749267262,0.06170000,1108.30000000,0.0543
1749267262,0.06180000,9265.70000000,0.0543
1749267262,0.06190000,2957.50000000,0.0543
1749267262,0.06200000,3145.10000000,0.0543
1749267262,0.06210000,16641.10000000,0.0543
1749267262,0.06230000,478.00000000,0.0543
1749267262,0.06240000,321.20000000,0.0543
1749267262,0.06250000,17641.60000000,0.0543
1749267262,0.06260000,66363.20000000,0.0543
1749267262,0.06270000,141.10000000,0.0543
1749267262,0.06280000,12111.40000000,0.0543
1749267262,0.06300000,174634.90000000,0.0543
1749267262,0.06310000,1018.10000000,0.0543
1749267262,0.06320000,646.40000000,0.0543
1749267262,0.06330000,141.10000000,0.0543
1749267262,0.06360000,518.90000000,0.0543
1749267262,0.06370000,87.90000000,0.0543
1749267262,0.06380000,1018.10000000,0.0543
1749267262,0.06390000,141.10000000,0.0543
1749267262,0.06400000,40913.80000000,0.0543
1749267262,0.06420000,1007.00000000,0.0543
1749267262,0.06430000,266.90000000,0.0543
1749267262,0.06440000,7594.40000000,0.0543
1749267262,0.06450000,2539.70000000,0.0543
1749267262,0.06480000,3419.40000000,0.0543
1749267262,0.06490000,96602.80000000,0.0543
1749267262,0.06500000,48397.50000000,0.0543
1749267262,0.06510000,218.00000000,0.0543
1749267262,0.06520000,9973.50000000,0.0543
1749267262,0.06530000,87.00000000,0.0543
1749267262,0.06540000,141.10000000,0.0543
1749267564,0.05450000,119435.70000000,0.0544
1749267564,0.05460000,342972.30000000,0.0544
1749267564,0.05470000,147363.90000000,0.0544
1749267564,0.05480000,144105.70000000,0.0544
1749267564,0.05490000,138199.10000000,0.0544
1749267564,0.05500000,148326.90000000,0.0544
1749267564,0.05510000,89206.50000000,0.0544
1749267564,0.05520000,100728.80000000,0.0544
1749267564,0.05530000,43805.00000000,0.0544
1749267564,0.05540000,78439.70000000,0.0544
1749267564,0.05550000,133721.20000000,0.0544
1749267564,0.05560000,71025.00000000,0.0544
1749267564,0.05570000,79776.50000000,0.0544
1749267564,0.05580000,119311.10000000,0.0544
1749267564,0.05590000,101202.50000000,0.0544
1749267564,0.05600000,27265.00000000,0.0544
1749267564,0.05610000,507.70000000,0.0544
1749267564,0.05620000,1165.40000000,0.0544
1749267564,0.05630000,327.10000000,0.0544
1749267564,0.05640000,18532.60000000,0.0544
1749267564,0.05650000,15360.70000000,0.0544
1749267564,0.05660000,368.10000000,0.0544
1749267564,0.05670000,10556.00000000,0.0544
1749267564,0.05680000,15286.40000000,0.0544
1749267564,0.05690000,23187.60000000,0.0544
1749267564,0.05700000,100495.10000000,0.0544
1749267564,0.05710000,105349.80000000,0.0544
1749267564,0.05720000,44481.40000000,0.0544
1749267564,0.05730000,188.80000000,0.0544
1749267564,0.05740000,101509.70000000,0.0544
1749267564,0.05750000,5368.90000000,0.0544
1749267564,0.05760000,188.80000000,0.0544
1749267564,0.05770000,188.80000000,0.0544
1749267564,0.05780000,17332.30000000,0.0544
1749267564,0.05790000,1402.60000000,0.0544
1749267564,0.05800000,3709.40000000,0.0544
1749267564,0.05810000,294.30000000,0.0544
1749267564,0.05820000,369.60000000,0.0544
1749267564,0.05830000,363.40000000,0.0544
1749267564,0.05840000,188.80000000,0.0544
1749267564,0.05850000,666.50000000,0.0544
1749267564,0.05860000,1026.10000000,0.0544
1749267564,0.05870000,187.40000000,0.0544
1749267564,0.05880000,187.40000000,0.0544
1749267564,0.05890000,20557.40000000,0.0544
1749267564,0.05900000,475250.70000000,0.0544
1749267564,0.05910000,476.90000000,0.0544
1749267564,0.05920000,7557.40000000,0.0544
1749267564,0.05930000,1812.50000000,0.0544
1749267564,0.05940000,370.40000000,0.0544
1749267564,0.05950000,185.00000000,0.0544
1749267564,0.05960000,739.70000000,0.0544
1749267564,0.05970000,2232.20000000,0.0544
1749267564,0.05980000,4461.50000000,0.0544
1749267564,0.05990000,1036.70000000,0.0544
1749267564,0.06000000,30629.90000000,0.0544
1749267564,0.06010000,168.90000000,0.0544
1749267564,0.06020000,4241.60000000,0.0544
1749267564,0.06030000,17761.40000000,0.0544
1749267564,0.06050000,454215.20000000,0.0544
1749267564,0.06060000,4444.70000000,0.0544
1749267564,0.06070000,93.10000000,0.0544
1749267564,0.06100000,2436.40000000,0.0544
1749267564,0.06110000,345.00000000,0.0544
1749267564,0.06120000,1260.70000000,0.0544
