timestamp,price,volume,current_price
1749258464,0.05380000,209241.00000000,0.0538
1749258464,0.05390000,281336.00000000,0.0538
1749258464,0.05400000,176721.20000000,0.0538
1749258464,0.05410000,210507.90000000,0.0538
1749258464,0.05420000,88115.40000000,0.0538
1749258464,0.05430000,140952.80000000,0.0538
1749258464,0.05440000,283767.10000000,0.0538
1749258464,0.05450000,279317.00000000,0.0538
1749258464,0.05460000,318543.90000000,0.0538
1749258464,0.05470000,49572.30000000,0.0538
1749258464,0.05480000,89019.30000000,0.0538
1749258464,0.05490000,224481.60000000,0.0538
1749258464,0.05500000,196283.20000000,0.0538
1749258464,0.05510000,251167.00000000,0.0538
1749258464,0.05520000,208679.70000000,0.0538
1749258464,0.05530000,62145.40000000,0.0538
1749258464,0.05540000,13252.90000000,0.0538
1749258464,0.05550000,27342.80000000,0.0538
1749258464,0.05560000,13892.30000000,0.0538
1749258464,0.05570000,13133.30000000,0.0538
1749258464,0.05580000,70691.10000000,0.0538
1749258464,0.05590000,42437.80000000,0.0538
1749258464,0.05600000,27265.00000000,0.0538
1749258464,0.05610000,12968.90000000,0.0538
1749258464,0.05620000,22876.20000000,0.0538
1749258464,0.05630000,35521.70000000,0.0538
1749258464,0.05640000,117821.60000000,0.0538
1749258464,0.05650000,28131.20000000,0.0538
1749258464,0.05660000,188.80000000,0.0538
1749258464,0.05670000,5968.90000000,0.0538
1749258464,0.05680000,106298.50000000,0.0538
1749258464,0.05690000,343.50000000,0.0538
1749258464,0.05700000,188.80000000,0.0538
1749258464,0.05710000,105349.80000000,0.0538
1749258464,0.05720000,666.80000000,0.0538
1749258464,0.05730000,188.80000000,0.0538
1749258464,0.05740000,1203.40000000,0.0538
1749258464,0.05750000,5368.90000000,0.0538
1749258464,0.05760000,188.80000000,0.0538
1749258464,0.05770000,188.80000000,0.0538
1749258464,0.05780000,305.40000000,0.0538
1749258464,0.05790000,1402.60000000,0.0538
1749258464,0.05800000,3709.40000000,0.0538
1749258464,0.05810000,294.30000000,0.0538
1749258464,0.05820000,369.60000000,0.0538
1749258464,0.05830000,363.40000000,0.0538
1749258464,0.05840000,188.80000000,0.0538
1749258464,0.05850000,666.50000000,0.0538
1749258464,0.05860000,1026.10000000,0.0538
1749258464,0.05870000,187.70000000,0.0538
1749258464,0.05880000,187.00000000,0.0538
1749258464,0.05890000,3394.10000000,0.0538
1749258464,0.05900000,475250.70000000,0.0538
1749258464,0.05910000,476.90000000,0.0538
1749258464,0.05920000,7371.40000000,0.0538
1749258464,0.05930000,1626.80000000,0.0538
1749258464,0.05940000,185.10000000,0.0538
1749258464,0.05960000,555.10000000,0.0538
1749258464,0.05970000,43814.60000000,0.0538
1749258464,0.05980000,4277.60000000,0.0538
1749258464,0.05990000,1036.70000000,0.0538
1749258464,0.06000000,30629.90000000,0.0538
1749258464,0.06010000,168.90000000,0.0538
1749258464,0.06020000,4241.60000000,0.0538
1749258464,0.06030000,17761.40000000,0.0538
1749258464,0.06050000,454215.20000000,0.0538
1749258464,0.06060000,4444.70000000,0.0538
1749258464,0.06070000,93.10000000,0.0538
1749258464,0.06100000,2436.40000000,0.0538
1749258464,0.06110000,345.00000000,0.0538
1749258464,0.06120000,1260.70000000,0.0538
1749258464,0.06140000,1177.20000000,0.0538
1749258464,0.06150000,3697.10000000,0.0538
1749258464,0.06160000,878.70000000,0.0538
1749258464,0.06170000,1108.30000000,0.0538
1749258464,0.06180000,2793.30000000,0.0538
1749258464,0.06190000,2957.50000000,0.0538
1749258464,0.06200000,3145.10000000,0.0538
1749258464,0.06210000,16641.10000000,0.0538
1749258464,0.06230000,478.00000000,0.0538
1749258464,0.06240000,321.20000000,0.0538
1749258464,0.06250000,17641.60000000,0.0538
1749258464,0.06260000,66363.20000000,0.0538
1749258464,0.06270000,141.10000000,0.0538
1749258464,0.06280000,12111.40000000,0.0538
1749258464,0.06300000,174634.90000000,0.0538
1749258464,0.06310000,1018.10000000,0.0538
1749258464,0.06320000,646.40000000,0.0538
1749258464,0.06330000,141.10000000,0.0538
1749258464,0.06360000,518.90000000,0.0538
1749258464,0.06370000,87.90000000,0.0538
1749258464,0.06380000,1018.10000000,0.0538
1749258464,0.06390000,141.10000000,0.0538
1749258464,0.06400000,40913.80000000,0.0538
1749258464,0.06420000,1007.00000000,0.0538
1749258464,0.06430000,266.90000000,0.0538
1749258464,0.06440000,7594.40000000,0.0538
1749258464,0.06450000,2539.70000000,0.0538
1749258464,0.06480000,3419.40000000,0.0538
1749258464,0.06490000,96602.80000000,0.0538
1749258830,0.05390000,72697.70000000,0.0538
1749258830,0.05400000,409860.40000000,0.0538
1749258830,0.05410000,196374.20000000,0.0538
1749258830,0.05420000,134874.10000000,0.0538
1749258830,0.05430000,124864.80000000,0.0538
1749258830,0.05440000,325595.10000000,0.0538
1749258830,0.05450000,300159.20000000,0.0538
1749258830,0.05460000,288828.10000000,0.0538
1749258830,0.05470000,49571.50000000,0.0538
1749258830,0.05480000,89484.40000000,0.0538
1749258830,0.05490000,224816.10000000,0.0538
1749258830,0.05500000,196283.20000000,0.0538
1749258830,0.05510000,195623.90000000,0.0538
1749258830,0.05520000,313215.10000000,0.0538
1749258830,0.05530000,13145.40000000,0.0538
1749258830,0.05540000,13252.90000000,0.0538
1749258830,0.05550000,27342.80000000,0.0538
1749258830,0.05560000,13892.30000000,0.0538
1749258830,0.05570000,13133.30000000,0.0538
1749258830,0.05580000,70691.10000000,0.0538
1749258830,0.05590000,42437.80000000,0.0538
1749258830,0.05600000,27265.00000000,0.0538
1749258830,0.05610000,12968.90000000,0.0538
1749258830,0.05620000,18311.10000000,0.0538
1749258830,0.05630000,35521.70000000,0.0538
1749258830,0.05640000,122386.70000000,0.0538
1749258830,0.05650000,15531.20000000,0.0538
1749258830,0.05660000,188.80000000,0.0538
1749258830,0.05670000,5968.90000000,0.0538
1749258830,0.05680000,106298.50000000,0.0538
1749258830,0.05690000,343.50000000,0.0538
1749258830,0.05700000,188.80000000,0.0538
1749258830,0.05710000,105349.80000000,0.0538
1749258830,0.05720000,666.80000000,0.0538
1749258830,0.05730000,188.80000000,0.0538
1749258830,0.05740000,1203.40000000,0.0538
1749258830,0.05750000,5368.90000000,0.0538
1749258830,0.05760000,188.80000000,0.0538
1749258830,0.05770000,188.80000000,0.0538
1749258830,0.05780000,305.40000000,0.0538
1749258830,0.05790000,1402.60000000,0.0538
1749258830,0.05800000,3709.40000000,0.0538
1749258830,0.05810000,294.30000000,0.0538
1749258830,0.05820000,369.60000000,0.0538
1749258830,0.05830000,363.40000000,0.0538
1749258830,0.05840000,188.80000000,0.0538
1749258830,0.05850000,666.50000000,0.0538
1749258830,0.05860000,1026.10000000,0.0538
1749258830,0.05870000,187.70000000,0.0538
1749258830,0.05880000,187.00000000,0.0538
1749258830,0.05890000,1965.60000000,0.0538
1749258830,0.05900000,475250.70000000,0.0538
1749258830,0.05910000,476.90000000,0.0538
1749258830,0.05920000,7557.40000000,0.0538
1749258830,0.05930000,1626.80000000,0.0538
1749258830,0.05940000,185.10000000,0.0538
1749258830,0.05960000,555.10000000,0.0538
1749258830,0.05970000,43814.60000000,0.0538
1749258830,0.05980000,4277.60000000,0.0538
1749258830,0.05990000,1036.70000000,0.0538
1749258830,0.06000000,30629.90000000,0.0538
1749258830,0.06010000,168.90000000,0.0538
1749258830,0.06020000,4241.60000000,0.0538
1749258830,0.06030000,17761.40000000,0.0538
1749258830,0.06050000,454215.20000000,0.0538
1749258830,0.06060000,4444.70000000,0.0538
1749258830,0.06070000,93.10000000,0.0538
1749258830,0.06100000,2436.40000000,0.0538
1749258830,0.06110000,345.00000000,0.0538
1749258830,0.06120000,1260.70000000,0.0538
1749258830,0.06140000,1177.20000000,0.0538
1749258830,0.06150000,3697.10000000,0.0538
1749258830,0.06160000,878.70000000,0.0538
1749258830,0.06170000,1108.30000000,0.0538
1749258830,0.06180000,2793.30000000,0.0538
1749258830,0.06190000,2957.50000000,0.0538
1749258830,0.06200000,3145.10000000,0.0538
1749258830,0.06210000,16641.10000000,0.0538
1749258830,0.06230000,478.00000000,0.0538
1749258830,0.06240000,321.20000000,0.0538
1749258830,0.06250000,17641.60000000,0.0538
1749258830,0.06260000,66363.20000000,0.0538
1749258830,0.06270000,141.10000000,0.0538
1749258830,0.06280000,12111.40000000,0.0538
1749258830,0.06300000,174634.90000000,0.0538
1749258830,0.06310000,1018.10000000,0.0538
1749258830,0.06320000,646.40000000,0.0538
1749258830,0.06330000,141.10000000,0.0538
1749258830,0.06360000,518.90000000,0.0538
1749258830,0.06370000,87.90000000,0.0538
1749258830,0.06380000,1018.10000000,0.0538
1749258830,0.06390000,141.10000000,0.0538
1749258830,0.06400000,40913.80000000,0.0538
1749258830,0.06420000,1007.00000000,0.0538
1749258830,0.06430000,266.90000000,0.0538
1749258830,0.06440000,7594.40000000,0.0538
1749258830,0.06450000,2539.70000000,0.0538
1749258830,0.06480000,3419.40000000,0.0538
1749258830,0.06490000,96602.80000000,0.0538
1749258830,0.06500000,48397.50000000,0.0538
1749259137,0.05360000,72642.60000000,0.0535
1749259137,0.05370000,184626.60000000,0.0535
1749259137,0.05380000,184971.60000000,0.0535
1749259137,0.05390000,143765.50000000,0.0535
1749259137,0.05400000,172351.40000000,0.0535
1749259137,0.05410000,139774.80000000,0.0535
1749259137,0.05420000,106245.40000000,0.0535
1749259137,0.05430000,103515.60000000,0.0535
1749259137,0.05440000,282583.60000000,0.0535
1749259137,0.05450000,42412.10000000,0.0535
1749259137,0.05460000,89026.50000000,0.0535
1749259137,0.05470000,110301.00000000,0.0535
1749259137,0.05480000,79401.90000000,0.0535
1749259137,0.05490000,204479.40000000,0.0535
1749259137,0.05500000,200576.60000000,0.0535
1749259137,0.05510000,13766.40000000,0.0535
1749259137,0.05520000,134985.20000000,0.0535
1749259137,0.05530000,13145.40000000,0.0535
1749259137,0.05540000,13252.90000000,0.0535
1749259137,0.05550000,27342.80000000,0.0535
1749259137,0.05560000,13892.30000000,0.0535
1749259137,0.05570000,31339.10000000,0.0535
1749259137,0.05580000,70691.10000000,0.0535
1749259137,0.05590000,24232.00000000,0.0535
1749259137,0.05600000,27265.00000000,0.0535
1749259137,0.05610000,135977.70000000,0.0535
1749259137,0.05620000,22876.20000000,0.0535
1749259137,0.05630000,4951.70000000,0.0535
1749259137,0.05640000,188.80000000,0.0535
1749259137,0.05650000,15531.20000000,0.0535
1749259137,0.05660000,188.80000000,0.0535
1749259137,0.05670000,5968.90000000,0.0535
1749259137,0.05680000,106298.50000000,0.0535
1749259137,0.05690000,343.50000000,0.0535
1749259137,0.05700000,188.80000000,0.0535
1749259137,0.05710000,105349.80000000,0.0535
1749259137,0.05720000,666.80000000,0.0535
1749259137,0.05730000,188.80000000,0.0535
1749259137,0.05740000,1203.40000000,0.0535
1749259137,0.05750000,5368.90000000,0.0535
1749259137,0.05760000,188.80000000,0.0535
1749259137,0.05770000,188.80000000,0.0535
1749259137,0.05780000,305.40000000,0.0535
1749259137,0.05790000,1402.60000000,0.0535
1749259137,0.05800000,3709.40000000,0.0535
1749259137,0.05810000,294.30000000,0.0535
1749259137,0.05820000,369.60000000,0.0535
1749259137,0.05830000,363.40000000,0.0535
1749259137,0.05840000,188.80000000,0.0535
1749259137,0.05850000,666.50000000,0.0535
1749259137,0.05860000,1026.10000000,0.0535
1749259137,0.05870000,187.70000000,0.0535
1749259137,0.05880000,187.00000000,0.0535
1749259137,0.05890000,17946.50000000,0.0535
1749259137,0.05900000,475064.00000000,0.0535
1749259137,0.05910000,290.60000000,0.0535
1749259137,0.05920000,7371.40000000,0.0535
1749259137,0.05930000,1626.80000000,0.0535
1749259137,0.05940000,185.10000000,0.0535
1749259137,0.05960000,555.10000000,0.0535
1749259137,0.05970000,43814.60000000,0.0535
1749259137,0.05980000,4277.60000000,0.0535
1749259137,0.05990000,1036.70000000,0.0535
1749259137,0.06000000,30629.90000000,0.0535
1749259137,0.06010000,168.90000000,0.0535
1749259137,0.06020000,4241.60000000,0.0535
1749259137,0.06030000,17761.40000000,0.0535
1749259137,0.06050000,454215.20000000,0.0535
1749259137,0.06060000,4444.70000000,0.0535
1749259137,0.06070000,93.10000000,0.0535
1749259137,0.06100000,2436.40000000,0.0535
1749259137,0.06110000,345.00000000,0.0535
1749259137,0.06120000,1260.70000000,0.0535
1749259137,0.06140000,1177.20000000,0.0535
1749259137,0.06150000,3697.10000000,0.0535
1749259137,0.06160000,878.70000000,0.0535
1749259137,0.06170000,1108.30000000,0.0535
1749259137,0.06180000,2793.30000000,0.0535
1749259137,0.06190000,2957.50000000,0.0535
1749259137,0.06200000,3145.10000000,0.0535
1749259137,0.06210000,16641.10000000,0.0535
1749259137,0.06230000,478.00000000,0.0535
1749259137,0.06240000,321.20000000,0.0535
1749259137,0.06250000,17641.60000000,0.0535
1749259137,0.06260000,66363.20000000,0.0535
1749259137,0.06270000,141.10000000,0.0535
1749259137,0.06280000,12111.40000000,0.0535
1749259137,0.06300000,174634.90000000,0.0535
1749259137,0.06310000,1018.10000000,0.0535
1749259137,0.06320000,646.40000000,0.0535
1749259137,0.06330000,141.10000000,0.0535
1749259137,0.06360000,518.90000000,0.0535
1749259137,0.06370000,87.90000000,0.0535
1749259137,0.06380000,1018.10000000,0.0535
1749259137,0.06390000,141.10000000,0.0535
1749259137,0.06400000,40913.80000000,0.0535
1749259137,0.06420000,1007.00000000,0.0535
1749259137,0.06430000,266.90000000,0.0535
1749259137,0.06440000,7594.40000000,0.0535
1749259137,0.06450000,2539.70000000,0.0535
