timestamp,price,volume,current_price
1749260834,2.12900000,1282.79000000,2.128
1749260834,2.13000000,789.36000000,2.128
1749260834,2.13100000,2111.39000000,2.128
1749260834,2.13200000,3281.19000000,2.128
1749260834,2.13300000,1677.12000000,2.128
1749260834,2.13400000,1805.39000000,2.128
1749260834,2.13500000,1464.79000000,2.128
1749260834,2.13600000,1300.17000000,2.128
1749260834,2.13700000,38302.42000000,2.128
1749260834,2.13800000,1469.69000000,2.128
1749260834,2.13900000,377.92000000,2.128
1749260834,2.14000000,515.25000000,2.128
1749260834,2.14100000,1148.30000000,2.128
1749260834,2.14200000,299.29000000,2.128
1749260834,2.14300000,366.50000000,2.128
1749260834,2.14400000,57089.78000000,2.128
1749260834,2.14500000,385.11000000,2.128
1749260834,2.14600000,366.49000000,2.128
1749260834,2.14700000,1148.29000000,2.128
1749260834,2.14800000,3.53000000,2.128
1749260834,2.14900000,366.49000000,2.128
1749260834,2.15000000,1153.95000000,2.128
1749260834,2.15100000,858.48000000,2.128
1749260834,2.15200000,388.78000000,2.128
1749260834,2.15300000,1148.28000000,2.128
1749260834,2.15500000,365.91000000,2.128
1749260834,2.15600000,1144.76000000,2.128
1749260834,2.15800000,362.96000000,2.128
1749260834,2.15900000,919.76000000,2.128
1749260834,2.16000000,2225.15000000,2.128
1749260834,2.16100000,137.96000000,2.128
1749260834,2.16200000,919.76000000,2.128
1749260834,2.16300000,5.63000000,2.128
1749260834,2.16400000,18.80000000,2.128
1749260834,2.16500000,919.76000000,2.128
1749260834,2.16600000,1580.71000000,2.128
1749260834,2.16700000,2.77000000,2.128
1749260834,2.17000000,1120.83000000,2.128
1749260834,2.17600000,5.60000000,2.128
1749260834,2.18100000,108.72000000,2.128
1749260834,2.18200000,2.57000000,2.128
1749260834,2.18500000,2.91000000,2.128
1749260834,2.18800000,3.00000000,2.128
1749260834,2.18900000,5.56000000,2.128
1749260834,2.19400000,3.00000000,2.128
1749260834,2.19700000,638.83000000,2.128
1749260834,2.20000000,452.46000000,2.128
1749260834,2.20100000,121.48000000,2.128
1749260834,2.20200000,5.53000000,2.128
1749260834,2.20500000,799.71000000,2.128
1749260834,2.21000000,383.94000000,2.128
1749260834,2.21100000,2.71000000,2.128
1749260834,2.21200000,33.11000000,2.128
1749260834,2.21300000,5.76000000,2.128
1749260834,2.21500000,33.45000000,2.128
1749260834,2.21600000,7.13000000,2.128
1749260834,2.21700000,221.24000000,2.128
1749260834,2.21800000,394.11000000,2.128
1749260834,2.22000000,900.90000000,2.128
1749260834,2.22100000,427.37000000,2.128
1749260834,2.22300000,116.26000000,2.128
1749260834,2.22700000,5.76000000,2.128
1749260834,2.22800000,5.46000000,2.128
1749260834,2.23000000,5.08000000,2.128
1749260834,2.23200000,2.87000000,2.128
1749260834,2.23300000,6.09000000,2.128
1749260834,2.23600000,3.58000000,2.128
1749260834,2.24100000,5.76000000,2.128
1749260834,2.24400000,435.31000000,2.128
1749260834,2.24700000,2.83000000,2.128
1749260834,2.24800000,8.58000000,2.128
1749260834,2.25000000,302.23000000,2.128
1749260834,2.25100000,114.55000000,2.128
1749260834,2.25300000,23.51000000,2.128
1749260834,2.25400000,5.76000000,2.128
1749260834,2.25500000,9.43000000,2.128
1749260834,2.26300000,5.90000000,2.128
1749260834,2.26800000,5.76000000,2.128
1749260834,2.27400000,3.52000000,2.128
1749260834,2.27700000,18.18000000,2.128
1749260834,2.27800000,2.79000000,2.128
1749260834,2.28000000,4.39000000,2.128
1749260834,2.28200000,5.76000000,2.128
1749260834,2.28800000,3.00000000,2.128
1749260834,2.28900000,2.45000000,2.128
1749260834,2.29000000,64.70000000,2.128
1749260834,2.29300000,2.78000000,2.128
1749260834,2.29500000,5.76000000,2.128
1749260834,2.29900000,375.34000000,2.128
1749260834,2.30000000,121.08000000,2.128
1749260834,2.30600000,3.00000000,2.128
1749260834,2.30800000,3.47000000,2.128
1749260834,2.30900000,5.76000000,2.128
1749260834,2.31000000,951.42000000,2.128
1749260834,2.31400000,19.40000000,2.128
1749260834,2.32100000,2097.23000000,2.128
1749260834,2.32300000,5.76000000,2.128
1749260834,2.32500000,18.18000000,2.128
1749260834,2.32700000,4.90000000,2.128
1749260834,2.33300000,3.00000000,2.128
1749261160,2.12800000,451.11000000,2.127
1749261160,2.12900000,1389.28000000,2.127
1749261160,2.13000000,1718.43000000,2.127
1749261160,2.13100000,2195.77000000,2.127
1749261160,2.13200000,3132.73000000,2.127
1749261160,2.13300000,3357.39000000,2.127
1749261160,2.13400000,2738.28000000,2.127
1749261160,2.13500000,1418.01000000,2.127
1749261160,2.13600000,1300.17000000,2.127
1749261160,2.13700000,38260.99000000,2.127
1749261160,2.13800000,1885.46000000,2.127
1749261160,2.13900000,377.92000000,2.127
1749261160,2.14000000,538.62000000,2.127
1749261160,2.14100000,1573.95000000,2.127
1749261160,2.14200000,232.06000000,2.127
1749261160,2.14300000,370.02000000,2.127
1749261160,2.14400000,57119.37000000,2.127
1749261160,2.14500000,294.60000000,2.127
1749261160,2.14600000,366.49000000,2.127
1749261160,2.14700000,1148.29000000,2.127
1749261160,2.14800000,3.53000000,2.127
1749261160,2.14900000,366.49000000,2.127
1749261160,2.15000000,1153.95000000,2.127
1749261160,2.15100000,1108.23000000,2.127
1749261160,2.15200000,437.23000000,2.127
1749261160,2.15300000,1238.79000000,2.127
1749261160,2.15400000,3.52000000,2.127
1749261160,2.15500000,365.91000000,2.127
1749261160,2.15600000,1144.76000000,2.127
1749261160,2.15800000,385.26000000,2.127
1749261160,2.15900000,3279.65000000,2.127
1749261160,2.16000000,90.26000000,2.127
1749261160,2.16100000,137.96000000,2.127
1749261160,2.16200000,919.76000000,2.127
1749261160,2.16300000,5.63000000,2.127
1749261160,2.16400000,156.76000000,2.127
1749261160,2.16500000,919.76000000,2.127
1749261160,2.16700000,2.77000000,2.127
1749261160,2.17000000,1120.83000000,2.127
1749261160,2.17500000,1603.43000000,2.127
1749261160,2.17600000,5.60000000,2.127
1749261160,2.18100000,108.72000000,2.127
1749261160,2.18200000,40.07000000,2.127
1749261160,2.18500000,2.91000000,2.127
1749261160,2.18800000,3.00000000,2.127
1749261160,2.18900000,5.56000000,2.127
1749261160,2.19400000,3.00000000,2.127
1749261160,2.19600000,441.56000000,2.127
1749261160,2.19900000,107.96000000,2.127
1749261160,2.20000000,344.50000000,2.127
1749261160,2.20100000,121.48000000,2.127
1749261160,2.20200000,5.53000000,2.127
1749261160,2.20500000,799.71000000,2.127
1749261160,2.20800000,197.27000000,2.127
1749261160,2.21000000,383.94000000,2.127
1749261160,2.21100000,2.71000000,2.127
1749261160,2.21300000,38.87000000,2.127
1749261160,2.21500000,33.45000000,2.127
1749261160,2.21600000,7.13000000,2.127
1749261160,2.21700000,23.97000000,2.127
1749261160,2.21800000,394.11000000,2.127
1749261160,2.22000000,1328.27000000,2.127
1749261160,2.22700000,5.76000000,2.127
1749261160,2.22800000,202.73000000,2.127
1749261160,2.22900000,116.26000000,2.127
1749261160,2.23000000,5.08000000,2.127
1749261160,2.23200000,2.87000000,2.127
1749261160,2.23300000,6.09000000,2.127
1749261160,2.23600000,3.58000000,2.127
1749261160,2.24100000,5.76000000,2.127
1749261160,2.24400000,435.31000000,2.127
1749261160,2.24700000,2.83000000,2.127
1749261160,2.24800000,8.58000000,2.127
1749261160,2.25000000,302.23000000,2.127
1749261160,2.25100000,114.55000000,2.127
1749261160,2.25300000,23.51000000,2.127
1749261160,2.25400000,5.76000000,2.127
1749261160,2.25500000,9.43000000,2.127
1749261160,2.26300000,5.90000000,2.127
1749261160,2.26800000,5.76000000,2.127
1749261160,2.27400000,3.52000000,2.127
1749261160,2.27700000,18.18000000,2.127
1749261160,2.27800000,2.79000000,2.127
1749261160,2.28000000,4.39000000,2.127
1749261160,2.28200000,5.76000000,2.127
1749261160,2.28800000,3.00000000,2.127
1749261160,2.28900000,2.45000000,2.127
1749261160,2.29000000,64.70000000,2.127
1749261160,2.29300000,2.78000000,2.127
1749261160,2.29500000,5.76000000,2.127
1749261160,2.29900000,375.34000000,2.127
1749261160,2.30000000,121.08000000,2.127
1749261160,2.30600000,3.00000000,2.127
1749261160,2.30800000,3.47000000,2.127
1749261160,2.30900000,5.76000000,2.127
1749261160,2.31000000,951.42000000,2.127
1749261160,2.31400000,19.40000000,2.127
1749261160,2.32100000,2097.23000000,2.127
1749261160,2.32300000,5.76000000,2.127
1749261160,2.32500000,18.18000000,2.127
1749261475,2.13200000,901.24000000,2.131
1749261475,2.13300000,1498.71000000,2.131
1749261475,2.13400000,1772.19000000,2.131
1749261475,2.13500000,2479.04000000,2.131
1749261475,2.13600000,2679.27000000,2.131
1749261475,2.13700000,3096.80000000,2.131
1749261475,2.13800000,1803.98000000,2.131
1749261475,2.13900000,616.86000000,2.131
1749261475,2.14000000,597.21000000,2.131
1749261475,2.14100000,38878.77000000,2.131
1749261475,2.14200000,543.24000000,2.131
1749261475,2.14300000,1016.83000000,2.131
1749261475,2.14400000,1151.82000000,2.131
1749261475,2.14500000,457.99000000,2.131
1749261475,2.14600000,366.49000000,2.131
1749261475,2.14700000,1148.29000000,2.131
1749261475,2.14800000,55994.33000000,2.131
1749261475,2.14900000,366.49000000,2.131
1749261475,2.15000000,1153.95000000,2.131
1749261475,2.15100000,1108.23000000,2.131
1749261475,2.15200000,437.23000000,2.131
1749261475,2.15300000,1238.79000000,2.131
1749261475,2.15400000,3.52000000,2.131
1749261475,2.15500000,365.91000000,2.131
1749261475,2.15600000,1144.76000000,2.131
1749261475,2.15800000,385.26000000,2.131
1749261475,2.15900000,1144.76000000,2.131
1749261475,2.16000000,225.00000000,2.131
1749261475,2.16100000,362.96000000,2.131
1749261475,2.16200000,919.76000000,2.131
1749261475,2.16300000,5.63000000,2.131
1749261475,2.16400000,156.76000000,2.131
1749261475,2.16500000,3144.91000000,2.131
1749261475,2.16700000,2.77000000,2.131
1749261475,2.17000000,1120.83000000,2.131
1749261475,2.17500000,1603.43000000,2.131
1749261475,2.17600000,5.60000000,2.131
1749261475,2.18100000,108.72000000,2.131
1749261475,2.18200000,40.07000000,2.131
1749261475,2.18500000,2.91000000,2.131
1749261475,2.18800000,3.00000000,2.131
1749261475,2.18900000,5.56000000,2.131
1749261475,2.19400000,3.00000000,2.131
1749261475,2.20000000,344.50000000,2.131
1749261475,2.20100000,121.48000000,2.131
1749261475,2.20200000,447.09000000,2.131
1749261475,2.20500000,907.67000000,2.131
1749261475,2.20800000,197.27000000,2.131
1749261475,2.21000000,383.94000000,2.131
1749261475,2.21100000,2.71000000,2.131
1749261475,2.21300000,38.87000000,2.131
1749261475,2.21500000,33.45000000,2.131
1749261475,2.21600000,7.13000000,2.131
1749261475,2.21700000,23.97000000,2.131
1749261475,2.21800000,394.11000000,2.131
1749261475,2.22000000,900.90000000,2.131
1749261475,2.22600000,427.37000000,2.131
1749261475,2.22700000,5.76000000,2.131
1749261475,2.22800000,202.73000000,2.131
1749261475,2.22900000,116.26000000,2.131
1749261475,2.23000000,5.08000000,2.131
1749261475,2.23200000,2.87000000,2.131
1749261475,2.23300000,6.09000000,2.131
1749261475,2.23600000,3.58000000,2.131
1749261475,2.24100000,5.76000000,2.131
1749261475,2.24400000,435.31000000,2.131
1749261475,2.24700000,2.83000000,2.131
1749261475,2.24800000,8.58000000,2.131
1749261475,2.25000000,302.23000000,2.131
1749261475,2.25100000,114.55000000,2.131
1749261475,2.25300000,23.51000000,2.131
1749261475,2.25400000,5.76000000,2.131
1749261475,2.25500000,9.43000000,2.131
1749261475,2.26300000,5.90000000,2.131
1749261475,2.26800000,5.76000000,2.131
1749261475,2.27400000,3.52000000,2.131
1749261475,2.27700000,18.18000000,2.131
1749261475,2.27800000,2.79000000,2.131
1749261475,2.28000000,4.39000000,2.131
1749261475,2.28200000,5.76000000,2.131
1749261475,2.28800000,3.00000000,2.131
1749261475,2.28900000,2.45000000,2.131
1749261475,2.29000000,64.70000000,2.131
1749261475,2.29300000,2.78000000,2.131
1749261475,2.29500000,5.76000000,2.131
1749261475,2.29900000,375.34000000,2.131
1749261475,2.30000000,121.08000000,2.131
1749261475,2.30600000,3.00000000,2.131
1749261475,2.30800000,3.47000000,2.131
1749261475,2.30900000,5.76000000,2.131
1749261475,2.31000000,951.42000000,2.131
1749261475,2.31400000,19.40000000,2.131
1749261475,2.32100000,2097.23000000,2.131
1749261475,2.32300000,5.76000000,2.131
1749261475,2.32500000,18.18000000,2.131
1749261475,2.32700000,4.90000000,2.131
1749261475,2.33300000,3.00000000,2.131
1749261475,2.33500000,2.18000000,2.131
1749261475,2.33700000,5.76000000,2.131
1749261475,2.34000000,4.31000000,2.131
1749261781,2.12600000,921.57000000,2.125
1749261781,2.12700000,1780.08000000,2.125
1749261781,2.12800000,2197.77000000,2.125
1749261781,2.12900000,2138.64000000,2.125
1749261781,2.13000000,4460.70000000,2.125
1749261781,2.13100000,2715.44000000,2.125
1749261781,2.13200000,2763.22000000,2.125
1749261781,2.13300000,1102.23000000,2.125
1749261781,2.13400000,2022.14000000,2.125
1749261781,2.13500000,38879.97000000,2.125
1749261781,2.13600000,1650.11000000,2.125
1749261781,2.13700000,916.08000000,2.125
1749261781,2.13800000,1460.73000000,2.125
1749261781,2.13900000,397.69000000,2.125
1749261781,2.14000000,373.01000000,2.125
1749261781,2.14100000,1573.95000000,2.125
1749261781,2.14200000,232.06000000,2.125
1749261781,2.14300000,524.48000000,2.125
1749261781,2.14400000,57338.13000000,2.125
1749261781,2.14500000,294.60000000,2.125
1749261781,2.14600000,366.49000000,2.125
1749261781,2.14700000,1148.29000000,2.125
1749261781,2.14800000,3.53000000,2.125
1749261781,2.14900000,366.49000000,2.125
1749261781,2.15000000,1153.95000000,2.125
1749261781,2.15100000,1108.23000000,2.125
1749261781,2.15200000,437.23000000,2.125
1749261781,2.15300000,1238.79000000,2.125
1749261781,2.15400000,3.52000000,2.125
1749261781,2.15500000,365.91000000,2.125
1749261781,2.15600000,919.76000000,2.125
1749261781,2.15800000,160.26000000,2.125
1749261781,2.15900000,919.76000000,2.125
1749261781,2.16000000,90.26000000,2.125
1749261781,2.16100000,137.96000000,2.125
1749261781,2.16200000,919.76000000,2.125
1749261781,2.16300000,5.63000000,2.125
1749261781,2.16400000,156.76000000,2.125
1749261781,2.16500000,3054.65000000,2.125
1749261781,2.16700000,2.77000000,2.125
1749261781,2.17000000,1120.83000000,2.125
1749261781,2.17500000,1603.43000000,2.125
1749261781,2.17600000,5.60000000,2.125
1749261781,2.18100000,108.72000000,2.125
1749261781,2.18200000,40.07000000,2.125
1749261781,2.18500000,2.91000000,2.125
1749261781,2.18800000,3.00000000,2.125
1749261781,2.18900000,5.56000000,2.125
1749261781,2.19400000,3.00000000,2.125
1749261781,2.19600000,441.56000000,2.125
1749261781,2.20000000,344.50000000,2.125
1749261781,2.20100000,121.48000000,2.125
1749261781,2.20200000,5.53000000,2.125
1749261781,2.20500000,907.67000000,2.125
1749261781,2.20800000,197.27000000,2.125
1749261781,2.21000000,383.94000000,2.125
1749261781,2.21100000,2.71000000,2.125
1749261781,2.21300000,38.87000000,2.125
1749261781,2.21500000,33.45000000,2.125
1749261781,2.21600000,7.13000000,2.125
1749261781,2.21700000,23.97000000,2.125
1749261781,2.21800000,394.11000000,2.125
1749261781,2.22000000,1328.27000000,2.125
1749261781,2.22700000,5.76000000,2.125
1749261781,2.22800000,202.73000000,2.125
1749261781,2.22900000,116.26000000,2.125
1749261781,2.23000000,5.08000000,2.125
1749261781,2.23200000,2.87000000,2.125
1749261781,2.23300000,6.09000000,2.125
1749261781,2.23600000,3.58000000,2.125
1749261781,2.24100000,5.76000000,2.125
1749261781,2.24400000,435.31000000,2.125
1749261781,2.24700000,2.83000000,2.125
1749261781,2.24800000,8.58000000,2.125
1749261781,2.25000000,302.23000000,2.125
1749261781,2.25100000,114.55000000,2.125
1749261781,2.25300000,23.51000000,2.125
1749261781,2.25400000,5.76000000,2.125
1749261781,2.25500000,9.43000000,2.125
1749261781,2.26300000,5.90000000,2.125
1749261781,2.26800000,5.76000000,2.125
1749261781,2.27400000,3.52000000,2.125
1749261781,2.27700000,18.18000000,2.125
1749261781,2.27800000,2.79000000,2.125
1749261781,2.28000000,4.39000000,2.125
1749261781,2.28200000,5.76000000,2.125
1749261781,2.28800000,3.00000000,2.125
1749261781,2.28900000,2.45000000,2.125
1749261781,2.29000000,64.70000000,2.125
1749261781,2.29300000,2.78000000,2.125
1749261781,2.29500000,5.76000000,2.125
1749261781,2.29900000,375.34000000,2.125
1749261781,2.30000000,121.08000000,2.125
1749261781,2.30600000,3.00000000,2.125
1749261781,2.30800000,3.47000000,2.125
1749261781,2.30900000,5.76000000,2.125
1749261781,2.31000000,951.42000000,2.125
1749261781,2.31400000,19.40000000,2.125
1749261781,2.32100000,2097.23000000,2.125
1749261781,2.32300000,5.76000000,2.125
1749262088,2.12400000,1150.29000000,2.123
1749262088,2.12500000,1536.51000000,2.123
1749262088,2.12600000,2102.48000000,2.123
1749262088,2.12700000,2203.68000000,2.123
1749262088,2.12800000,3208.93000000,2.123
1749262088,2.12900000,4866.52000000,2.123
1749262088,2.13000000,2838.13000000,2.123
1749262088,2.13100000,1406.09000000,2.123
1749262088,2.13200000,39413.46000000,2.123
1749262088,2.13300000,933.97000000,2.123
1749262088,2.13400000,1902.73000000,2.123
1749262088,2.13500000,1859.86000000,2.123
1749262088,2.13600000,1379.98000000,2.123
1749262088,2.13700000,450.39000000,2.123
1749262088,2.13800000,1315.23000000,2.123
1749262088,2.13900000,232.08000000,2.123
1749262088,2.14000000,19197.72000000,2.123
1749262088,2.14100000,1151.83000000,2.123
1749262088,2.14200000,232.06000000,2.123
1749262088,2.14300000,370.02000000,2.123
1749262088,2.14400000,38609.36000000,2.123
1749262088,2.14500000,294.60000000,2.123
1749262088,2.14600000,366.49000000,2.123
1749262088,2.14700000,2008.24000000,2.123
1749262088,2.14800000,3.53000000,2.123
1749262088,2.14900000,366.49000000,2.123
1749262088,2.15000000,1153.95000000,2.123
1749262088,2.15100000,228.53000000,2.123
1749262088,2.15200000,437.23000000,2.123
1749262088,2.15300000,1013.79000000,2.123
1749262088,2.15400000,3.52000000,2.123
1749262088,2.15500000,140.91000000,2.123
1749262088,2.15600000,919.76000000,2.123
1749262088,2.15800000,2295.15000000,2.123
1749262088,2.15900000,919.76000000,2.123
1749262088,2.16000000,90.26000000,2.123
1749262088,2.16100000,137.96000000,2.123
1749262088,2.16200000,919.76000000,2.123
1749262088,2.16300000,5.63000000,2.123
1749262088,2.16400000,156.76000000,2.123
1749262088,2.16500000,919.76000000,2.123
1749262088,2.16700000,2.77000000,2.123
1749262088,2.17000000,1120.83000000,2.123
1749262088,2.17500000,1603.43000000,2.123
1749262088,2.17600000,5.60000000,2.123
1749262088,2.18100000,108.72000000,2.123
1749262088,2.18200000,40.07000000,2.123
1749262088,2.18500000,2.91000000,2.123
1749262088,2.18800000,3.00000000,2.123
1749262088,2.18900000,5.56000000,2.123
1749262088,2.19400000,3.00000000,2.123
1749262088,2.19600000,441.56000000,2.123
1749262088,2.19900000,107.96000000,2.123
1749262088,2.20000000,344.50000000,2.123
1749262088,2.20100000,121.48000000,2.123
1749262088,2.20200000,5.53000000,2.123
1749262088,2.20500000,799.71000000,2.123
1749262088,2.20800000,197.27000000,2.123
1749262088,2.21000000,383.94000000,2.123
1749262088,2.21100000,2.71000000,2.123
1749262088,2.21300000,5.76000000,2.123
1749262088,2.21500000,33.45000000,2.123
1749262088,2.21600000,40.24000000,2.123
1749262088,2.21700000,23.97000000,2.123
1749262088,2.21800000,394.11000000,2.123
1749262088,2.22000000,1328.27000000,2.123
1749262088,2.22700000,5.76000000,2.123
1749262088,2.22800000,202.73000000,2.123
1749262088,2.22900000,116.26000000,2.123
1749262088,2.23000000,5.08000000,2.123
1749262088,2.23200000,2.87000000,2.123
1749262088,2.23300000,6.09000000,2.123
1749262088,2.23600000,3.58000000,2.123
1749262088,2.24100000,5.76000000,2.123
1749262088,2.24400000,435.31000000,2.123
1749262088,2.24700000,2.83000000,2.123
1749262088,2.24800000,8.58000000,2.123
1749262088,2.25000000,302.23000000,2.123
1749262088,2.25100000,114.55000000,2.123
1749262088,2.25300000,23.51000000,2.123
1749262088,2.25400000,5.76000000,2.123
1749262088,2.25500000,9.43000000,2.123
1749262088,2.26300000,5.90000000,2.123
1749262088,2.26800000,5.76000000,2.123
1749262088,2.27400000,3.52000000,2.123
1749262088,2.27700000,18.18000000,2.123
1749262088,2.27800000,2.79000000,2.123
1749262088,2.28000000,4.39000000,2.123
1749262088,2.28200000,5.76000000,2.123
1749262088,2.28800000,3.00000000,2.123
1749262088,2.28900000,2.45000000,2.123
1749262088,2.29000000,64.70000000,2.123
1749262088,2.29300000,2.78000000,2.123
1749262088,2.29500000,5.76000000,2.123
1749262088,2.29900000,375.34000000,2.123
1749262088,2.30000000,121.08000000,2.123
1749262088,2.30600000,3.00000000,2.123
1749262088,2.30800000,3.47000000,2.123
1749262088,2.30900000,5.76000000,2.123
1749262088,2.31000000,951.42000000,2.123
1749262390,2.13200000,471.98000000,2.131
1749262390,2.13300000,1542.46000000,2.131
1749262390,2.13400000,1804.95000000,2.131
1749262390,2.13500000,2606.96000000,2.131
1749262390,2.13600000,2270.95000000,2.131
1749262390,2.13700000,993.64000000,2.131
1749262390,2.13800000,1803.96000000,2.131
1749262390,2.13900000,377.92000000,2.131
1749262390,2.14000000,38655.55000000,2.131
1749262390,2.14100000,1739.56000000,2.131
1749262390,2.14200000,532.09000000,2.131
1749262390,2.14300000,370.02000000,2.131
1749262390,2.14400000,1148.30000000,2.131
1749262390,2.14500000,457.99000000,2.131
1749262390,2.14600000,366.49000000,2.131
1749262390,2.14700000,1148.29000000,2.131
1749262390,2.14800000,56683.40000000,2.131
1749262390,2.14900000,366.49000000,2.131
1749262390,2.15000000,1153.95000000,2.131
1749262390,2.15100000,228.53000000,2.131
1749262390,2.15200000,1315.92000000,2.131
1749262390,2.15300000,1238.79000000,2.131
1749262390,2.15400000,3.52000000,2.131
1749262390,2.15500000,365.91000000,2.131
1749262390,2.15600000,1144.76000000,2.131
1749262390,2.15800000,385.26000000,2.131
1749262390,2.15900000,1144.76000000,2.131
1749262390,2.16000000,315.26000000,2.131
1749262390,2.16100000,362.96000000,2.131
1749262390,2.16200000,919.76000000,2.131
1749262390,2.16300000,5.63000000,2.131
1749262390,2.16400000,2291.65000000,2.131
1749262390,2.16500000,919.76000000,2.131
1749262390,2.16700000,2.77000000,2.131
1749262390,2.17000000,1120.83000000,2.131
1749262390,2.17500000,1603.43000000,2.131
1749262390,2.17600000,5.60000000,2.131
1749262390,2.18100000,108.72000000,2.131
1749262390,2.18200000,40.07000000,2.131
1749262390,2.18500000,2.91000000,2.131
1749262390,2.18800000,3.00000000,2.131
1749262390,2.18900000,5.56000000,2.131
1749262390,2.19400000,3.00000000,2.131
1749262390,2.19600000,441.56000000,2.131
1749262390,2.19900000,107.96000000,2.131
1749262390,2.20000000,344.50000000,2.131
1749262390,2.20100000,121.48000000,2.131
1749262390,2.20200000,5.53000000,2.131
1749262390,2.20500000,799.71000000,2.131
1749262390,2.20800000,197.27000000,2.131
1749262390,2.21000000,383.94000000,2.131
1749262390,2.21100000,2.71000000,2.131
1749262390,2.21300000,5.76000000,2.131
1749262390,2.21500000,33.45000000,2.131
1749262390,2.21600000,7.13000000,2.131
1749262390,2.21700000,23.97000000,2.131
1749262390,2.21800000,394.11000000,2.131
1749262390,2.22000000,1328.27000000,2.131
1749262390,2.22200000,33.11000000,2.131
1749262390,2.22700000,5.76000000,2.131
1749262390,2.22800000,202.73000000,2.131
1749262390,2.22900000,116.26000000,2.131
1749262390,2.23000000,5.08000000,2.131
1749262390,2.23200000,2.87000000,2.131
1749262390,2.23300000,6.09000000,2.131
1749262390,2.23600000,3.58000000,2.131
1749262390,2.24100000,5.76000000,2.131
1749262390,2.24400000,435.31000000,2.131
1749262390,2.24700000,2.83000000,2.131
1749262390,2.24800000,8.58000000,2.131
1749262390,2.25000000,302.23000000,2.131
1749262390,2.25100000,114.55000000,2.131
1749262390,2.25300000,23.51000000,2.131
1749262390,2.25400000,5.76000000,2.131
1749262390,2.25500000,9.43000000,2.131
1749262390,2.26300000,5.90000000,2.131
1749262390,2.26800000,5.76000000,2.131
1749262390,2.27400000,3.52000000,2.131
1749262390,2.27700000,18.18000000,2.131
1749262390,2.27800000,2.79000000,2.131
1749262390,2.28000000,4.39000000,2.131
1749262390,2.28200000,5.76000000,2.131
1749262390,2.28800000,3.00000000,2.131
1749262390,2.28900000,2.45000000,2.131
1749262390,2.29000000,64.70000000,2.131
1749262390,2.29300000,2.78000000,2.131
1749262390,2.29500000,5.76000000,2.131
1749262390,2.29900000,375.34000000,2.131
1749262390,2.30000000,121.08000000,2.131
1749262390,2.30600000,3.00000000,2.131
1749262390,2.30800000,3.47000000,2.131
1749262390,2.30900000,5.76000000,2.131
1749262390,2.31000000,951.42000000,2.131
1749262390,2.31400000,19.40000000,2.131
1749262390,2.32100000,2097.23000000,2.131
1749262390,2.32300000,5.76000000,2.131
1749262390,2.32500000,18.18000000,2.131
1749262390,2.32700000,4.90000000,2.131
1749262390,2.33300000,3.00000000,2.131
1749262390,2.33500000,2.18000000,2.131
1749262693,2.13600000,1109.90000000,2.135
1749262693,2.13700000,1485.89000000,2.135
1749262693,2.13800000,2148.81000000,2.135
1749262693,2.13900000,1709.06000000,2.135
1749262693,2.14000000,4027.78000000,2.135
1749262693,2.14100000,2212.61000000,2.135
1749262693,2.14200000,883.32000000,2.135
1749262693,2.14300000,589.04000000,2.135
1749262693,2.14400000,39230.68000000,2.135
1749262693,2.14500000,540.81000000,2.135
1749262693,2.14600000,680.92000000,2.135
1749262693,2.14700000,1222.94000000,2.135
1749262693,2.14800000,453.57000000,2.135
1749262693,2.14900000,366.49000000,2.135
1749262693,2.15000000,1153.95000000,2.135
1749262693,2.15100000,228.53000000,2.135
1749262693,2.15200000,57073.39000000,2.135
1749262693,2.15300000,1238.79000000,2.135
1749262693,2.15400000,69.58000000,2.135
1749262693,2.15500000,369.43000000,2.135
1749262693,2.15600000,1148.28000000,2.135
1749262693,2.15700000,1092.35000000,2.135
1749262693,2.15800000,362.96000000,2.135
1749262693,2.15900000,1154.12000000,2.135
1749262693,2.16000000,225.00000000,2.135
1749262693,2.16100000,362.96000000,2.135
1749262693,2.16200000,1144.76000000,2.135
1749262693,2.16300000,5.63000000,2.135
1749262693,2.16400000,2516.65000000,2.135
1749262693,2.16500000,1032.32000000,2.135
1749262693,2.16700000,140.73000000,2.135
1749262693,2.16800000,919.76000000,2.135
1749262693,2.17000000,1120.83000000,2.135
1749262693,2.17500000,1603.43000000,2.135
1749262693,2.17600000,5.60000000,2.135
1749262693,2.18200000,2.57000000,2.135
1749262693,2.18500000,2.91000000,2.135
1749262693,2.18700000,108.72000000,2.135
1749262693,2.18800000,3.00000000,2.135
1749262693,2.18900000,5.56000000,2.135
1749262693,2.19400000,3.00000000,2.135
1749262693,2.20000000,344.50000000,2.135
1749262693,2.20100000,121.48000000,2.135
1749262693,2.20200000,447.09000000,2.135
1749262693,2.20500000,907.67000000,2.135
1749262693,2.20800000,197.27000000,2.135
1749262693,2.21000000,383.94000000,2.135
1749262693,2.21100000,2.71000000,2.135
1749262693,2.21300000,5.76000000,2.135
1749262693,2.21500000,33.45000000,2.135
1749262693,2.21600000,7.13000000,2.135
1749262693,2.21700000,23.97000000,2.135
1749262693,2.21800000,394.11000000,2.135
1749262693,2.22000000,900.90000000,2.135
1749262693,2.22400000,33.11000000,2.135
1749262693,2.22600000,427.37000000,2.135
1749262693,2.22700000,5.76000000,2.135
1749262693,2.22800000,202.73000000,2.135
1749262693,2.23000000,5.08000000,2.135
1749262693,2.23200000,2.87000000,2.135
1749262693,2.23300000,6.09000000,2.135
1749262693,2.23500000,116.26000000,2.135
1749262693,2.23600000,3.58000000,2.135
1749262693,2.24100000,5.76000000,2.135
1749262693,2.24700000,2.83000000,2.135
1749262693,2.24800000,8.58000000,2.135
1749262693,2.25000000,737.54000000,2.135
1749262693,2.25100000,2.35000000,2.135
1749262693,2.25300000,23.51000000,2.135
1749262693,2.25400000,5.76000000,2.135
1749262693,2.25500000,9.43000000,2.135
1749262693,2.25700000,112.20000000,2.135
1749262693,2.26300000,5.90000000,2.135
1749262693,2.26800000,5.76000000,2.135
1749262693,2.27400000,3.52000000,2.135
1749262693,2.27700000,18.18000000,2.135
1749262693,2.27800000,2.79000000,2.135
1749262693,2.28000000,4.39000000,2.135
1749262693,2.28200000,5.76000000,2.135
1749262693,2.28800000,3.00000000,2.135
1749262693,2.28900000,2.45000000,2.135
1749262693,2.29000000,64.70000000,2.135
1749262693,2.29300000,2.78000000,2.135
1749262693,2.29500000,5.76000000,2.135
1749262693,2.29900000,375.34000000,2.135
1749262693,2.30000000,121.08000000,2.135
1749262693,2.30600000,3.00000000,2.135
1749262693,2.30800000,3.47000000,2.135
1749262693,2.30900000,5.76000000,2.135
1749262693,2.31000000,951.42000000,2.135
1749262693,2.31400000,19.40000000,2.135
1749262693,2.32100000,2097.23000000,2.135
1749262693,2.32300000,5.76000000,2.135
1749262693,2.32500000,18.18000000,2.135
1749262693,2.32700000,4.90000000,2.135
1749262693,2.33300000,3.00000000,2.135
1749262693,2.33500000,2.18000000,2.135
1749262693,2.33700000,5.76000000,2.135
1749262693,2.34000000,4.31000000,2.135
1749262693,2.34300000,16.37000000,2.135
1749263002,2.13400000,475.29000000,2.133
1749263002,2.13500000,1436.89000000,2.133
1749263002,2.13600000,2309.38000000,2.133
1749263002,2.13700000,2984.90000000,2.133
1749263002,2.13800000,3918.64000000,2.133
1749263002,2.13900000,991.25000000,2.133
1749263002,2.14000000,1094.69000000,2.133
1749263002,2.14100000,2133.72000000,2.133
1749263002,2.14200000,38422.11000000,2.133
1749263002,2.14300000,515.38000000,2.133
1749263002,2.14400000,1317.43000000,2.133
1749263002,2.14500000,540.75000000,2.133
1749263002,2.14600000,370.01000000,2.133
1749263002,2.14700000,1222.94000000,2.133
1749263002,2.14800000,56876.05000000,2.133
1749263002,2.14900000,366.49000000,2.133
1749263002,2.15000000,1153.95000000,2.133
1749263002,2.15100000,228.53000000,2.133
1749263002,2.15200000,437.23000000,2.133
1749263002,2.15300000,2118.35000000,2.133
1749263002,2.15400000,294.58000000,2.133
1749263002,2.15500000,369.43000000,2.133
1749263002,2.15600000,1148.28000000,2.133
1749263002,2.15800000,362.96000000,2.133
1749263002,2.15900000,1154.12000000,2.133
1749263002,2.16100000,362.96000000,2.133
1749263002,2.16200000,1144.76000000,2.133
1749263002,2.16300000,5.63000000,2.133
1749263002,2.16400000,2291.65000000,2.133
1749263002,2.16500000,1032.32000000,2.133
1749263002,2.16700000,140.73000000,2.133
1749263002,2.16800000,919.76000000,2.133
1749263002,2.17000000,1120.83000000,2.133
1749263002,2.17500000,1603.43000000,2.133
1749263002,2.17600000,5.60000000,2.133
1749263002,2.18200000,2.57000000,2.133
1749263002,2.18500000,2.91000000,2.133
1749263002,2.18700000,108.72000000,2.133
1749263002,2.18800000,3.00000000,2.133
1749263002,2.18900000,5.56000000,2.133
1749263002,2.19400000,3.00000000,2.133
1749263002,2.20000000,344.50000000,2.133
1749263002,2.20100000,121.48000000,2.133
1749263002,2.20200000,447.09000000,2.133
1749263002,2.20500000,907.67000000,2.133
1749263002,2.20800000,197.27000000,2.133
1749263002,2.21000000,383.94000000,2.133
1749263002,2.21100000,2.71000000,2.133
1749263002,2.21300000,5.76000000,2.133
1749263002,2.21500000,33.45000000,2.133
1749263002,2.21600000,7.13000000,2.133
1749263002,2.21700000,23.97000000,2.133
1749263002,2.21800000,394.11000000,2.133
1749263002,2.22000000,900.90000000,2.133
1749263002,2.22200000,33.11000000,2.133
1749263002,2.22600000,427.37000000,2.133
1749263002,2.22700000,5.76000000,2.133
1749263002,2.22800000,202.73000000,2.133
1749263002,2.23000000,5.08000000,2.133
1749263002,2.23200000,2.87000000,2.133
1749263002,2.23300000,6.09000000,2.133
1749263002,2.23500000,116.26000000,2.133
1749263002,2.23600000,3.58000000,2.133
1749263002,2.24100000,5.76000000,2.133
1749263002,2.24700000,2.83000000,2.133
1749263002,2.24800000,8.58000000,2.133
1749263002,2.25000000,737.54000000,2.133
1749263002,2.25100000,2.35000000,2.133
1749263002,2.25300000,23.51000000,2.133
1749263002,2.25400000,5.76000000,2.133
1749263002,2.25500000,9.43000000,2.133
1749263002,2.25700000,112.20000000,2.133
1749263002,2.26300000,5.90000000,2.133
1749263002,2.26600000,115.92000000,2.133
1749263002,2.26800000,5.76000000,2.133
1749263002,2.27400000,3.52000000,2.133
1749263002,2.27700000,18.18000000,2.133
1749263002,2.27800000,2.79000000,2.133
1749263002,2.28000000,4.39000000,2.133
1749263002,2.28200000,5.76000000,2.133
1749263002,2.28800000,3.00000000,2.133
1749263002,2.28900000,2.45000000,2.133
1749263002,2.29000000,64.70000000,2.133
1749263002,2.29300000,2.78000000,2.133
1749263002,2.29500000,5.76000000,2.133
1749263002,2.29900000,375.34000000,2.133
1749263002,2.30000000,121.08000000,2.133
1749263002,2.30600000,3.00000000,2.133
1749263002,2.30800000,3.47000000,2.133
1749263002,2.30900000,5.76000000,2.133
1749263002,2.31000000,951.42000000,2.133
1749263002,2.31400000,19.40000000,2.133
1749263002,2.32100000,2097.23000000,2.133
1749263002,2.32300000,5.76000000,2.133
1749263002,2.32500000,18.18000000,2.133
1749263002,2.32700000,4.90000000,2.133
1749263002,2.33300000,3.00000000,2.133
1749263002,2.33500000,2.18000000,2.133
1749263002,2.33700000,5.76000000,2.133
1749263002,2.34000000,4.31000000,2.133
1749263310,2.13800000,473.69000000,2.137
1749263310,2.13900000,1653.98000000,2.137
1749263310,2.14000000,1485.71000000,2.137
1749263310,2.14100000,3371.16000000,2.137
1749263310,2.14200000,2353.55000000,2.137
1749263310,2.14300000,2205.37000000,2.137
1749263310,2.14400000,1383.64000000,2.137
1749263310,2.14500000,523.04000000,2.137
1749263310,2.14600000,584.88000000,2.137
1749263310,2.14700000,39317.34000000,2.137
1749263310,2.14800000,965.01000000,2.137
1749263310,2.14900000,515.09000000,2.137
1749263310,2.15000000,1317.34000000,2.137
1749263310,2.15100000,228.53000000,2.137
1749263310,2.15200000,19211.13000000,2.137
1749263310,2.15300000,1148.28000000,2.137
1749263310,2.15400000,294.58000000,2.137
1749263310,2.15500000,369.43000000,2.137
1749263310,2.15600000,38817.04000000,2.137
1749263310,2.15700000,3.52000000,2.137
1749263310,2.15800000,1234.65000000,2.137
1749263310,2.15900000,1248.14000000,2.137
1749263310,2.16100000,362.96000000,2.137
1749263310,2.16200000,1144.76000000,2.137
1749263310,2.16300000,5.63000000,2.137
1749263310,2.16400000,381.76000000,2.137
1749263310,2.16500000,1167.06000000,2.137
1749263310,2.16700000,365.73000000,2.137
1749263310,2.16800000,1144.76000000,2.137
1749263310,2.17000000,3345.98000000,2.137
1749263310,2.17100000,459.88000000,2.137
1749263310,2.17600000,5.60000000,2.137
1749263310,2.18200000,2.57000000,2.137
1749263310,2.18400000,1568.95000000,2.137
1749263310,2.18500000,2.91000000,2.137
1749263310,2.18700000,108.72000000,2.137
1749263310,2.18800000,3.00000000,2.137
1749263310,2.18900000,5.56000000,2.137
1749263310,2.19400000,3.00000000,2.137
1749263310,2.20000000,344.50000000,2.137
1749263310,2.20100000,121.48000000,2.137
1749263310,2.20200000,447.09000000,2.137
1749263310,2.20500000,907.67000000,2.137
1749263310,2.20800000,197.27000000,2.137
1749263310,2.21000000,383.94000000,2.137
1749263310,2.21100000,2.71000000,2.137
1749263310,2.21300000,5.76000000,2.137
1749263310,2.21500000,33.45000000,2.137
1749263310,2.21600000,7.13000000,2.137
1749263310,2.21700000,23.97000000,2.137
1749263310,2.21800000,394.11000000,2.137
1749263310,2.22000000,900.90000000,2.137
1749263310,2.22200000,33.11000000,2.137
1749263310,2.22600000,427.37000000,2.137
1749263310,2.22700000,5.76000000,2.137
1749263310,2.22800000,202.73000000,2.137
1749263310,2.23000000,5.08000000,2.137
1749263310,2.23200000,2.87000000,2.137
1749263310,2.23300000,6.09000000,2.137
1749263310,2.23500000,116.26000000,2.137
1749263310,2.23600000,3.58000000,2.137
1749263310,2.24100000,5.76000000,2.137
1749263310,2.24700000,2.83000000,2.137
1749263310,2.24800000,8.58000000,2.137
1749263310,2.25000000,737.54000000,2.137
1749263310,2.25100000,2.35000000,2.137
1749263310,2.25300000,23.51000000,2.137
1749263310,2.25400000,5.76000000,2.137
1749263310,2.25500000,9.43000000,2.137
1749263310,2.25700000,112.20000000,2.137
1749263310,2.26300000,5.90000000,2.137
1749263310,2.26600000,115.92000000,2.137
1749263310,2.26800000,5.76000000,2.137
1749263310,2.27400000,3.52000000,2.137
1749263310,2.27700000,18.18000000,2.137
1749263310,2.27800000,2.79000000,2.137
1749263310,2.28000000,4.39000000,2.137
1749263310,2.28200000,5.76000000,2.137
1749263310,2.28800000,3.00000000,2.137
1749263310,2.28900000,2.45000000,2.137
1749263310,2.29000000,64.70000000,2.137
1749263310,2.29300000,2.78000000,2.137
1749263310,2.29500000,5.76000000,2.137
1749263310,2.29900000,375.34000000,2.137
1749263310,2.30000000,121.08000000,2.137
1749263310,2.30600000,3.00000000,2.137
1749263310,2.30800000,3.47000000,2.137
1749263310,2.30900000,5.76000000,2.137
1749263310,2.31000000,951.42000000,2.137
1749263310,2.31400000,19.40000000,2.137
1749263310,2.32100000,2097.23000000,2.137
1749263310,2.32300000,5.76000000,2.137
1749263310,2.32500000,18.18000000,2.137
1749263310,2.32700000,4.90000000,2.137
1749263310,2.33300000,3.00000000,2.137
1749263310,2.33500000,2.18000000,2.137
1749263310,2.33700000,5.76000000,2.137
1749263310,2.34000000,4.31000000,2.137
1749263310,2.34300000,16.37000000,2.137
1749263310,2.34500000,1315.22000000,2.137
1749263612,2.13600000,308.00000000,2.136
1749263612,2.13700000,1836.31000000,2.136
1749263612,2.13800000,2332.17000000,2.136
1749263612,2.13900000,2798.81000000,2.136
1749263612,2.14000000,2366.13000000,2.136
1749263612,2.14100000,3080.33000000,2.136
1749263612,2.14200000,1040.38000000,2.136
1749263612,2.14300000,584.12000000,2.136
1749263612,2.14400000,1296.98000000,2.136
1749263612,2.14500000,38780.61000000,2.136
1749263612,2.14600000,680.98000000,2.136
1749263612,2.14700000,1648.58000000,2.136
1749263612,2.14800000,457.08000000,2.136
1749263612,2.14900000,370.00000000,2.136
1749263612,2.15000000,1153.95000000,2.136
1749263612,2.15100000,228.53000000,2.136
1749263612,2.15200000,57210.63000000,2.136
1749263612,2.15300000,1148.28000000,2.136
1749263612,2.15400000,294.58000000,2.136
1749263612,2.15500000,369.43000000,2.136
1749263612,2.15600000,1148.28000000,2.136
1749263612,2.15700000,1102.44000000,2.136
1749263612,2.15800000,366.47000000,2.136
1749263612,2.15900000,1248.14000000,2.136
1749263612,2.16100000,362.96000000,2.136
1749263612,2.16200000,1144.76000000,2.136
1749263612,2.16300000,5.63000000,2.136
1749263612,2.16400000,381.76000000,2.136
1749263612,2.16500000,1257.32000000,2.136
1749263612,2.16700000,140.73000000,2.136
1749263612,2.16800000,919.76000000,2.136
1749263612,2.17000000,3255.72000000,2.136
1749263612,2.17100000,459.88000000,2.136
1749263612,2.17600000,5.60000000,2.136
1749263612,2.18200000,2.57000000,2.136
1749263612,2.18400000,1568.95000000,2.136
1749263612,2.18500000,2.91000000,2.136
1749263612,2.18700000,108.72000000,2.136
1749263612,2.18800000,3.00000000,2.136
1749263612,2.18900000,5.56000000,2.136
1749263612,2.19400000,3.00000000,2.136
1749263612,2.20000000,344.50000000,2.136
1749263612,2.20100000,121.48000000,2.136
1749263612,2.20200000,447.09000000,2.136
1749263612,2.20500000,907.67000000,2.136
1749263612,2.20800000,197.27000000,2.136
1749263612,2.21000000,383.94000000,2.136
1749263612,2.21100000,2.71000000,2.136
1749263612,2.21300000,5.76000000,2.136
1749263612,2.21500000,33.45000000,2.136
1749263612,2.21600000,7.13000000,2.136
1749263612,2.21700000,23.97000000,2.136
1749263612,2.21800000,394.11000000,2.136
1749263612,2.22000000,900.90000000,2.136
1749263612,2.22400000,33.11000000,2.136
1749263612,2.22600000,427.37000000,2.136
1749263612,2.22700000,5.76000000,2.136
1749263612,2.22800000,202.73000000,2.136
1749263612,2.23000000,5.08000000,2.136
1749263612,2.23200000,2.87000000,2.136
1749263612,2.23300000,6.09000000,2.136
1749263612,2.23500000,116.26000000,2.136
1749263612,2.23600000,3.58000000,2.136
1749263612,2.24100000,5.76000000,2.136
1749263612,2.24700000,2.83000000,2.136
1749263612,2.24800000,8.58000000,2.136
1749263612,2.25000000,737.54000000,2.136
1749263612,2.25100000,2.35000000,2.136
1749263612,2.25300000,23.51000000,2.136
1749263612,2.25400000,5.76000000,2.136
1749263612,2.25500000,9.43000000,2.136
1749263612,2.25700000,112.20000000,2.136
1749263612,2.26300000,5.90000000,2.136
1749263612,2.26600000,115.92000000,2.136
1749263612,2.26800000,5.76000000,2.136
1749263612,2.27400000,3.52000000,2.136
1749263612,2.27700000,18.18000000,2.136
1749263612,2.27800000,2.79000000,2.136
1749263612,2.28000000,4.39000000,2.136
1749263612,2.28200000,5.76000000,2.136
1749263612,2.28800000,3.00000000,2.136
1749263612,2.28900000,2.45000000,2.136
1749263612,2.29000000,64.70000000,2.136
1749263612,2.29300000,2.78000000,2.136
1749263612,2.29500000,5.76000000,2.136
1749263612,2.29900000,375.34000000,2.136
1749263612,2.30000000,121.08000000,2.136
1749263612,2.30600000,3.00000000,2.136
1749263612,2.30800000,3.47000000,2.136
1749263612,2.30900000,5.76000000,2.136
1749263612,2.31000000,951.42000000,2.136
1749263612,2.31400000,19.40000000,2.136
1749263612,2.32100000,2097.23000000,2.136
1749263612,2.32300000,5.76000000,2.136
1749263612,2.32500000,18.18000000,2.136
1749263612,2.32700000,4.90000000,2.136
1749263612,2.33300000,3.00000000,2.136
1749263612,2.33500000,2.18000000,2.136
1749263612,2.33700000,5.76000000,2.136
1749263612,2.34000000,4.31000000,2.136
1749263914,2.14300000,921.54000000,2.142
1749263914,2.14400000,1308.30000000,2.142
1749263914,2.14500000,2240.26000000,2.142
1749263914,2.14600000,2165.22000000,2.142
1749263914,2.14700000,4711.50000000,2.142
1749263914,2.14800000,968.69000000,2.142
1749263914,2.14900000,593.44000000,2.142
1749263914,2.15000000,1304.65000000,2.142
1749263914,2.15100000,38596.58000000,2.142
1749263914,2.15200000,514.88000000,2.142
1749263914,2.15300000,1575.42000000,2.142
1749263914,2.15400000,608.44000000,2.142
1749263914,2.15500000,596.35000000,2.142
1749263914,2.15600000,1148.28000000,2.142
1749263914,2.15700000,228.52000000,2.142
1749263914,2.15800000,366.47000000,2.142
1749263914,2.15900000,1248.14000000,2.142
1749263914,2.16000000,57031.67000000,2.142
1749263914,2.16100000,366.47000000,2.142
1749263914,2.16200000,1148.27000000,2.142
1749263914,2.16300000,304.89000000,2.142
1749263914,2.16400000,385.26000000,2.142
1749263914,2.16500000,1147.11000000,2.142
1749263914,2.16600000,856.86000000,2.142
1749263914,2.16700000,365.73000000,2.142
1749263914,2.16800000,1144.76000000,2.142
1749263914,2.17000000,1486.14000000,2.142
1749263914,2.17100000,1167.06000000,2.142
1749263914,2.17300000,362.96000000,2.142
1749263914,2.17400000,919.76000000,2.142
1749263914,2.17500000,92.60000000,2.142
1749263914,2.17600000,2140.49000000,2.142
1749263914,2.18000000,2.33000000,2.142
1749263914,2.18200000,2.57000000,2.142
1749263914,2.18400000,1568.95000000,2.142
1749263914,2.18500000,2.91000000,2.142
1749263914,2.18800000,3.00000000,2.142
1749263914,2.18900000,5.56000000,2.142
1749263914,2.19300000,108.72000000,2.142
1749263914,2.19400000,3.00000000,2.142
1749263914,2.20000000,344.50000000,2.142
1749263914,2.20100000,121.48000000,2.142
1749263914,2.20200000,5.53000000,2.142
1749263914,2.20500000,799.71000000,2.142
1749263914,2.20800000,441.56000000,2.142
1749263914,2.21000000,383.94000000,2.142
1749263914,2.21100000,107.96000000,2.142
1749263914,2.21300000,5.76000000,2.142
1749263914,2.21500000,33.45000000,2.142
1749263914,2.21600000,7.13000000,2.142
1749263914,2.21700000,23.97000000,2.142
1749263914,2.21800000,394.11000000,2.142
1749263914,2.21900000,197.27000000,2.142
1749263914,2.22000000,900.90000000,2.142
1749263914,2.22400000,33.11000000,2.142
1749263914,2.22700000,5.76000000,2.142
1749263914,2.22800000,5.46000000,2.142
1749263914,2.23000000,5.08000000,2.142
1749263914,2.23100000,142.55000000,2.142
1749263914,2.23200000,430.24000000,2.142
1749263914,2.23300000,2.51000000,2.142
1749263914,2.23600000,3.58000000,2.142
1749263914,2.24000000,197.27000000,2.142
1749263914,2.24100000,122.02000000,2.142
1749263914,2.24700000,2.83000000,2.142
1749263914,2.24800000,8.58000000,2.142
1749263914,2.25000000,302.23000000,2.142
1749263914,2.25100000,2.35000000,2.142
1749263914,2.25300000,23.51000000,2.142
1749263914,2.25400000,5.76000000,2.142
1749263914,2.25500000,5.00000000,2.142
1749263914,2.25600000,435.31000000,2.142
1749263914,2.26300000,115.01000000,2.142
1749263914,2.26600000,115.92000000,2.142
1749263914,2.26800000,5.76000000,2.142
1749263914,2.27700000,18.18000000,2.142
1749263914,2.27800000,2.79000000,2.142
1749263914,2.28000000,4.39000000,2.142
1749263914,2.28200000,5.76000000,2.142
1749263914,2.28800000,3.00000000,2.142
1749263914,2.28900000,2.45000000,2.142
1749263914,2.29000000,64.70000000,2.142
1749263914,2.29300000,2.78000000,2.142
1749263914,2.29500000,5.76000000,2.142
1749263914,2.29900000,375.34000000,2.142
1749263914,2.30000000,121.08000000,2.142
1749263914,2.30600000,3.00000000,2.142
1749263914,2.30900000,5.76000000,2.142
1749263914,2.31000000,951.42000000,2.142
1749263914,2.31400000,19.40000000,2.142
1749263914,2.32100000,2097.23000000,2.142
1749263914,2.32300000,5.76000000,2.142
1749263914,2.32500000,18.18000000,2.142
1749263914,2.32700000,4.90000000,2.142
1749263914,2.33300000,3.00000000,2.142
1749263914,2.33500000,2.18000000,2.142
1749263914,2.33700000,5.76000000,2.142
1749263914,2.34000000,4.31000000,2.142
1749263914,2.34300000,16.37000000,2.142
1749263914,2.34500000,1315.22000000,2.142
1749264215,2.14100000,1117.77000000,2.14
1749264215,2.14200000,1809.91000000,2.14
1749264215,2.14300000,3465.15000000,2.14
1749264215,2.14400000,2837.00000000,2.14
1749264215,2.14500000,4326.93000000,2.14
1749264215,2.14600000,1066.74000000,2.14
1749264215,2.14700000,1798.14000000,2.14
1749264215,2.14800000,495.94000000,2.14
1749264215,2.14900000,38568.82000000,2.14
1749264215,2.15000000,1505.57000000,2.14
1749264215,2.15100000,540.32000000,2.14
1749264215,2.15200000,680.42000000,2.14
1749264215,2.15300000,1226.44000000,2.14
1749264215,2.15400000,298.08000000,2.14
1749264215,2.15500000,375.29000000,2.14
1749264215,2.15600000,58292.60000000,2.14
1749264215,2.15700000,228.52000000,2.14
1749264215,2.15800000,366.47000000,2.14
1749264215,2.15900000,1248.14000000,2.14
1749264215,2.16000000,5.87000000,2.14
1749264215,2.16100000,1230.41000000,2.14
1749264215,2.16200000,1148.27000000,2.14
1749264215,2.16300000,304.89000000,2.14
1749264215,2.16400000,385.26000000,2.14
1749264215,2.16500000,1150.61000000,2.14
1749264215,2.16600000,225.00000000,2.14
1749264215,2.16700000,365.73000000,2.14
1749264215,2.16800000,1144.76000000,2.14
1749264215,2.17000000,1351.40000000,2.14
1749264215,2.17100000,942.06000000,2.14
1749264215,2.17300000,137.96000000,2.14
1749264215,2.17400000,919.76000000,2.14
1749264215,2.17500000,2137.23000000,2.14
1749264215,2.17600000,143.56000000,2.14
1749264215,2.17700000,459.88000000,2.14
1749264215,2.18000000,2.33000000,2.14
1749264215,2.18200000,2.57000000,2.14
1749264215,2.18400000,1568.95000000,2.14
1749264215,2.18500000,5.24000000,2.14
1749264215,2.18800000,3.00000000,2.14
1749264215,2.18900000,5.56000000,2.14
1749264215,2.19000000,2.32000000,2.14
1749264215,2.19300000,111.05000000,2.14
1749264215,2.19400000,3.00000000,2.14
1749264215,2.19500000,2.32000000,2.14
1749264215,2.20000000,346.81000000,2.14
1749264215,2.20100000,121.48000000,2.14
1749264215,2.20200000,5.53000000,2.14
1749264215,2.20500000,799.71000000,2.14
1749264215,2.20800000,441.56000000,2.14
1749264215,2.21000000,383.94000000,2.14
1749264215,2.21100000,107.96000000,2.14
1749264215,2.21300000,5.76000000,2.14
1749264215,2.21500000,33.45000000,2.14
1749264215,2.21600000,7.13000000,2.14
1749264215,2.21700000,23.97000000,2.14
1749264215,2.21800000,394.11000000,2.14
1749264215,2.21900000,197.27000000,2.14
1749264215,2.22000000,900.90000000,2.14
1749264215,2.22100000,33.11000000,2.14
1749264215,2.22700000,5.76000000,2.14
1749264215,2.22800000,5.46000000,2.14
1749264215,2.23000000,5.08000000,2.14
1749264215,2.23100000,142.55000000,2.14
1749264215,2.23200000,430.24000000,2.14
1749264215,2.23300000,2.51000000,2.14
1749264215,2.23500000,116.26000000,2.14
1749264215,2.23600000,3.58000000,2.14
1749264215,2.24000000,197.27000000,2.14
1749264215,2.24100000,5.76000000,2.14
1749264215,2.24700000,2.83000000,2.14
1749264215,2.24800000,8.58000000,2.14
1749264215,2.25000000,302.23000000,2.14
1749264215,2.25100000,2.35000000,2.14
1749264215,2.25300000,23.51000000,2.14
1749264215,2.25400000,5.76000000,2.14
1749264215,2.25500000,5.00000000,2.14
1749264215,2.25600000,435.31000000,2.14
1749264215,2.25700000,112.20000000,2.14
1749264215,2.26300000,2.81000000,2.14
1749264215,2.26600000,115.92000000,2.14
1749264215,2.26800000,5.76000000,2.14
1749264215,2.27700000,18.18000000,2.14
1749264215,2.27800000,2.79000000,2.14
1749264215,2.28000000,4.39000000,2.14
1749264215,2.28200000,5.76000000,2.14
1749264215,2.28800000,3.00000000,2.14
1749264215,2.28900000,2.45000000,2.14
1749264215,2.29000000,64.70000000,2.14
1749264215,2.29300000,2.78000000,2.14
1749264215,2.29500000,5.76000000,2.14
1749264215,2.29900000,375.34000000,2.14
1749264215,2.30000000,121.08000000,2.14
1749264215,2.30600000,3.00000000,2.14
1749264215,2.30900000,5.76000000,2.14
1749264215,2.31000000,951.42000000,2.14
1749264215,2.31400000,19.40000000,2.14
1749264215,2.32100000,2097.23000000,2.14
1749264215,2.32300000,5.76000000,2.14
1749264215,2.32500000,18.18000000,2.14
1749264517,2.14500000,1231.30000000,2.144
1749264517,2.14600000,1131.92000000,2.144
1749264517,2.14700000,2915.70000000,2.144
1749264517,2.14800000,3299.90000000,2.144
1749264517,2.14900000,1008.14000000,2.144
1749264517,2.15000000,1390.56000000,2.144
1749264517,2.15100000,948.53000000,2.144
1749264517,2.15200000,582.47000000,2.144
1749264517,2.15300000,39120.72000000,2.144
1749264517,2.15400000,993.31000000,2.144
1749264517,2.15500000,599.79000000,2.144
1749264517,2.15600000,1148.28000000,2.144
1749264517,2.15700000,228.52000000,2.144
1749264517,2.15800000,529.86000000,2.144
1749264517,2.15900000,1248.14000000,2.144
1749264517,2.16000000,57018.08000000,2.144
1749264517,2.16100000,366.47000000,2.144
1749264517,2.16200000,1148.27000000,2.144
1749264517,2.16300000,304.89000000,2.144
1749264517,2.16400000,385.26000000,2.144
1749264517,2.16500000,2013.99000000,2.144
1749264517,2.16600000,225.00000000,2.144
1749264517,2.16700000,365.73000000,2.144
1749264517,2.16800000,1144.76000000,2.144
1749264517,2.17000000,1486.14000000,2.144
1749264517,2.17100000,1167.06000000,2.144
1749264517,2.17300000,362.96000000,2.144
1749264517,2.17400000,919.76000000,2.144
1749264517,2.17500000,2227.49000000,2.144
1749264517,2.17600000,143.56000000,2.144
1749264517,2.17700000,459.88000000,2.144
1749264517,2.18000000,2.33000000,2.144
1749264517,2.18200000,2.57000000,2.144
1749264517,2.18400000,1568.95000000,2.144
1749264517,2.18500000,9.36000000,2.144
1749264517,2.18800000,3.00000000,2.144
1749264517,2.18900000,5.56000000,2.144
1749264517,2.19000000,2.32000000,2.144
1749264517,2.19300000,111.05000000,2.144
1749264517,2.19400000,3.00000000,2.144
1749264517,2.19500000,2.32000000,2.144
1749264517,2.20000000,346.81000000,2.144
1749264517,2.20100000,121.48000000,2.144
1749264517,2.20200000,5.53000000,2.144
1749264517,2.20500000,799.71000000,2.144
1749264517,2.20800000,441.56000000,2.144
1749264517,2.21000000,383.94000000,2.144
1749264517,2.21100000,107.96000000,2.144
1749264517,2.21300000,5.76000000,2.144
1749264517,2.21500000,33.45000000,2.144
1749264517,2.21600000,7.13000000,2.144
1749264517,2.21700000,23.97000000,2.144
1749264517,2.21800000,394.11000000,2.144
1749264517,2.21900000,197.27000000,2.144
1749264517,2.22000000,900.90000000,2.144
1749264517,2.22400000,33.11000000,2.144
1749264517,2.22700000,5.76000000,2.144
1749264517,2.22800000,10.85000000,2.144
1749264517,2.23000000,5.08000000,2.144
1749264517,2.23100000,142.55000000,2.144
1749264517,2.23200000,430.24000000,2.144
1749264517,2.23300000,2.51000000,2.144
1749264517,2.23600000,3.58000000,2.144
1749264517,2.24000000,197.27000000,2.144
1749264517,2.24100000,122.02000000,2.144
1749264517,2.24700000,2.83000000,2.144
1749264517,2.24800000,8.58000000,2.144
1749264517,2.25000000,302.23000000,2.144
1749264517,2.25100000,2.35000000,2.144
1749264517,2.25300000,23.51000000,2.144
1749264517,2.25400000,5.76000000,2.144
1749264517,2.25500000,5.00000000,2.144
1749264517,2.25600000,435.31000000,2.144
1749264517,2.25700000,112.20000000,2.144
1749264517,2.26300000,2.81000000,2.144
1749264517,2.26600000,115.92000000,2.144
1749264517,2.26800000,5.76000000,2.144
1749264517,2.27100000,6.61000000,2.144
1749264517,2.27700000,18.18000000,2.144
1749264517,2.27800000,2.79000000,2.144
1749264517,2.28000000,4.39000000,2.144
1749264517,2.28200000,5.76000000,2.144
1749264517,2.28800000,3.00000000,2.144
1749264517,2.28900000,2.45000000,2.144
1749264517,2.29000000,64.70000000,2.144
1749264517,2.29300000,2.78000000,2.144
1749264517,2.29500000,5.76000000,2.144
1749264517,2.29900000,375.34000000,2.144
1749264517,2.30000000,121.08000000,2.144
1749264517,2.30600000,3.00000000,2.144
1749264517,2.30900000,5.76000000,2.144
1749264517,2.31000000,951.42000000,2.144
1749264517,2.31400000,19.40000000,2.144
1749264517,2.32100000,2097.23000000,2.144
1749264517,2.32300000,5.76000000,2.144
1749264517,2.32500000,18.18000000,2.144
1749264517,2.32700000,4.90000000,2.144
1749264517,2.33300000,3.00000000,2.144
1749264517,2.33500000,2.18000000,2.144
1749264517,2.33700000,5.76000000,2.144
1749264818,2.15000000,390.93000000,2.149
1749264818,2.15100000,1287.72000000,2.149
1749264818,2.15200000,1652.22000000,2.149
1749264818,2.15300000,2231.65000000,2.149
1749264818,2.15400000,1879.81000000,2.149
1749264818,2.15500000,1597.69000000,2.149
1749264818,2.15600000,1296.13000000,2.149
1749264818,2.15700000,483.57000000,2.149
1749264818,2.15800000,38766.46000000,2.149
1749264818,2.15900000,1235.78000000,2.149
1749264818,2.16000000,583.15000000,2.149
1749264818,2.16100000,510.75000000,2.149
1749264818,2.16200000,1228.08000000,2.149
1749264818,2.16300000,449.17000000,2.149
1749264818,2.16400000,38214.80000000,2.149
1749264818,2.16500000,1150.61000000,2.149
1749264818,2.16600000,19098.91000000,2.149
1749264818,2.16700000,366.46000000,2.149
1749264818,2.16800000,1148.26000000,2.149
1749264818,2.16900000,3.50000000,2.149
1749264818,2.17000000,2344.65000000,2.149
1749264818,2.17100000,1235.27000000,2.149
1749264818,2.17300000,362.96000000,2.149
1749264818,2.17400000,1144.76000000,2.149
1749264818,2.17500000,227.34000000,2.149
1749264818,2.17600000,368.56000000,2.149
1749264818,2.17700000,1167.06000000,2.149
1749264818,2.17900000,362.96000000,2.149
1749264818,2.18000000,3147.24000000,2.149
1749264818,2.18200000,2.57000000,2.149
1749264818,2.18500000,9.36000000,2.149
1749264818,2.18800000,3.00000000,2.149
1749264818,2.18900000,5.56000000,2.149
1749264818,2.19000000,2.32000000,2.149
1749264818,2.19300000,1569.88000000,2.149
1749264818,2.19400000,3.00000000,2.149
1749264818,2.19500000,2.32000000,2.149
1749264818,2.19900000,108.72000000,2.149
1749264818,2.20000000,346.81000000,2.149
1749264818,2.20100000,121.48000000,2.149
1749264818,2.20200000,5.53000000,2.149
1749264818,2.20500000,799.71000000,2.149
1749264818,2.21000000,379.87000000,2.149
1749264818,2.21300000,5.76000000,2.149
1749264818,2.21400000,441.56000000,2.149
1749264818,2.21500000,33.45000000,2.149
1749264818,2.21600000,7.13000000,2.149
1749264818,2.21700000,131.93000000,2.149
1749264818,2.21800000,394.11000000,2.149
1749264818,2.21900000,197.27000000,2.149
1749264818,2.22000000,900.90000000,2.149
1749264818,2.22700000,5.76000000,2.149
1749264818,2.22800000,10.85000000,2.149
1749264818,2.22900000,33.11000000,2.149
1749264818,2.23000000,5.08000000,2.149
1749264818,2.23100000,142.55000000,2.149
1749264818,2.23200000,2.87000000,2.149
1749264818,2.23300000,2.51000000,2.149
1749264818,2.23800000,427.37000000,2.149
1749264818,2.24000000,197.27000000,2.149
1749264818,2.24100000,122.02000000,2.149
1749264818,2.24700000,2.83000000,2.149
1749264818,2.24800000,8.58000000,2.149
1749264818,2.25000000,302.23000000,2.149
1749264818,2.25100000,2.35000000,2.149
1749264818,2.25300000,18.18000000,2.149
1749264818,2.25400000,5.76000000,2.149
1749264818,2.25500000,5.00000000,2.149
1749264818,2.26200000,435.31000000,2.149
1749264818,2.26300000,115.01000000,2.149
1749264818,2.26600000,115.92000000,2.149
1749264818,2.26800000,5.76000000,2.149
1749264818,2.27100000,6.61000000,2.149
1749264818,2.27700000,18.18000000,2.149
1749264818,2.27800000,2.79000000,2.149
1749264818,2.28200000,5.76000000,2.149
1749264818,2.28800000,3.00000000,2.149
1749264818,2.28900000,2.45000000,2.149
1749264818,2.29000000,64.70000000,2.149
1749264818,2.29300000,2.78000000,2.149
1749264818,2.29500000,5.76000000,2.149
1749264818,2.29900000,375.34000000,2.149
1749264818,2.30000000,121.08000000,2.149
1749264818,2.30600000,3.00000000,2.149
1749264818,2.30900000,5.76000000,2.149
1749264818,2.31000000,951.42000000,2.149
1749264818,2.31400000,19.40000000,2.149
1749264818,2.32100000,2097.23000000,2.149
1749264818,2.32300000,5.76000000,2.149
1749264818,2.32500000,18.18000000,2.149
1749264818,2.32700000,4.90000000,2.149
1749264818,2.33300000,3.00000000,2.149
1749264818,2.33500000,2.18000000,2.149
1749264818,2.33700000,5.76000000,2.149
1749264818,2.34000000,4.31000000,2.149
1749264818,2.34300000,16.37000000,2.149
1749264818,2.34500000,1315.22000000,2.149
1749264818,2.34800000,2.18000000,2.149
1749264818,2.34900000,18.18000000,2.149
1749264818,2.35000000,453.40000000,2.149
1749265120,2.15300000,815.74000000,2.152
1749265120,2.15400000,1297.10000000,2.152
1749265120,2.15500000,3177.68000000,2.152
1749265120,2.15600000,1451.06000000,2.152
1749265120,2.15700000,1597.42000000,2.152
1749265120,2.15800000,680.99000000,2.152
1749265120,2.15900000,2263.85000000,2.152
1749265120,2.16000000,417.54000000,2.152
1749265120,2.16100000,38346.06000000,2.152
1749265120,2.16200000,1725.02000000,2.152
1749265120,2.16300000,381.91000000,2.152
1749265120,2.16400000,839.22000000,2.152
1749265120,2.16500000,1154.10000000,2.152
1749265120,2.16600000,391.89000000,2.152
1749265120,2.16700000,366.46000000,2.152
1749265120,2.16800000,38792.54000000,2.152
1749265120,2.16900000,18851.27000000,2.152
1749265120,2.17000000,1489.63000000,2.152
1749265120,2.17100000,1238.76000000,2.152
1749265120,2.17200000,3.49000000,2.152
1749265120,2.17300000,437.20000000,2.152
1749265120,2.17400000,2023.23000000,2.152
1749265120,2.17500000,230.83000000,2.152
1749265120,2.17600000,368.56000000,2.152
1749265120,2.17700000,1144.76000000,2.152
1749265120,2.17900000,362.96000000,2.152
1749265120,2.18000000,1147.09000000,2.152
1749265120,2.18200000,365.53000000,2.152
1749265120,2.18300000,1167.06000000,2.152
1749265120,2.18500000,237.58000000,2.152
1749265120,2.18600000,3054.65000000,2.152
1749265120,2.18800000,3.00000000,2.152
1749265120,2.18900000,5.56000000,2.152
1749265120,2.19000000,2.32000000,2.152
1749265120,2.19300000,1569.88000000,2.152
1749265120,2.19400000,3.00000000,2.152
1749265120,2.19500000,2.32000000,2.152
1749265120,2.20000000,346.81000000,2.152
1749265120,2.20100000,121.48000000,2.152
1749265120,2.20200000,5.53000000,2.152
1749265120,2.20500000,908.43000000,2.152
1749265120,2.21000000,379.87000000,2.152
1749265120,2.21300000,5.76000000,2.152
1749265120,2.21500000,33.45000000,2.152
1749265120,2.21600000,7.13000000,2.152
1749265120,2.21700000,23.97000000,2.152
1749265120,2.21800000,394.11000000,2.152
1749265120,2.22000000,1342.46000000,2.152
1749265120,2.22300000,107.96000000,2.152
1749265120,2.22700000,5.76000000,2.152
1749265120,2.22800000,10.85000000,2.152
1749265120,2.23000000,202.35000000,2.152
1749265120,2.23100000,175.66000000,2.152
1749265120,2.23200000,2.87000000,2.152
1749265120,2.23300000,2.51000000,2.152
1749265120,2.24100000,5.76000000,2.152
1749265120,2.24400000,427.37000000,2.152
1749265120,2.24700000,119.09000000,2.152
1749265120,2.24800000,8.58000000,2.152
1749265120,2.25000000,302.23000000,2.152
1749265120,2.25100000,199.62000000,2.152
1749265120,2.25300000,18.18000000,2.152
1749265120,2.25400000,5.76000000,2.152
1749265120,2.25500000,5.00000000,2.152
1749265120,2.26200000,435.31000000,2.152
1749265120,2.26300000,2.81000000,2.152
1749265120,2.26600000,115.92000000,2.152
1749265120,2.26800000,5.76000000,2.152
1749265120,2.26900000,112.20000000,2.152
1749265120,2.27100000,6.61000000,2.152
1749265120,2.27700000,18.18000000,2.152
1749265120,2.27800000,2.79000000,2.152
1749265120,2.28200000,5.76000000,2.152
1749265120,2.28800000,3.00000000,2.152
1749265120,2.28900000,2.45000000,2.152
1749265120,2.29000000,64.70000000,2.152
1749265120,2.29300000,2.78000000,2.152
1749265120,2.29500000,5.76000000,2.152
1749265120,2.29900000,375.34000000,2.152
1749265120,2.30000000,121.08000000,2.152
1749265120,2.30600000,3.00000000,2.152
1749265120,2.30900000,5.76000000,2.152
1749265120,2.31000000,951.42000000,2.152
1749265120,2.31400000,19.40000000,2.152
1749265120,2.32100000,2097.23000000,2.152
1749265120,2.32300000,5.76000000,2.152
1749265120,2.32500000,18.18000000,2.152
1749265120,2.32700000,4.90000000,2.152
1749265120,2.33300000,3.00000000,2.152
1749265120,2.33500000,2.18000000,2.152
1749265120,2.33700000,5.76000000,2.152
1749265120,2.34000000,4.31000000,2.152
1749265120,2.34300000,16.37000000,2.152
1749265120,2.34500000,1315.22000000,2.152
1749265120,2.34800000,2.18000000,2.152
1749265120,2.34900000,18.18000000,2.152
1749265120,2.35000000,453.40000000,2.152
1749265120,2.35200000,2.35000000,2.152
1749265120,2.35700000,8.58000000,2.152
1749265120,2.36100000,89.09000000,2.152
1749265421,2.15600000,364.66000000,2.155
1749265421,2.15700000,1205.57000000,2.155
1749265421,2.15800000,1853.78000000,2.155
1749265421,2.15900000,3124.43000000,2.155
1749265421,2.16000000,1251.55000000,2.155
1749265421,2.16100000,1210.07000000,2.155
1749265421,2.16200000,1375.45000000,2.155
1749265421,2.16300000,381.84000000,2.155
1749265421,2.16400000,38549.39000000,2.155
1749265421,2.16500000,1154.10000000,2.155
1749265421,2.16600000,705.06000000,2.155
1749265421,2.16700000,510.41000000,2.155
1749265421,2.16800000,1148.26000000,2.155
1749265421,2.16900000,372.31000000,2.155
1749265421,2.17000000,1489.63000000,2.155
1749265421,2.17100000,1238.76000000,2.155
1749265421,2.17200000,56393.86000000,2.155
1749265421,2.17300000,437.20000000,2.155
1749265421,2.17400000,1214.31000000,2.155
1749265421,2.17500000,230.83000000,2.155
1749265421,2.17600000,372.04000000,2.155
1749265421,2.17700000,1144.76000000,2.155
1749265421,2.17900000,1223.50000000,2.155
1749265421,2.18000000,1147.09000000,2.155
1749265421,2.18200000,365.53000000,2.155
1749265421,2.18300000,1167.06000000,2.155
1749265421,2.18500000,462.58000000,2.155
1749265421,2.18600000,3279.65000000,2.155
1749265421,2.18800000,3.00000000,2.155
1749265421,2.18900000,5.56000000,2.155
1749265421,2.19000000,2.32000000,2.155
1749265421,2.19300000,1569.88000000,2.155
1749265421,2.19400000,3.00000000,2.155
1749265421,2.19500000,2.32000000,2.155
1749265421,2.19900000,108.72000000,2.155
1749265421,2.20000000,346.81000000,2.155
1749265421,2.20100000,121.48000000,2.155
1749265421,2.20200000,5.53000000,2.155
1749265421,2.20500000,799.71000000,2.155
1749265421,2.21000000,379.87000000,2.155
1749265421,2.21300000,5.76000000,2.155
1749265421,2.21500000,33.45000000,2.155
1749265421,2.21600000,7.13000000,2.155
1749265421,2.21700000,23.97000000,2.155
1749265421,2.21800000,394.11000000,2.155
1749265421,2.22000000,1342.46000000,2.155
1749265421,2.22300000,107.96000000,2.155
1749265421,2.22700000,5.76000000,2.155
1749265421,2.22800000,10.85000000,2.155
1749265421,2.23000000,202.35000000,2.155
1749265421,2.23100000,175.66000000,2.155
1749265421,2.23200000,2.87000000,2.155
1749265421,2.23300000,2.51000000,2.155
1749265421,2.24100000,5.76000000,2.155
1749265421,2.24400000,427.37000000,2.155
1749265421,2.24700000,119.09000000,2.155
1749265421,2.24800000,8.58000000,2.155
1749265421,2.25000000,302.23000000,2.155
1749265421,2.25100000,199.62000000,2.155
1749265421,2.25300000,18.18000000,2.155
1749265421,2.25400000,5.76000000,2.155
1749265421,2.25500000,5.00000000,2.155
1749265421,2.26200000,435.31000000,2.155
1749265421,2.26300000,2.81000000,2.155
1749265421,2.26600000,115.92000000,2.155
1749265421,2.26800000,5.76000000,2.155
1749265421,2.26900000,112.20000000,2.155
1749265421,2.27100000,6.61000000,2.155
1749265421,2.27700000,18.18000000,2.155
1749265421,2.27800000,2.79000000,2.155
1749265421,2.28200000,5.76000000,2.155
1749265421,2.28800000,3.00000000,2.155
1749265421,2.28900000,2.45000000,2.155
1749265421,2.29000000,64.70000000,2.155
1749265421,2.29300000,2.78000000,2.155
1749265421,2.29500000,5.76000000,2.155
1749265421,2.29900000,375.34000000,2.155
1749265421,2.30000000,121.08000000,2.155
1749265421,2.30600000,3.00000000,2.155
1749265421,2.30900000,5.76000000,2.155
1749265421,2.31000000,951.42000000,2.155
1749265421,2.31400000,19.40000000,2.155
1749265421,2.32100000,2097.23000000,2.155
1749265421,2.32300000,5.76000000,2.155
1749265421,2.32500000,18.18000000,2.155
1749265421,2.32700000,4.90000000,2.155
1749265421,2.33300000,3.00000000,2.155
1749265421,2.33500000,2.18000000,2.155
1749265421,2.33700000,5.76000000,2.155
1749265421,2.34000000,4.31000000,2.155
1749265421,2.34300000,16.37000000,2.155
1749265421,2.34500000,1315.22000000,2.155
1749265421,2.34800000,2.18000000,2.155
1749265421,2.34900000,18.18000000,2.155
1749265421,2.35000000,453.40000000,2.155
1749265421,2.35200000,2.35000000,2.155
1749265421,2.35700000,8.58000000,2.155
1749265421,2.36100000,89.09000000,2.155
1749265421,2.36400000,5.76000000,2.155
1749265421,2.36600000,2.68000000,2.155
1749265727,2.15400000,1003.66000000,2.153
1749265727,2.15500000,1289.33000000,2.153
1749265727,2.15600000,1552.01000000,2.153
1749265727,2.15700000,2024.62000000,2.153
1749265727,2.15800000,2369.75000000,2.153
1749265727,2.15900000,4565.67000000,2.153
1749265727,2.16000000,2398.79000000,2.153
1749265727,2.16100000,2035.44000000,2.153
1749265727,2.16200000,758.73000000,2.153
1749265727,2.16300000,38967.46000000,2.153
1749265727,2.16400000,764.25000000,2.153
1749265727,2.16500000,1647.28000000,2.153
1749265727,2.16600000,433.99000000,2.153
1749265727,2.16700000,369.94000000,2.153
1749265727,2.16800000,1151.74000000,2.153
1749265727,2.16900000,311.79000000,2.153
1749265727,2.17000000,1493.11000000,2.153
1749265727,2.17100000,38853.58000000,2.153
1749265727,2.17200000,19018.54000000,2.153
1749265727,2.17300000,437.20000000,2.153
1749265727,2.17400000,1214.31000000,2.153
1749265727,2.17500000,230.83000000,2.153
1749265727,2.17600000,462.55000000,2.153
1749265727,2.17700000,1148.24000000,2.153
1749265727,2.17800000,3.48000000,2.153
1749265727,2.17900000,1226.98000000,2.153
1749265727,2.18000000,1150.57000000,2.153
1749265727,2.18100000,3.48000000,2.153
1749265727,2.18200000,365.53000000,2.153
1749265727,2.18300000,1144.76000000,2.153
1749265727,2.18500000,372.32000000,2.153
1749265727,2.18600000,1144.76000000,2.153
1749265727,2.18800000,456.22000000,2.153
1749265727,2.18900000,925.32000000,2.153
1749265727,2.19000000,24.62000000,2.153
1749265727,2.19100000,137.96000000,2.153
1749265727,2.19200000,3054.65000000,2.153
1749265727,2.19300000,2.33000000,2.153
1749265727,2.19400000,3.00000000,2.153
1749265727,2.19500000,2.32000000,2.153
1749265727,2.20000000,346.81000000,2.153
1749265727,2.20100000,121.48000000,2.153
1749265727,2.20200000,5.53000000,2.153
1749265727,2.20300000,1573.75000000,2.153
1749265727,2.20500000,108.72000000,2.153
1749265727,2.21000000,379.87000000,2.153
1749265727,2.21300000,5.76000000,2.153
1749265727,2.21500000,33.45000000,2.153
1749265727,2.21600000,7.13000000,2.153
1749265727,2.21700000,23.97000000,2.153
1749265727,2.21800000,394.11000000,2.153
1749265727,2.22000000,900.90000000,2.153
1749265727,2.22600000,441.56000000,2.153
1749265727,2.22700000,5.76000000,2.153
1749265727,2.22800000,43.96000000,2.153
1749265727,2.22900000,107.96000000,2.153
1749265727,2.23000000,202.35000000,2.153
1749265727,2.23100000,142.55000000,2.153
1749265727,2.23200000,2.87000000,2.153
1749265727,2.23300000,2.51000000,2.153
1749265727,2.24100000,5.76000000,2.153
1749265727,2.24700000,2.83000000,2.153
1749265727,2.24800000,8.58000000,2.153
1749265727,2.25000000,729.60000000,2.153
1749265727,2.25100000,199.62000000,2.153
1749265727,2.25300000,134.44000000,2.153
1749265727,2.25400000,5.76000000,2.153
1749265727,2.25500000,5.00000000,2.153
1749265727,2.26300000,2.81000000,2.153
1749265727,2.26600000,115.92000000,2.153
1749265727,2.26800000,441.07000000,2.153
1749265727,2.27100000,6.61000000,2.153
1749265727,2.27500000,112.20000000,2.153
1749265727,2.27700000,18.18000000,2.153
1749265727,2.27800000,2.79000000,2.153
1749265727,2.28200000,5.76000000,2.153
1749265727,2.28800000,3.00000000,2.153
1749265727,2.28900000,2.45000000,2.153
1749265727,2.29000000,64.70000000,2.153
1749265727,2.29300000,2.78000000,2.153
1749265727,2.29500000,5.76000000,2.153
1749265727,2.29900000,375.34000000,2.153
1749265727,2.30000000,121.08000000,2.153
1749265727,2.30600000,3.00000000,2.153
1749265727,2.30900000,5.76000000,2.153
1749265727,2.31000000,951.42000000,2.153
1749265727,2.31400000,19.40000000,2.153
1749265727,2.32100000,2097.23000000,2.153
1749265727,2.32300000,5.76000000,2.153
1749265727,2.32500000,18.18000000,2.153
1749265727,2.32700000,4.90000000,2.153
1749265727,2.33300000,3.00000000,2.153
1749265727,2.33500000,2.18000000,2.153
1749265727,2.33700000,5.76000000,2.153
1749265727,2.34000000,4.31000000,2.153
1749265727,2.34300000,16.37000000,2.153
1749265727,2.34500000,1315.22000000,2.153
1749265727,2.34800000,2.18000000,2.153
1749265727,2.34900000,18.18000000,2.153
1749265727,2.35000000,453.40000000,2.153
1749266029,2.15800000,741.14000000,2.157
1749266029,2.15900000,1624.54000000,2.157
1749266029,2.16000000,2500.54000000,2.157
1749266029,2.16100000,3584.28000000,2.157
1749266029,2.16200000,2065.47000000,2.157
1749266029,2.16300000,1876.02000000,2.157
1749266029,2.16400000,764.25000000,2.157
1749266029,2.16500000,1297.78000000,2.157
1749266029,2.16600000,37665.79000000,2.157
1749266029,2.16700000,859.39000000,2.157
1749266029,2.16800000,1295.35000000,2.157
1749266029,2.16900000,477.40000000,2.157
1749266029,2.17000000,1493.11000000,2.157
1749266029,2.17100000,1151.73000000,2.157
1749266029,2.17200000,303.14000000,2.157
1749266029,2.17300000,600.59000000,2.157
1749266029,2.17400000,1214.31000000,2.157
1749266029,2.17500000,230.83000000,2.157
1749266029,2.17600000,56464.60000000,2.157
1749266029,2.17700000,1148.24000000,2.157
1749266029,2.17800000,3.48000000,2.157
1749266029,2.17900000,1226.98000000,2.157
1749266029,2.18000000,1150.57000000,2.157
1749266029,2.18100000,3.48000000,2.157
1749266029,2.18200000,365.53000000,2.157
1749266029,2.18300000,1144.76000000,2.157
1749266029,2.18400000,22.30000000,2.157
1749266029,2.18500000,372.32000000,2.157
1749266029,2.18600000,1144.76000000,2.157
1749266029,2.18800000,365.96000000,2.157
1749266029,2.18900000,925.32000000,2.157
1749266029,2.19000000,2.32000000,2.157
1749266029,2.19100000,137.96000000,2.157
1749266029,2.19200000,3144.91000000,2.157
1749266029,2.19300000,2.33000000,2.157
1749266029,2.19400000,3.00000000,2.157
1749266029,2.19500000,2.32000000,2.157
1749266029,2.20000000,346.81000000,2.157
1749266029,2.20100000,121.48000000,2.157
1749266029,2.20200000,5.53000000,2.157
1749266029,2.20300000,1573.75000000,2.157
1749266029,2.20500000,108.72000000,2.157
1749266029,2.21000000,379.87000000,2.157
1749266029,2.21300000,5.76000000,2.157
1749266029,2.21500000,33.45000000,2.157
1749266029,2.21600000,7.13000000,2.157
1749266029,2.21700000,23.97000000,2.157
1749266029,2.21800000,394.11000000,2.157
1749266029,2.22000000,900.90000000,2.157
1749266029,2.22600000,441.56000000,2.157
1749266029,2.22700000,5.76000000,2.157
1749266029,2.22800000,43.96000000,2.157
1749266029,2.22900000,107.96000000,2.157
1749266029,2.23000000,202.35000000,2.157
1749266029,2.23100000,142.55000000,2.157
1749266029,2.23200000,2.87000000,2.157
1749266029,2.23300000,2.51000000,2.157
1749266029,2.24100000,5.76000000,2.157
1749266029,2.24700000,2.83000000,2.157
1749266029,2.24800000,8.58000000,2.157
1749266029,2.25000000,729.60000000,2.157
1749266029,2.25100000,199.62000000,2.157
1749266029,2.25300000,134.44000000,2.157
1749266029,2.25400000,5.76000000,2.157
1749266029,2.25500000,5.00000000,2.157
1749266029,2.26300000,2.81000000,2.157
1749266029,2.26600000,115.92000000,2.157
1749266029,2.26800000,441.07000000,2.157
1749266029,2.27100000,6.61000000,2.157
1749266029,2.27500000,112.20000000,2.157
1749266029,2.27700000,18.18000000,2.157
1749266029,2.27800000,2.79000000,2.157
1749266029,2.28200000,5.76000000,2.157
1749266029,2.28800000,3.00000000,2.157
1749266029,2.28900000,2.45000000,2.157
1749266029,2.29000000,64.70000000,2.157
1749266029,2.29300000,2.78000000,2.157
1749266029,2.29500000,5.76000000,2.157
1749266029,2.29900000,375.34000000,2.157
1749266029,2.30000000,121.08000000,2.157
1749266029,2.30600000,3.00000000,2.157
1749266029,2.30900000,5.76000000,2.157
1749266029,2.31000000,951.42000000,2.157
1749266029,2.31400000,19.40000000,2.157
1749266029,2.32100000,2097.23000000,2.157
1749266029,2.32300000,5.76000000,2.157
1749266029,2.32500000,18.18000000,2.157
1749266029,2.32700000,4.90000000,2.157
1749266029,2.33300000,3.00000000,2.157
1749266029,2.33500000,2.18000000,2.157
1749266029,2.33700000,5.76000000,2.157
1749266029,2.34000000,4.31000000,2.157
1749266029,2.34300000,16.37000000,2.157
1749266029,2.34500000,1315.22000000,2.157
1749266029,2.34800000,2.18000000,2.157
1749266029,2.34900000,18.18000000,2.157
1749266029,2.35000000,453.40000000,2.157
1749266029,2.35200000,2.35000000,2.157
1749266029,2.35700000,8.58000000,2.157
1749266029,2.36100000,89.09000000,2.157
1749266331,2.15100000,879.85000000,2.15
1749266331,2.15200000,1798.18000000,2.15
1749266331,2.15300000,2820.11000000,2.15
1749266331,2.15400000,2533.83000000,2.15
1749266331,2.15500000,2902.65000000,2.15
1749266331,2.15600000,3721.90000000,2.15
1749266331,2.15700000,2107.95000000,2.15
1749266331,2.15800000,865.35000000,2.15
1749266331,2.15900000,38802.24000000,2.15
1749266331,2.16000000,934.66000000,2.15
1749266331,2.16100000,1767.54000000,2.15
1749266331,2.16200000,679.05000000,2.15
1749266331,2.16300000,1275.86000000,2.15
1749266331,2.16400000,620.17000000,2.15
1749266331,2.16500000,1154.10000000,2.15
1749266331,2.16600000,470.02000000,2.15
1749266331,2.16700000,369.94000000,2.15
1749266331,2.16800000,56585.20000000,2.15
1749266331,2.16900000,231.98000000,2.15
1749266331,2.17000000,1493.11000000,2.15
1749266331,2.17100000,1151.73000000,2.15
1749266331,2.17200000,228.49000000,2.15
1749266331,2.17300000,437.20000000,2.15
1749266331,2.17400000,2082.52000000,2.15
1749266331,2.17500000,230.83000000,2.15
1749266331,2.17600000,462.55000000,2.15
1749266331,2.17700000,1148.24000000,2.15
1749266331,2.17800000,3.48000000,2.15
1749266331,2.17900000,366.44000000,2.15
1749266331,2.18000000,1150.57000000,2.15
1749266331,2.18100000,3.48000000,2.15
1749266331,2.18200000,365.53000000,2.15
1749266331,2.18300000,1144.76000000,2.15
1749266331,2.18400000,22.30000000,2.15
1749266331,2.18500000,2282.21000000,2.15
1749266331,2.18600000,919.76000000,2.15
1749266331,2.18700000,90.26000000,2.15
1749266331,2.18800000,140.96000000,2.15
1749266331,2.18900000,925.32000000,2.15
1749266331,2.19000000,2.32000000,2.15
1749266331,2.19100000,137.96000000,2.15
1749266331,2.19200000,919.76000000,2.15
1749266331,2.19300000,2.33000000,2.15
1749266331,2.19400000,3.00000000,2.15
1749266331,2.19500000,2.32000000,2.15
1749266331,2.20000000,346.81000000,2.15
1749266331,2.20100000,121.48000000,2.15
1749266331,2.20200000,5.53000000,2.15
1749266331,2.20300000,1573.75000000,2.15
1749266331,2.20500000,108.72000000,2.15
1749266331,2.21000000,379.87000000,2.15
1749266331,2.21300000,5.76000000,2.15
1749266331,2.21500000,33.45000000,2.15
1749266331,2.21600000,7.13000000,2.15
1749266331,2.21700000,23.97000000,2.15
1749266331,2.21800000,394.11000000,2.15
1749266331,2.22000000,1342.46000000,2.15
1749266331,2.22300000,107.96000000,2.15
1749266331,2.22600000,33.11000000,2.15
1749266331,2.22700000,5.76000000,2.15
1749266331,2.22800000,10.85000000,2.15
1749266331,2.23000000,202.35000000,2.15
1749266331,2.23100000,142.55000000,2.15
1749266331,2.23200000,2.87000000,2.15
1749266331,2.23300000,2.51000000,2.15
1749266331,2.24100000,5.76000000,2.15
1749266331,2.24400000,427.37000000,2.15
1749266331,2.24700000,2.83000000,2.15
1749266331,2.24800000,8.58000000,2.15
1749266331,2.25000000,302.23000000,2.15
1749266331,2.25100000,199.62000000,2.15
1749266331,2.25300000,134.44000000,2.15
1749266331,2.25400000,5.76000000,2.15
1749266331,2.25500000,5.00000000,2.15
1749266331,2.26300000,2.81000000,2.15
1749266331,2.26600000,115.92000000,2.15
1749266331,2.26800000,441.07000000,2.15
1749266331,2.27100000,6.61000000,2.15
1749266331,2.27500000,112.20000000,2.15
1749266331,2.27700000,18.18000000,2.15
1749266331,2.27800000,2.79000000,2.15
1749266331,2.28200000,5.76000000,2.15
1749266331,2.28800000,3.00000000,2.15
1749266331,2.28900000,2.45000000,2.15
1749266331,2.29000000,64.70000000,2.15
1749266331,2.29300000,2.78000000,2.15
1749266331,2.29500000,5.76000000,2.15
1749266331,2.29900000,375.34000000,2.15
1749266331,2.30000000,121.08000000,2.15
1749266331,2.30600000,3.00000000,2.15
1749266331,2.30900000,5.76000000,2.15
1749266331,2.31000000,951.42000000,2.15
1749266331,2.31400000,19.40000000,2.15
1749266331,2.32100000,2097.23000000,2.15
1749266331,2.32300000,5.76000000,2.15
1749266331,2.32500000,18.18000000,2.15
1749266331,2.32700000,4.90000000,2.15
1749266331,2.33300000,3.00000000,2.15
1749266331,2.33500000,2.18000000,2.15
1749266331,2.33700000,5.76000000,2.15
1749266641,2.15400000,572.80000000,2.153
1749266641,2.15500000,1248.56000000,2.153
1749266641,2.15600000,2167.34000000,2.153
1749266641,2.15700000,2864.06000000,2.153
1749266641,2.15800000,2422.21000000,2.153
1749266641,2.15900000,1370.31000000,2.153
1749266641,2.16000000,1090.35000000,2.153
1749266641,2.16100000,1295.73000000,2.153
1749266641,2.16200000,37595.19000000,2.153
1749266641,2.16300000,1619.89000000,2.153
1749266641,2.16400000,929.86000000,2.153
1749266641,2.16500000,1154.10000000,2.153
1749266641,2.16600000,539.38000000,2.153
1749266641,2.16700000,369.94000000,2.153
1749266641,2.16800000,56647.92000000,2.153
1749266641,2.16900000,228.50000000,2.153
1749266641,2.17000000,1489.63000000,2.153
1749266641,2.17100000,1148.25000000,2.153
1749266641,2.17200000,231.25000000,2.153
1749266641,2.17300000,437.20000000,2.153
1749266641,2.17400000,1214.31000000,2.153
1749266641,2.17500000,1089.82000000,2.153
1749266641,2.17600000,462.55000000,2.153
1749266641,2.17700000,1148.24000000,2.153
1749266641,2.17800000,3.48000000,2.153
1749266641,2.17900000,366.44000000,2.153
1749266641,2.18000000,1150.57000000,2.153
1749266641,2.18100000,3.48000000,2.153
1749266641,2.18200000,140.53000000,2.153
1749266641,2.18300000,919.76000000,2.153
1749266641,2.18400000,22.30000000,2.153
1749266641,2.18500000,2282.21000000,2.153
1749266641,2.18600000,1010.02000000,2.153
1749266641,2.18800000,140.96000000,2.153
1749266641,2.18900000,930.81000000,2.153
1749266641,2.19000000,2.32000000,2.153
1749266641,2.19100000,137.96000000,2.153
1749266641,2.19200000,919.76000000,2.153
1749266641,2.19300000,2.33000000,2.153
1749266641,2.19400000,1594.91000000,2.153
1749266641,2.19500000,2.32000000,2.153
1749266641,2.20000000,346.81000000,2.153
1749266641,2.20100000,121.48000000,2.153
1749266641,2.20200000,5.53000000,2.153
1749266641,2.20500000,108.72000000,2.153
1749266641,2.21000000,379.87000000,2.153
1749266641,2.21300000,5.76000000,2.153
1749266641,2.21400000,3.61000000,2.153
1749266641,2.21500000,33.45000000,2.153
1749266641,2.21600000,7.13000000,2.153
1749266641,2.21700000,23.97000000,2.153
1749266641,2.21800000,394.11000000,2.153
1749266641,2.22000000,1342.46000000,2.153
1749266641,2.22300000,107.96000000,2.153
1749266641,2.22600000,33.11000000,2.153
1749266641,2.22700000,5.76000000,2.153
1749266641,2.22800000,10.85000000,2.153
1749266641,2.23000000,202.35000000,2.153
1749266641,2.23100000,142.55000000,2.153
1749266641,2.23200000,2.87000000,2.153
1749266641,2.23300000,7.89000000,2.153
1749266641,2.24100000,5.76000000,2.153
1749266641,2.24400000,427.37000000,2.153
1749266641,2.24700000,119.09000000,2.153
1749266641,2.24800000,8.58000000,2.153
1749266641,2.25000000,302.23000000,2.153
1749266641,2.25100000,199.62000000,2.153
1749266641,2.25300000,18.18000000,2.153
1749266641,2.25400000,5.76000000,2.153
1749266641,2.25500000,5.00000000,2.153
1749266641,2.25800000,4.43000000,2.153
1749266641,2.26300000,2.81000000,2.153
1749266641,2.26600000,115.92000000,2.153
1749266641,2.26800000,441.07000000,2.153
1749266641,2.26900000,112.20000000,2.153
1749266641,2.27100000,6.61000000,2.153
1749266641,2.27700000,23.46000000,2.153
1749266641,2.27800000,2.79000000,2.153
1749266641,2.28200000,5.76000000,2.153
1749266641,2.28800000,3.00000000,2.153
1749266641,2.28900000,2.45000000,2.153
1749266641,2.29000000,64.70000000,2.153
1749266641,2.29300000,2.78000000,2.153
1749266641,2.29500000,5.76000000,2.153
1749266641,2.29900000,375.34000000,2.153
1749266641,2.30000000,121.08000000,2.153
1749266641,2.30600000,3.00000000,2.153
1749266641,2.30900000,5.76000000,2.153
1749266641,2.31000000,951.42000000,2.153
1749266641,2.31400000,19.40000000,2.153
1749266641,2.32100000,2097.23000000,2.153
1749266641,2.32300000,10.93000000,2.153
1749266641,2.32500000,18.18000000,2.153
1749266641,2.32700000,4.90000000,2.153
1749266641,2.33300000,3.00000000,2.153
1749266641,2.33500000,2.18000000,2.153
1749266641,2.33700000,5.76000000,2.153
1749266641,2.34000000,4.31000000,2.153
1749266641,2.34300000,16.37000000,2.153
1749266641,2.34500000,1315.22000000,2.153
1749266942,2.15300000,344.80000000,2.152
1749266942,2.15400000,1547.57000000,2.152
1749266942,2.15500000,2166.81000000,2.152
1749266942,2.15600000,2238.34000000,2.152
1749266942,2.15700000,3839.74000000,2.152
1749266942,2.15800000,3276.67000000,2.152
1749266942,2.15900000,2642.24000000,2.152
1749266942,2.16000000,910.41000000,2.152
1749266942,2.16100000,38660.19000000,2.152
1749266942,2.16200000,514.11000000,2.152
1749266942,2.16300000,1684.40000000,2.152
1749266942,2.16400000,929.86000000,2.152
1749266942,2.16500000,1228.75000000,2.152
1749266942,2.16600000,434.04000000,2.152
1749266942,2.16700000,369.94000000,2.152
1749266942,2.16800000,1151.74000000,2.152
1749266942,2.16900000,311.79000000,2.152
1749266942,2.17000000,1493.11000000,2.152
1749266942,2.17100000,1148.25000000,2.152
1749266942,2.17200000,55822.75000000,2.152
1749266942,2.17300000,437.20000000,2.152
1749266942,2.17400000,1214.31000000,2.152
1749266942,2.17500000,1084.55000000,2.152
1749266942,2.17600000,462.55000000,2.152
1749266942,2.17700000,1148.24000000,2.152
1749266942,2.17800000,3.48000000,2.152
1749266942,2.17900000,366.44000000,2.152
1749266942,2.18000000,1150.57000000,2.152
1749266942,2.18100000,3.48000000,2.152
1749266942,2.18200000,365.53000000,2.152
1749266942,2.18300000,1144.76000000,2.152
1749266942,2.18400000,22.30000000,2.152
1749266942,2.18500000,372.32000000,2.152
1749266942,2.18600000,1144.76000000,2.152
1749266942,2.18800000,140.96000000,2.152
1749266942,2.18900000,1021.07000000,2.152
1749266942,2.19000000,2.32000000,2.152
1749266942,2.19100000,2272.85000000,2.152
1749266942,2.19200000,919.76000000,2.152
1749266942,2.19300000,2.33000000,2.152
1749266942,2.19400000,3.00000000,2.152
1749266942,2.19500000,2.32000000,2.152
1749266942,2.20000000,346.81000000,2.152
1749266942,2.20100000,121.48000000,2.152
1749266942,2.20200000,5.53000000,2.152
1749266942,2.20300000,1590.31000000,2.152
1749266942,2.20500000,108.72000000,2.152
1749266942,2.21000000,379.87000000,2.152
1749266942,2.21300000,5.76000000,2.152
1749266942,2.21400000,3.61000000,2.152
1749266942,2.21500000,33.45000000,2.152
1749266942,2.21600000,7.13000000,2.152
1749266942,2.21700000,23.97000000,2.152
1749266942,2.21800000,394.11000000,2.152
1749266942,2.22000000,7630.21000000,2.152
1749266942,2.22100000,441.56000000,2.152
1749266942,2.22700000,5.76000000,2.152
1749266942,2.22800000,43.96000000,2.152
1749266942,2.22900000,107.96000000,2.152
1749266942,2.23000000,202.35000000,2.152
1749266942,2.23100000,142.55000000,2.152
1749266942,2.23200000,2.87000000,2.152
1749266942,2.23300000,7.89000000,2.152
1749266942,2.24100000,5.76000000,2.152
1749266942,2.24500000,427.37000000,2.152
1749266942,2.24700000,2.83000000,2.152
1749266942,2.24800000,8.58000000,2.152
1749266942,2.25000000,302.23000000,2.152
1749266942,2.25100000,2.35000000,2.152
1749266942,2.25300000,134.44000000,2.152
1749266942,2.25400000,5.76000000,2.152
1749266942,2.25500000,5.00000000,2.152
1749266942,2.25700000,197.27000000,2.152
1749266942,2.25800000,4.43000000,2.152
1749266942,2.26300000,2.81000000,2.152
1749266942,2.26600000,115.92000000,2.152
1749266942,2.26800000,441.07000000,2.152
1749266942,2.27100000,6.61000000,2.152
1749266942,2.27500000,112.20000000,2.152
1749266942,2.27700000,23.46000000,2.152
1749266942,2.27800000,2.79000000,2.152
1749266942,2.28200000,5.76000000,2.152
1749266942,2.28800000,3.00000000,2.152
1749266942,2.28900000,2.45000000,2.152
1749266942,2.29000000,64.70000000,2.152
1749266942,2.29300000,2.78000000,2.152
1749266942,2.29500000,5.76000000,2.152
1749266942,2.29900000,375.34000000,2.152
1749266942,2.30000000,121.08000000,2.152
1749266942,2.30600000,3.00000000,2.152
1749266942,2.30900000,5.76000000,2.152
1749266942,2.31000000,951.42000000,2.152
1749266942,2.31400000,19.40000000,2.152
1749266942,2.32100000,2097.23000000,2.152
1749266942,2.32300000,10.93000000,2.152
1749266942,2.32500000,18.18000000,2.152
1749266942,2.32700000,4.90000000,2.152
1749266942,2.33300000,3.00000000,2.152
1749266942,2.33500000,2.18000000,2.152
1749266942,2.33700000,5.76000000,2.152
1749267243,2.15000000,1079.05000000,2.149
1749267243,2.15100000,1485.63000000,2.149
1749267243,2.15200000,2134.79000000,2.149
1749267243,2.15300000,3416.36000000,2.149
1749267243,2.15400000,2108.25000000,2.149
1749267243,2.15500000,3287.63000000,2.149
1749267243,2.15600000,1155.82000000,2.149
1749267243,2.15700000,1603.31000000,2.149
1749267243,2.15800000,37907.09000000,2.149
1749267243,2.15900000,1295.40000000,2.149
1749267243,2.16000000,1069.40000000,2.149
1749267243,2.16100000,1151.72000000,2.149
1749267243,2.16200000,369.96000000,2.149
1749267243,2.16300000,1237.20000000,2.149
1749267243,2.16400000,620.17000000,2.149
1749267243,2.16500000,1228.75000000,2.149
1749267243,2.16600000,395.37000000,2.149
1749267243,2.16700000,369.94000000,2.149
1749267243,2.16800000,56773.51000000,2.149
1749267243,2.16900000,228.50000000,2.149
1749267243,2.17000000,2350.43000000,2.149
1749267243,2.17100000,1148.25000000,2.149
1749267243,2.17200000,231.25000000,2.149
1749267243,2.17300000,437.20000000,2.149
1749267243,2.17400000,1214.31000000,2.149
1749267243,2.17500000,230.83000000,2.149
1749267243,2.17600000,462.55000000,2.149
1749267243,2.17700000,1148.24000000,2.149
1749267243,2.17800000,25.78000000,2.149
1749267243,2.17900000,366.44000000,2.149
1749267243,2.18000000,925.57000000,2.149
1749267243,2.18100000,3.48000000,2.149
1749267243,2.18200000,140.53000000,2.149
1749267243,2.18300000,919.76000000,2.149
1749267243,2.18400000,2225.15000000,2.149
1749267243,2.18500000,147.32000000,2.149
1749267243,2.18600000,919.76000000,2.149
1749267243,2.18800000,140.96000000,2.149
1749267243,2.18900000,930.81000000,2.149
1749267243,2.19000000,2.32000000,2.149
1749267243,2.19100000,137.96000000,2.149
1749267243,2.19200000,919.76000000,2.149
1749267243,2.19300000,2.33000000,2.149
1749267243,2.19400000,1600.39000000,2.149
1749267243,2.19500000,2.32000000,2.149
1749267243,2.20000000,346.81000000,2.149
1749267243,2.20100000,121.48000000,2.149
1749267243,2.20200000,5.53000000,2.149
1749267243,2.20500000,108.72000000,2.149
1749267243,2.21000000,379.87000000,2.149
1749267243,2.21300000,5.76000000,2.149
1749267243,2.21400000,3.61000000,2.149
1749267243,2.21500000,33.45000000,2.149
1749267243,2.21600000,7.13000000,2.149
1749267243,2.21700000,23.97000000,2.149
1749267243,2.21800000,394.11000000,2.149
1749267243,2.22000000,7630.21000000,2.149
1749267243,2.22100000,441.56000000,2.149
1749267243,2.22300000,107.96000000,2.149
1749267243,2.22700000,5.76000000,2.149
1749267243,2.22800000,43.96000000,2.149
1749267243,2.23000000,202.35000000,2.149
1749267243,2.23100000,142.55000000,2.149
1749267243,2.23200000,2.87000000,2.149
1749267243,2.23300000,7.89000000,2.149
1749267243,2.24100000,5.76000000,2.149
1749267243,2.24500000,427.37000000,2.149
1749267243,2.24600000,197.27000000,2.149
1749267243,2.24700000,119.09000000,2.149
1749267243,2.24800000,8.58000000,2.149
1749267243,2.25000000,302.23000000,2.149
1749267243,2.25100000,2.35000000,2.149
1749267243,2.25300000,18.18000000,2.149
1749267243,2.25400000,5.76000000,2.149
1749267243,2.25500000,5.00000000,2.149
1749267243,2.25800000,4.43000000,2.149
1749267243,2.26300000,2.81000000,2.149
1749267243,2.26600000,115.92000000,2.149
1749267243,2.26800000,441.07000000,2.149
1749267243,2.26900000,112.20000000,2.149
1749267243,2.27100000,6.61000000,2.149
1749267243,2.27700000,23.46000000,2.149
1749267243,2.27800000,2.79000000,2.149
1749267243,2.28200000,5.76000000,2.149
1749267243,2.28800000,3.00000000,2.149
1749267243,2.28900000,2.45000000,2.149
1749267243,2.29000000,64.70000000,2.149
1749267243,2.29300000,2.78000000,2.149
1749267243,2.29500000,5.76000000,2.149
1749267243,2.29900000,375.34000000,2.149
1749267243,2.30000000,121.08000000,2.149
1749267243,2.30600000,3.00000000,2.149
1749267243,2.30900000,5.76000000,2.149
1749267243,2.31000000,951.42000000,2.149
1749267243,2.31400000,19.40000000,2.149
1749267243,2.32100000,2097.23000000,2.149
1749267243,2.32300000,10.93000000,2.149
1749267243,2.32500000,18.18000000,2.149
1749267243,2.32700000,4.90000000,2.149
1749267243,2.33300000,3.00000000,2.149
1749267545,2.15400000,780.20000000,2.153
1749267545,2.15500000,1189.56000000,2.153
1749267545,2.15600000,1139.46000000,2.153
1749267545,2.15700000,2803.92000000,2.153
1749267545,2.15800000,3280.51000000,2.153
1749267545,2.15900000,3758.37000000,2.153
1749267545,2.16000000,1145.75000000,2.153
1749267545,2.16100000,1295.67000000,2.153
1749267545,2.16200000,514.17000000,2.153
1749267545,2.16300000,39088.83000000,2.153
1749267545,2.16400000,764.25000000,2.153
1749267545,2.16500000,1372.63000000,2.153
1749267545,2.16600000,599.67000000,2.153
1749267545,2.16700000,369.94000000,2.153
1749267545,2.16800000,1151.74000000,2.153
1749267545,2.16900000,228.50000000,2.153
1749267545,2.17000000,1489.63000000,2.153
1749267545,2.17100000,1148.25000000,2.153
1749267545,2.17200000,56037.05000000,2.153
1749267545,2.17300000,437.20000000,2.153
1749267545,2.17400000,1214.31000000,2.153
1749267545,2.17500000,1086.33000000,2.153
1749267545,2.17600000,462.55000000,2.153
1749267545,2.17700000,1148.24000000,2.153
1749267545,2.17800000,3.48000000,2.153
1749267545,2.17900000,366.44000000,2.153
1749267545,2.18000000,1150.57000000,2.153
1749267545,2.18100000,3.48000000,2.153
1749267545,2.18200000,365.53000000,2.153
1749267545,2.18300000,1144.76000000,2.153
1749267545,2.18400000,22.30000000,2.153
1749267545,2.18500000,147.32000000,2.153
1749267545,2.18600000,919.76000000,2.153
1749267545,2.18800000,231.22000000,2.153
1749267545,2.18900000,930.81000000,2.153
1749267545,2.19000000,2.32000000,2.153
1749267545,2.19100000,2272.85000000,2.153
1749267545,2.19200000,919.76000000,2.153
1749267545,2.19300000,2.33000000,2.153
1749267545,2.19400000,1600.39000000,2.153
1749267545,2.19500000,2.32000000,2.153
1749267545,2.20000000,346.81000000,2.153
1749267545,2.20100000,121.48000000,2.153
1749267545,2.20200000,5.53000000,2.153
1749267545,2.20500000,108.72000000,2.153
1749267545,2.21000000,379.87000000,2.153
1749267545,2.21300000,5.76000000,2.153
1749267545,2.21400000,3.61000000,2.153
1749267545,2.21500000,33.45000000,2.153
1749267545,2.21600000,7.13000000,2.153
1749267545,2.21700000,23.97000000,2.153
1749267545,2.21800000,394.11000000,2.153
1749267545,2.22000000,7630.21000000,2.153
1749267545,2.22100000,441.56000000,2.153
1749267545,2.22300000,107.96000000,2.153
1749267545,2.22700000,5.76000000,2.153
1749267545,2.22800000,43.96000000,2.153
1749267545,2.23000000,202.35000000,2.153
1749267545,2.23100000,142.55000000,2.153
1749267545,2.23200000,2.87000000,2.153
1749267545,2.23300000,7.89000000,2.153
1749267545,2.24100000,5.76000000,2.153
1749267545,2.24500000,427.37000000,2.153
1749267545,2.24600000,197.27000000,2.153
1749267545,2.24700000,2.83000000,2.153
1749267545,2.24800000,8.58000000,2.153
1749267545,2.25000000,302.23000000,2.153
1749267545,2.25100000,2.35000000,2.153
1749267545,2.25300000,134.44000000,2.153
1749267545,2.25400000,5.76000000,2.153
1749267545,2.25500000,5.00000000,2.153
1749267545,2.25800000,4.43000000,2.153
1749267545,2.26300000,2.81000000,2.153
1749267545,2.26600000,115.92000000,2.153
1749267545,2.26800000,441.07000000,2.153
1749267545,2.26900000,112.20000000,2.153
1749267545,2.27100000,6.61000000,2.153
1749267545,2.27700000,23.46000000,2.153
1749267545,2.27800000,2.79000000,2.153
1749267545,2.28200000,5.76000000,2.153
1749267545,2.28800000,3.00000000,2.153
1749267545,2.28900000,2.45000000,2.153
1749267545,2.29000000,64.70000000,2.153
1749267545,2.29300000,2.78000000,2.153
1749267545,2.29500000,5.76000000,2.153
1749267545,2.29900000,375.34000000,2.153
1749267545,2.30000000,121.08000000,2.153
1749267545,2.30600000,3.00000000,2.153
1749267545,2.30900000,5.76000000,2.153
1749267545,2.31000000,951.42000000,2.153
1749267545,2.31400000,19.40000000,2.153
1749267545,2.32100000,2097.23000000,2.153
1749267545,2.32300000,10.93000000,2.153
1749267545,2.32500000,18.18000000,2.153
1749267545,2.32700000,4.90000000,2.153
1749267545,2.33300000,3.00000000,2.153
1749267545,2.33500000,2.18000000,2.153
1749267545,2.33700000,5.76000000,2.153
1749267545,2.34000000,4.31000000,2.153
1749267545,2.34300000,16.37000000,2.153
1749267847,2.16200000,1223.60000000,2.161
1749267847,2.16300000,1644.45000000,2.161
1749267847,2.16400000,1569.23000000,2.161
1749267847,2.16500000,2800.60000000,2.161
1749267847,2.16600000,2281.23000000,2.161
1749267847,2.16700000,1137.51000000,2.161
1749267847,2.16800000,1295.29000000,2.161
1749267847,2.16900000,414.36000000,2.161
1749267847,2.17000000,1716.53000000,2.161
1749267847,2.17100000,38872.47000000,2.161
1749267847,2.17200000,582.39000000,2.161
1749267847,2.17300000,580.68000000,2.161
1749267847,2.17400000,1377.70000000,2.161
1749267847,2.17500000,230.83000000,2.161
1749267847,2.17600000,56448.16000000,2.161
1749267847,2.17700000,1148.24000000,2.161
1749267847,2.17800000,3.48000000,2.161
1749267847,2.17900000,366.44000000,2.161
1749267847,2.18000000,2024.05000000,2.161
1749267847,2.18100000,3.48000000,2.161
1749267847,2.18200000,369.01000000,2.161
1749267847,2.18300000,1144.76000000,2.161
1749267847,2.18500000,372.32000000,2.161
1749267847,2.18600000,1144.76000000,2.161
1749267847,2.18800000,365.96000000,2.161
1749267847,2.18900000,1155.81000000,2.161
1749267847,2.19000000,2.32000000,2.161
1749267847,2.19100000,2520.15000000,2.161
1749267847,2.19200000,1235.02000000,2.161
1749267847,2.19300000,2.33000000,2.161
1749267847,2.19400000,3.00000000,2.161
1749267847,2.19500000,2.32000000,2.161
1749267847,2.20000000,346.81000000,2.161
1749267847,2.20100000,121.48000000,2.161
1749267847,2.20200000,5.53000000,2.161
1749267847,2.20300000,1592.76000000,2.161
1749267847,2.21000000,379.87000000,2.161
1749267847,2.21100000,108.72000000,2.161
1749267847,2.21300000,5.76000000,2.161
1749267847,2.21400000,3.61000000,2.161
1749267847,2.21500000,33.45000000,2.161
1749267847,2.21600000,7.13000000,2.161
1749267847,2.21700000,23.97000000,2.161
1749267847,2.21800000,394.11000000,2.161
1749267847,2.22000000,7630.21000000,2.161
1749267847,2.22700000,5.76000000,2.161
1749267847,2.22800000,485.52000000,2.161
1749267847,2.22900000,107.96000000,2.161
1749267847,2.23000000,202.35000000,2.161
1749267847,2.23100000,142.55000000,2.161
1749267847,2.23200000,2.87000000,2.161
1749267847,2.23300000,7.89000000,2.161
1749267847,2.24100000,5.76000000,2.161
1749267847,2.24700000,2.83000000,2.161
1749267847,2.24800000,8.58000000,2.161
1749267847,2.25000000,1822.66000000,2.161
1749267847,2.25100000,429.72000000,2.161
1749267847,2.25300000,134.44000000,2.161
1749267847,2.25400000,5.76000000,2.161
1749267847,2.25500000,5.00000000,2.161
1749267847,2.25700000,197.27000000,2.161
1749267847,2.25800000,4.43000000,2.161
1749267847,2.26300000,2.81000000,2.161
1749267847,2.26600000,115.92000000,2.161
1749267847,2.26800000,5.76000000,2.161
1749267847,2.27100000,6.61000000,2.161
1749267847,2.27400000,435.31000000,2.161
1749267847,2.27500000,112.20000000,2.161
1749267847,2.27700000,23.46000000,2.161
1749267847,2.27800000,2.79000000,2.161
1749267847,2.28200000,5.76000000,2.161
1749267847,2.28800000,3.00000000,2.161
1749267847,2.28900000,2.45000000,2.161
1749267847,2.29000000,64.70000000,2.161
1749267847,2.29300000,2.78000000,2.161
1749267847,2.29500000,5.76000000,2.161
1749267847,2.29900000,375.34000000,2.161
1749267847,2.30000000,121.08000000,2.161
1749267847,2.30600000,3.00000000,2.161
1749267847,2.30900000,5.76000000,2.161
1749267847,2.31000000,951.42000000,2.161
1749267847,2.31400000,19.40000000,2.161
1749267847,2.32100000,2097.23000000,2.161
1749267847,2.32300000,10.93000000,2.161
1749267847,2.32500000,18.18000000,2.161
1749267847,2.32700000,4.90000000,2.161
1749267847,2.33300000,3.00000000,2.161
1749267847,2.33500000,2.18000000,2.161
1749267847,2.33700000,5.76000000,2.161
1749267847,2.34000000,4.31000000,2.161
1749267847,2.34300000,16.37000000,2.161
1749267847,2.34500000,1315.22000000,2.161
1749267847,2.34800000,2.18000000,2.161
1749267847,2.34900000,18.18000000,2.161
1749267847,2.35000000,453.40000000,2.161
1749267847,2.35200000,2.35000000,2.161
1749267847,2.35700000,8.58000000,2.161
1749267847,2.36100000,89.09000000,2.161
1749267847,2.36400000,5.76000000,2.161
1749267847,2.36600000,2.68000000,2.161
1749268148,2.16000000,722.87000000,2.159
1749268148,2.16100000,1237.25000000,2.159
1749268148,2.16200000,1464.95000000,2.159
1749268148,2.16300000,2881.61000000,2.159
1749268148,2.16400000,3466.91000000,2.159
1749268148,2.16500000,2530.94000000,2.159
1749268148,2.16600000,952.87000000,2.159
1749268148,2.16700000,590.59000000,2.159
1749268148,2.16800000,1295.29000000,2.159
1749268148,2.16900000,37841.37000000,2.159
1749268148,2.17000000,2229.71000000,2.159
1749268148,2.17100000,1226.38000000,2.159
1749268148,2.17200000,234.73000000,2.159
1749268148,2.17300000,440.67000000,2.159
1749268148,2.17400000,1377.70000000,2.159
1749268148,2.17500000,230.83000000,2.159
1749268148,2.17600000,56495.04000000,2.159
1749268148,2.17700000,1148.24000000,2.159
