timestamp,price,volume,current_price
1749254691,2.09500000,268.00000000,2.095
1749254691,2.09600000,1476.20000000,2.095
1749254691,2.09700000,1602.03000000,2.095
1749254691,2.09800000,1704.07000000,2.095
1749254691,2.09900000,4212.81000000,2.095
1749254691,2.10000000,2815.98000000,2.095
1749254691,2.10100000,2443.88000000,2.095
1749254691,2.10200000,784.59000000,2.095
1749254691,2.10300000,40749.68000000,2.095
1749254691,2.10400000,1210.01000000,2.095
1749254691,2.10500000,1619.76000000,2.095
1749254691,2.10600000,1339.65000000,2.095
1749254691,2.10700000,1315.30000000,2.095
1749254691,2.10800000,530.00000000,2.095
1749254691,2.10900000,1151.90000000,2.095
1749254691,2.11000000,799.42000000,2.095
1749254691,2.11100000,21529.45000000,2.095
1749254691,2.11200000,39956.35000000,2.095
1749254691,2.11300000,1151.89000000,2.095
1749254691,2.11400000,374.50000000,2.095
1749254691,2.11500000,1148.31000000,2.095
1749254691,2.11600000,366.51000000,2.095
1749254691,2.11700000,2094.88000000,2.095
1749254691,2.11800000,432.57000000,2.095
1749254691,2.11900000,1238.82000000,2.095
1749254691,2.12000000,366.51000000,2.095
1749254691,2.12100000,1148.30000000,2.095
1749254691,2.12200000,366.50000000,2.095
1749254691,2.12300000,1148.30000000,2.095
1749254691,2.12400000,147.23000000,2.095
1749254691,2.12500000,926.30000000,2.095
1749254691,2.12700000,1090.79000000,2.095
1749254691,2.12800000,2157.19000000,2.095
1749254691,2.12900000,1010.02000000,2.095
1749254691,2.13100000,919.76000000,2.095
1749254691,2.13300000,459.88000000,2.095
1749254691,2.13500000,459.88000000,2.095
1749254691,2.13600000,2.62000000,2.095
1749254691,2.13700000,5.70000000,2.095
1749254691,2.13800000,459.88000000,2.095
1749254691,2.14000000,2.98000000,2.095
1749254691,2.14100000,459.88000000,2.095
1749254691,2.14400000,2061.36000000,2.095
1749254691,2.14700000,459.88000000,2.095
1749254691,2.15000000,574.26000000,2.095
1749254691,2.15200000,799.71000000,2.095
1749254691,2.15300000,459.88000000,2.095
1749254691,2.15500000,2.95000000,2.095
1749254691,2.15600000,459.88000000,2.095
1749254691,2.15900000,459.88000000,2.095
1749254691,2.16200000,459.88000000,2.095
1749254691,2.16300000,5.63000000,2.095
1749254691,2.16400000,18.80000000,2.095
1749254691,2.16500000,459.88000000,2.095
1749254691,2.16600000,441.56000000,2.095
1749254691,2.16700000,2.77000000,2.095
1749254691,2.16900000,107.96000000,2.095
1749254691,2.17000000,1120.83000000,2.095
1749254691,2.17600000,5.60000000,2.095
1749254691,2.17700000,197.27000000,2.095
1749254691,2.18200000,2.57000000,2.095
1749254691,2.18500000,2.91000000,2.095
1749254691,2.18800000,3.00000000,2.095
1749254691,2.18900000,5.56000000,2.095
1749254691,2.19000000,427.37000000,2.095
1749254691,2.19300000,197.27000000,2.095
1749254691,2.19400000,3.00000000,2.095
1749254691,2.19800000,116.26000000,2.095
1749254691,2.20000000,294.50000000,2.095
1749254691,2.20100000,121.48000000,2.095
1749254691,2.20200000,5.53000000,2.095
1749254691,2.21000000,383.94000000,2.095
1749254691,2.21100000,2.71000000,2.095
1749254691,2.21300000,5.76000000,2.095
1749254691,2.21400000,435.31000000,2.095
1749254691,2.21500000,33.45000000,2.095
1749254691,2.21600000,7.13000000,2.095
1749254691,2.21700000,23.97000000,2.095
1749254691,2.21800000,394.11000000,2.095
1749254691,2.22000000,900.90000000,2.095
1749254691,2.22700000,117.96000000,2.095
1749254691,2.22800000,5.46000000,2.095
1749254691,2.23000000,5.08000000,2.095
1749254691,2.23200000,2.87000000,2.095
1749254691,2.23300000,6.09000000,2.095
1749254691,2.23600000,3.58000000,2.095
1749254691,2.24100000,5.76000000,2.095
1749254691,2.24700000,2.83000000,2.095
1749254691,2.24800000,8.58000000,2.095
1749254691,2.25000000,302.23000000,2.095
1749254691,2.25100000,2.35000000,2.095
1749254691,2.25300000,23.51000000,2.095
1749254691,2.25400000,5.76000000,2.095
1749254691,2.25500000,9.43000000,2.095
1749254691,2.26300000,5.90000000,2.095
1749254691,2.26800000,5.76000000,2.095
1749254691,2.27400000,3.52000000,2.095
1749254691,2.27700000,18.18000000,2.095
1749254691,2.27800000,2.79000000,2.095
1749254691,2.28000000,4.39000000,2.095
1749255016,2.09300000,1139.73000000,2.092
1749255016,2.09400000,1554.53000000,2.092
1749255016,2.09500000,1405.51000000,2.092
1749255016,2.09600000,1882.97000000,2.092
1749255016,2.09700000,4613.70000000,2.092
1749255016,2.09800000,2686.31000000,2.092
1749255016,2.09900000,2428.80000000,2.092
1749255016,2.10000000,784.71000000,2.092
1749255016,2.10100000,1296.73000000,2.092
1749255016,2.10200000,530.42000000,2.092
1749255016,2.10300000,1299.97000000,2.092
1749255016,2.10400000,1042.73000000,2.092
1749255016,2.10500000,1454.57000000,2.092
1749255016,2.10600000,1339.63000000,2.092
1749255016,2.10700000,1381.36000000,2.092
1749255016,2.10800000,382.05000000,2.092
1749255016,2.10900000,1151.90000000,2.092
1749255016,2.11000000,799.47000000,2.092
1749255016,2.11100000,60519.00000000,2.092
1749255016,2.11200000,768.61000000,2.092
1749255016,2.11300000,2007.50000000,2.092
1749255016,2.11400000,366.52000000,2.092
1749255016,2.11500000,1148.31000000,2.092
1749255016,2.11600000,366.51000000,2.092
1749255016,2.11700000,1219.06000000,2.092
1749255016,2.11800000,366.51000000,2.092
1749255016,2.11900000,1238.82000000,2.092
1749255016,2.12000000,366.51000000,2.092
1749255016,2.12100000,1170.60000000,2.092
1749255016,2.12200000,366.50000000,2.092
1749255016,2.12300000,923.30000000,2.092
1749255016,2.12400000,237.49000000,2.092
1749255016,2.12500000,926.30000000,2.092
1749255016,2.12700000,1090.79000000,2.092
1749255016,2.12800000,2134.89000000,2.092
1749255016,2.12900000,919.76000000,2.092
1749255016,2.13100000,919.76000000,2.092
1749255016,2.13300000,459.88000000,2.092
1749255016,2.13500000,2049.74000000,2.092
1749255016,2.13600000,2.62000000,2.092
1749255016,2.13700000,5.70000000,2.092
1749255016,2.13800000,459.88000000,2.092
1749255016,2.14000000,2.98000000,2.092
1749255016,2.14100000,459.88000000,2.092
1749255016,2.14400000,459.88000000,2.092
1749255016,2.14700000,459.88000000,2.092
1749255016,2.15000000,574.26000000,2.092
1749255016,2.15200000,799.71000000,2.092
1749255016,2.15300000,459.88000000,2.092
1749255016,2.15500000,2.95000000,2.092
1749255016,2.15600000,459.88000000,2.092
1749255016,2.15900000,459.88000000,2.092
1749255016,2.16200000,459.88000000,2.092
1749255016,2.16300000,5.63000000,2.092
1749255016,2.16400000,18.80000000,2.092
1749255016,2.16500000,459.88000000,2.092
1749255016,2.16600000,638.83000000,2.092
1749255016,2.16700000,2.77000000,2.092
1749255016,2.16900000,107.96000000,2.092
1749255016,2.17000000,1120.83000000,2.092
1749255016,2.17600000,5.60000000,2.092
1749255016,2.18200000,2.57000000,2.092
1749255016,2.18500000,2.91000000,2.092
1749255016,2.18800000,3.00000000,2.092
1749255016,2.18900000,5.56000000,2.092
1749255016,2.19000000,427.37000000,2.092
1749255016,2.19300000,197.27000000,2.092
1749255016,2.19400000,3.00000000,2.092
1749255016,2.19800000,116.26000000,2.092
1749255016,2.20000000,294.50000000,2.092
1749255016,2.20100000,121.48000000,2.092
1749255016,2.20200000,5.53000000,2.092
1749255016,2.21000000,383.94000000,2.092
1749255016,2.21100000,2.71000000,2.092
1749255016,2.21300000,5.76000000,2.092
1749255016,2.21400000,435.31000000,2.092
1749255016,2.21500000,33.45000000,2.092
1749255016,2.21600000,7.13000000,2.092
1749255016,2.21700000,23.97000000,2.092
1749255016,2.21800000,394.11000000,2.092
1749255016,2.22000000,900.90000000,2.092
1749255016,2.22100000,112.20000000,2.092
1749255016,2.22700000,5.76000000,2.092
1749255016,2.22800000,5.46000000,2.092
1749255016,2.23000000,5.08000000,2.092
1749255016,2.23200000,2.87000000,2.092
1749255016,2.23300000,6.09000000,2.092
1749255016,2.23600000,3.58000000,2.092
1749255016,2.24100000,5.76000000,2.092
1749255016,2.24700000,2.83000000,2.092
1749255016,2.24800000,8.58000000,2.092
1749255016,2.25000000,302.23000000,2.092
1749255016,2.25100000,2.35000000,2.092
1749255016,2.25300000,23.51000000,2.092
1749255016,2.25400000,5.76000000,2.092
1749255016,2.25500000,9.43000000,2.092
1749255016,2.26300000,5.90000000,2.092
1749255016,2.26800000,5.76000000,2.092
1749255016,2.27400000,3.52000000,2.092
1749255016,2.27700000,18.18000000,2.092
