timestamp,price,volume,current_price
1749258475,0.23520000,13191.00000000,0.2351
1749258475,0.23530000,10650.00000000,0.2351
1749258475,0.23540000,27097.00000000,0.2351
1749258475,0.23550000,12783.00000000,0.2351
1749258475,0.23560000,21004.00000000,0.2351
1749258475,0.23570000,4435.00000000,0.2351
1749258475,0.23580000,12224.00000000,0.2351
1749258475,0.23590000,17769.00000000,0.2351
1749258475,0.23600000,9331.00000000,0.2351
1749258475,0.23610000,6062.00000000,0.2351
1749258475,0.23620000,4971.00000000,0.2351
1749258475,0.23630000,18691.00000000,0.2351
1749258475,0.23640000,3508.00000000,0.2351
1749258475,0.23650000,6458.00000000,0.2351
1749258475,0.23660000,214.00000000,0.2351
1749258475,0.23670000,236.00000000,0.2351
1749258475,0.23680000,6458.00000000,0.2351
1749258475,0.23690000,8182.00000000,0.2351
1749258475,0.23700000,76.00000000,0.2351
1749258475,0.23710000,6919.00000000,0.2351
1749258475,0.23720000,76.00000000,0.2351
1749258475,0.23730000,6426.00000000,0.2351
1749258475,0.23740000,76.00000000,0.2351
1749258475,0.23750000,99.00000000,0.2351
1749258475,0.23760000,10598.00000000,0.2351
1749258475,0.23770000,137.00000000,0.2351
1749258475,0.23780000,100.00000000,0.2351
1749258475,0.23790000,6394.00000000,0.2351
1749258475,0.23800000,1927.00000000,0.2351
1749258475,0.23810000,1311.00000000,0.2351
1749258475,0.23820000,6449.00000000,0.2351
1749258475,0.23830000,44.00000000,0.2351
1749258475,0.23840000,14863.00000000,0.2351
1749258475,0.23850000,6783.00000000,0.2351
1749258475,0.23860000,153.00000000,0.2351
1749258475,0.23870000,44.00000000,0.2351
1749258475,0.23880000,4277.00000000,0.2351
1749258475,0.23890000,44.00000000,0.2351
1749258475,0.23900000,44.00000000,0.2351
1749258475,0.23910000,44.00000000,0.2351
1749258475,0.23920000,28658.00000000,0.2351
1749258475,0.23930000,44.00000000,0.2351
1749258475,0.23940000,242.00000000,0.2351
1749258475,0.23950000,44.00000000,0.2351
1749258475,0.23960000,44.00000000,0.2351
1749258475,0.23970000,4394.00000000,0.2351
1749258475,0.23980000,44.00000000,0.2351
1749258475,0.23990000,4377.00000000,0.2351
1749258475,0.24000000,66.00000000,0.2351
1749258475,0.24010000,254.00000000,0.2351
1749258475,0.24020000,44.00000000,0.2351
1749258475,0.24030000,26581.00000000,0.2351
1749258475,0.24040000,44.00000000,0.2351
1749258475,0.24050000,44.00000000,0.2351
1749258475,0.24060000,44.00000000,0.2351
1749258475,0.24070000,44.00000000,0.2351
1749258475,0.24080000,44.00000000,0.2351
1749258475,0.24090000,43.00000000,0.2351
1749258475,0.24100000,43.00000000,0.2351
1749258475,0.24110000,67.00000000,0.2351
1749258475,0.24120000,43.00000000,0.2351
1749258475,0.24130000,43.00000000,0.2351
1749258475,0.24140000,43.00000000,0.2351
1749258475,0.24150000,232.00000000,0.2351
1749258475,0.24160000,43.00000000,0.2351
1749258475,0.24170000,68.00000000,0.2351
1749258475,0.24180000,43.00000000,0.2351
1749258475,0.24190000,43.00000000,0.2351
1749258475,0.24200000,76.00000000,0.2351
1749258475,0.24210000,43.00000000,0.2351
1749258475,0.24220000,66.00000000,0.2351
1749258475,0.24230000,76.00000000,0.2351
1749258475,0.24240000,43.00000000,0.2351
1749258475,0.24250000,65.00000000,0.2351
1749258475,0.24260000,165.00000000,0.2351
1749258475,0.24270000,151.00000000,0.2351
1749258475,0.24330000,70.00000000,0.2351
1749258475,0.24440000,65.00000000,0.2351
1749258475,0.24460000,39.00000000,0.2351
1749258475,0.24470000,122.00000000,0.2351
1749258475,0.24480000,49.00000000,0.2351
1749258475,0.24500000,22.00000000,0.2351
1749258475,0.24530000,286.00000000,0.2351
1749258475,0.24540000,61.00000000,0.2351
1749258475,0.24550000,67.00000000,0.2351
1749258475,0.24600000,24.00000000,0.2351
1749258475,0.24610000,23.00000000,0.2351
1749258475,0.24630000,128.00000000,0.2351
1749258475,0.24660000,55.00000000,0.2351
1749258475,0.24730000,55.00000000,0.2351
1749258475,0.24740000,143.00000000,0.2351
1749258475,0.24750000,22.00000000,0.2351
1749258475,0.24760000,24.00000000,0.2351
1749258475,0.24800000,88.00000000,0.2351
1749258475,0.24850000,30.00000000,0.2351
1749258475,0.24870000,1326.00000000,0.2351
1749258475,0.24900000,49.00000000,0.2351
1749258475,0.24920000,61.00000000,0.2351
1749258475,0.24930000,24.00000000,0.2351
1749258475,0.24970000,58.00000000,0.2351
1749258837,0.23530000,422.00000000,0.2352
1749258837,0.23540000,8310.00000000,0.2352
1749258837,0.23550000,25826.00000000,0.2352
1749258837,0.23560000,30719.00000000,0.2352
1749258837,0.23570000,21464.00000000,0.2352
1749258837,0.23580000,15802.00000000,0.2352
1749258837,0.23590000,7067.00000000,0.2352
1749258837,0.23600000,9346.00000000,0.2352
1749258837,0.23610000,2067.00000000,0.2352
1749258837,0.23620000,2091.00000000,0.2352
1749258837,0.23630000,18691.00000000,0.2352
1749258837,0.23640000,7223.00000000,0.2352
1749258837,0.23650000,8416.00000000,0.2352
1749258837,0.23660000,108.00000000,0.2352
1749258837,0.23670000,632.00000000,0.2352
1749258837,0.23680000,6960.00000000,0.2352
1749258837,0.23690000,8104.00000000,0.2352
1749258837,0.23700000,76.00000000,0.2352
1749258837,0.23710000,6426.00000000,0.2352
1749258837,0.23720000,182.00000000,0.2352
1749258837,0.23730000,6426.00000000,0.2352
1749258837,0.23740000,569.00000000,0.2352
1749258837,0.23750000,99.00000000,0.2352
1749258837,0.23760000,10704.00000000,0.2352
1749258837,0.23770000,137.00000000,0.2352
1749258837,0.23780000,100.00000000,0.2352
1749258837,0.23790000,8278.00000000,0.2352
1749258837,0.23800000,150.00000000,0.2352
1749258837,0.23810000,1311.00000000,0.2352
1749258837,0.23820000,6449.00000000,0.2352
1749258837,0.23830000,44.00000000,0.2352
1749258837,0.23840000,14723.00000000,0.2352
1749258837,0.23850000,6783.00000000,0.2352
1749258837,0.23860000,28767.00000000,0.2352
1749258837,0.23870000,44.00000000,0.2352
1749258837,0.23880000,4277.00000000,0.2352
1749258837,0.23890000,44.00000000,0.2352
1749258837,0.23900000,44.00000000,0.2352
1749258837,0.23910000,44.00000000,0.2352
1749258837,0.23920000,44.00000000,0.2352
1749258837,0.23930000,236.00000000,0.2352
1749258837,0.23940000,429.00000000,0.2352
1749258837,0.23950000,44.00000000,0.2352
1749258837,0.23960000,26581.00000000,0.2352
1749258837,0.23970000,4394.00000000,0.2352
1749258837,0.23980000,44.00000000,0.2352
1749258837,0.23990000,4185.00000000,0.2352
1749258837,0.24000000,66.00000000,0.2352
1749258837,0.24010000,67.00000000,0.2352
1749258837,0.24020000,44.00000000,0.2352
1749258837,0.24030000,44.00000000,0.2352
1749258837,0.24040000,44.00000000,0.2352
1749258837,0.24050000,44.00000000,0.2352
1749258837,0.24060000,44.00000000,0.2352
1749258837,0.24070000,44.00000000,0.2352
1749258837,0.24080000,44.00000000,0.2352
1749258837,0.24090000,43.00000000,0.2352
1749258837,0.24100000,43.00000000,0.2352
1749258837,0.24110000,67.00000000,0.2352
1749258837,0.24120000,43.00000000,0.2352
1749258837,0.24130000,43.00000000,0.2352
1749258837,0.24140000,43.00000000,0.2352
1749258837,0.24150000,232.00000000,0.2352
1749258837,0.24160000,43.00000000,0.2352
1749258837,0.24170000,68.00000000,0.2352
1749258837,0.24180000,43.00000000,0.2352
1749258837,0.24190000,43.00000000,0.2352
1749258837,0.24200000,76.00000000,0.2352
1749258837,0.24210000,43.00000000,0.2352
1749258837,0.24220000,66.00000000,0.2352
1749258837,0.24230000,76.00000000,0.2352
1749258837,0.24240000,43.00000000,0.2352
1749258837,0.24250000,65.00000000,0.2352
1749258837,0.24260000,165.00000000,0.2352
1749258837,0.24270000,151.00000000,0.2352
1749258837,0.24280000,43.00000000,0.2352
1749258837,0.24330000,70.00000000,0.2352
1749258837,0.24440000,65.00000000,0.2352
1749258837,0.24460000,39.00000000,0.2352
1749258837,0.24470000,122.00000000,0.2352
1749258837,0.24480000,49.00000000,0.2352
1749258837,0.24500000,22.00000000,0.2352
1749258837,0.24530000,286.00000000,0.2352
1749258837,0.24540000,61.00000000,0.2352
1749258837,0.24550000,67.00000000,0.2352
1749258837,0.24600000,24.00000000,0.2352
1749258837,0.24610000,23.00000000,0.2352
1749258837,0.24630000,128.00000000,0.2352
1749258837,0.24660000,55.00000000,0.2352
1749258837,0.24730000,55.00000000,0.2352
1749258837,0.24740000,143.00000000,0.2352
1749258837,0.24750000,22.00000000,0.2352
1749258837,0.24760000,24.00000000,0.2352
1749258837,0.24800000,88.00000000,0.2352
1749258837,0.24850000,30.00000000,0.2352
1749258837,0.24870000,1326.00000000,0.2352
1749258837,0.24900000,49.00000000,0.2352
1749258837,0.24920000,61.00000000,0.2352
1749258837,0.24930000,24.00000000,0.2352
1749258837,0.24970000,58.00000000,0.2352
1749259143,0.23500000,5090.00000000,0.2348
1749259143,0.23510000,4425.00000000,0.2348
1749259143,0.23520000,14045.00000000,0.2348
1749259143,0.23530000,19443.00000000,0.2348
1749259143,0.23540000,28722.00000000,0.2348
1749259143,0.23550000,24105.00000000,0.2348
1749259143,0.23560000,12669.00000000,0.2348
1749259143,0.23570000,536.00000000,0.2348
1749259143,0.23580000,13218.00000000,0.2348
1749259143,0.23590000,12770.00000000,0.2348
1749259143,0.23600000,13066.00000000,0.2348
1749259143,0.23610000,109.00000000,0.2348
1749259143,0.23620000,562.00000000,0.2348
1749259143,0.23630000,6459.00000000,0.2348
1749259143,0.23640000,1137.00000000,0.2348
1749259143,0.23650000,8321.00000000,0.2348
1749259143,0.23660000,8135.00000000,0.2348
1749259143,0.23670000,204.00000000,0.2348
1749259143,0.23680000,6532.00000000,0.2348
1749259143,0.23690000,76.00000000,0.2348
1749259143,0.23700000,76.00000000,0.2348
1749259143,0.23710000,6426.00000000,0.2348
1749259143,0.23720000,182.00000000,0.2348
1749259143,0.23730000,6426.00000000,0.2348
1749259143,0.23740000,76.00000000,0.2348
1749259143,0.23750000,99.00000000,0.2348
1749259143,0.23760000,10704.00000000,0.2348
1749259143,0.23770000,137.00000000,0.2348
1749259143,0.23780000,14918.00000000,0.2348
1749259143,0.23790000,6783.00000000,0.2348
1749259143,0.23800000,44.00000000,0.2348
1749259143,0.23810000,1311.00000000,0.2348
1749259143,0.23820000,6449.00000000,0.2348
1749259143,0.23830000,44.00000000,0.2348
1749259143,0.23840000,44.00000000,0.2348
1749259143,0.23850000,4277.00000000,0.2348
1749259143,0.23860000,28767.00000000,0.2348
1749259143,0.23870000,44.00000000,0.2348
1749259143,0.23880000,4277.00000000,0.2348
1749259143,0.23890000,44.00000000,0.2348
1749259143,0.23900000,44.00000000,0.2348
1749259143,0.23910000,44.00000000,0.2348
1749259143,0.23920000,44.00000000,0.2348
1749259143,0.23930000,236.00000000,0.2348
1749259143,0.23940000,429.00000000,0.2348
1749259143,0.23950000,44.00000000,0.2348
1749259143,0.23960000,26581.00000000,0.2348
1749259143,0.23970000,4394.00000000,0.2348
1749259143,0.23980000,44.00000000,0.2348
1749259143,0.23990000,4185.00000000,0.2348
1749259143,0.24000000,66.00000000,0.2348
1749259143,0.24010000,67.00000000,0.2348
1749259143,0.24020000,44.00000000,0.2348
1749259143,0.24030000,44.00000000,0.2348
1749259143,0.24040000,44.00000000,0.2348
1749259143,0.24050000,44.00000000,0.2348
1749259143,0.24060000,44.00000000,0.2348
1749259143,0.24070000,44.00000000,0.2348
1749259143,0.24080000,44.00000000,0.2348
1749259143,0.24090000,43.00000000,0.2348
1749259143,0.24100000,43.00000000,0.2348
1749259143,0.24110000,67.00000000,0.2348
1749259143,0.24120000,43.00000000,0.2348
1749259143,0.24130000,43.00000000,0.2348
1749259143,0.24140000,43.00000000,0.2348
1749259143,0.24150000,232.00000000,0.2348
1749259143,0.24160000,43.00000000,0.2348
1749259143,0.24170000,68.00000000,0.2348
1749259143,0.24180000,43.00000000,0.2348
1749259143,0.24190000,43.00000000,0.2348
1749259143,0.24200000,76.00000000,0.2348
1749259143,0.24210000,43.00000000,0.2348
1749259143,0.24220000,66.00000000,0.2348
1749259143,0.24230000,76.00000000,0.2348
1749259143,0.24240000,43.00000000,0.2348
1749259143,0.24250000,65.00000000,0.2348
1749259143,0.24260000,122.00000000,0.2348
1749259143,0.24270000,108.00000000,0.2348
1749259143,0.24330000,70.00000000,0.2348
1749259143,0.24440000,65.00000000,0.2348
1749259143,0.24460000,39.00000000,0.2348
1749259143,0.24470000,122.00000000,0.2348
1749259143,0.24480000,49.00000000,0.2348
1749259143,0.24500000,22.00000000,0.2348
1749259143,0.24530000,286.00000000,0.2348
1749259143,0.24540000,61.00000000,0.2348
1749259143,0.24550000,67.00000000,0.2348
1749259143,0.24600000,24.00000000,0.2348
1749259143,0.24610000,23.00000000,0.2348
1749259143,0.24630000,128.00000000,0.2348
1749259143,0.24660000,55.00000000,0.2348
1749259143,0.24730000,55.00000000,0.2348
1749259143,0.24740000,143.00000000,0.2348
1749259143,0.24750000,22.00000000,0.2348
1749259143,0.24760000,24.00000000,0.2348
1749259143,0.24800000,88.00000000,0.2348
1749259143,0.24850000,30.00000000,0.2348
1749259143,0.24870000,1326.00000000,0.2348
1749259143,0.24900000,49.00000000,0.2348
1749259143,0.24920000,61.00000000,0.2348
