timestamp,price,volume,current_price
1749254740,0.23280000,44.00000000,0.2327
1749254740,0.23290000,17060.00000000,0.2327
1749254740,0.23300000,15131.00000000,0.2327
1749254740,0.23310000,21593.00000000,0.2327
1749254740,0.23320000,24722.00000000,0.2327
1749254740,0.23330000,19021.00000000,0.2327
1749254740,0.23340000,9266.00000000,0.2327
1749254740,0.23350000,17007.00000000,0.2327
1749254740,0.23360000,4297.00000000,0.2327
1749254740,0.23370000,7298.00000000,0.2327
1749254740,0.23380000,14999.00000000,0.2327
1749254740,0.23390000,7636.00000000,0.2327
1749254740,0.23400000,3864.00000000,0.2327
1749254740,0.23410000,2073.00000000,0.2327
1749254740,0.23420000,9852.00000000,0.2327
1749254740,0.23430000,542.00000000,0.2327
1749254740,0.23440000,5873.00000000,0.2327
1749254740,0.23450000,3748.00000000,0.2327
1749254740,0.23460000,5840.00000000,0.2327
1749254740,0.23470000,77.00000000,0.2327
1749254740,0.23480000,7957.00000000,0.2327
1749254740,0.23490000,570.00000000,0.2327
1749254740,0.23500000,5862.00000000,0.2327
1749254740,0.23510000,2194.00000000,0.2327
1749254740,0.23520000,4310.00000000,0.2327
1749254740,0.23530000,120.00000000,0.2327
1749254740,0.23540000,6427.00000000,0.2327
1749254740,0.23550000,77.00000000,0.2327
1749254740,0.23560000,77.00000000,0.2327
1749254740,0.23570000,7694.00000000,0.2327
1749254740,0.23580000,44.00000000,0.2327
1749254740,0.23590000,44.00000000,0.2327
1749254740,0.23600000,6394.00000000,0.2327
1749254740,0.23610000,966.00000000,0.2327
1749254740,0.23620000,28682.00000000,0.2327
1749254740,0.23630000,44.00000000,0.2327
1749254740,0.23640000,44.00000000,0.2327
1749254740,0.23650000,44.00000000,0.2327
1749254740,0.23660000,236.00000000,0.2327
1749254740,0.23670000,2166.00000000,0.2327
1749254740,0.23680000,44.00000000,0.2327
1749254740,0.23690000,44.00000000,0.2327
1749254740,0.23700000,44.00000000,0.2327
1749254740,0.23710000,44.00000000,0.2327
1749254740,0.23720000,44.00000000,0.2327
1749254740,0.23730000,44.00000000,0.2327
1749254740,0.23740000,44.00000000,0.2327
1749254740,0.23750000,4208.00000000,0.2327
1749254740,0.23760000,4216.00000000,0.2327
1749254740,0.23770000,105.00000000,0.2327
1749254740,0.23780000,26605.00000000,0.2327
1749254740,0.23790000,44.00000000,0.2327
1749254740,0.23800000,44.00000000,0.2327
1749254740,0.23810000,236.00000000,0.2327
1749254740,0.23820000,286.00000000,0.2327
1749254740,0.23830000,44.00000000,0.2327
1749254740,0.23840000,44.00000000,0.2327
1749254740,0.23850000,44.00000000,0.2327
1749254740,0.23860000,153.00000000,0.2327
1749254740,0.23870000,44.00000000,0.2327
1749254740,0.23880000,44.00000000,0.2327
1749254740,0.23890000,44.00000000,0.2327
1749254740,0.23900000,44.00000000,0.2327
1749254740,0.23910000,44.00000000,0.2327
1749254740,0.23920000,44.00000000,0.2327
1749254740,0.23930000,44.00000000,0.2327
1749254740,0.23940000,242.00000000,0.2327
1749254740,0.23950000,44.00000000,0.2327
1749254740,0.23960000,44.00000000,0.2327
1749254740,0.23970000,2597.00000000,0.2327
1749254740,0.23980000,44.00000000,0.2327
1749254740,0.23990000,44.00000000,0.2327
1749254740,0.24000000,66.00000000,0.2327
1749254740,0.24010000,67.00000000,0.2327
1749254740,0.24020000,44.00000000,0.2327
1749254740,0.24030000,44.00000000,0.2327
1749254740,0.24110000,24.00000000,0.2327
1749254740,0.24150000,189.00000000,0.2327
1749254740,0.24170000,25.00000000,0.2327
1749254740,0.24200000,33.00000000,0.2327
1749254740,0.24220000,23.00000000,0.2327
1749254740,0.24230000,33.00000000,0.2327
1749254740,0.24250000,22.00000000,0.2327
1749254740,0.24260000,122.00000000,0.2327
1749254740,0.24270000,108.00000000,0.2327
1749254740,0.24330000,70.00000000,0.2327
1749254740,0.24440000,65.00000000,0.2327
1749254740,0.24460000,39.00000000,0.2327
1749254740,0.24470000,122.00000000,0.2327
1749254740,0.24480000,49.00000000,0.2327
1749254740,0.24500000,22.00000000,0.2327
1749254740,0.24530000,286.00000000,0.2327
1749254740,0.24540000,61.00000000,0.2327
1749254740,0.24550000,67.00000000,0.2327
1749254740,0.24600000,24.00000000,0.2327
1749254740,0.24610000,23.00000000,0.2327
1749254740,0.24630000,128.00000000,0.2327
1749254740,0.24660000,55.00000000,0.2327
1749254740,0.24730000,55.00000000,0.2327
1749254740,0.24740000,143.00000000,0.2327
1749255070,0.23300000,2044.00000000,0.233
1749255070,0.23310000,7166.00000000,0.233
1749255070,0.23320000,19605.00000000,0.233
1749255070,0.23330000,19688.00000000,0.233
1749255070,0.23340000,27113.00000000,0.233
1749255070,0.23350000,28816.00000000,0.233
1749255070,0.23360000,13342.00000000,0.233
1749255070,0.23370000,6540.00000000,0.233
1749255070,0.23380000,15803.00000000,0.233
1749255070,0.23390000,6305.00000000,0.233
1749255070,0.23400000,7091.00000000,0.233
1749255070,0.23410000,2073.00000000,0.233
1749255070,0.23420000,8097.00000000,0.233
1749255070,0.23430000,3835.00000000,0.233
1749255070,0.23440000,6412.00000000,0.233
1749255070,0.23450000,4180.00000000,0.233
1749255070,0.23460000,14017.00000000,0.233
1749255070,0.23470000,77.00000000,0.233
1749255070,0.23480000,9814.00000000,0.233
1749255070,0.23490000,570.00000000,0.233
1749255070,0.23500000,5862.00000000,0.233
1749255070,0.23510000,3724.00000000,0.233
1749255070,0.23520000,5840.00000000,0.233
1749255070,0.23530000,120.00000000,0.233
1749255070,0.23540000,7957.00000000,0.233
1749255070,0.23550000,77.00000000,0.233
1749255070,0.23560000,77.00000000,0.233
1749255070,0.23570000,7694.00000000,0.233
1749255070,0.23580000,44.00000000,0.233
1749255070,0.23590000,14840.00000000,0.233
1749255070,0.23600000,6394.00000000,0.233
1749255070,0.23610000,966.00000000,0.233
1749255070,0.23620000,28682.00000000,0.233
1749255070,0.23630000,44.00000000,0.233
1749255070,0.23640000,44.00000000,0.233
1749255070,0.23650000,44.00000000,0.233
1749255070,0.23660000,236.00000000,0.233
1749255070,0.23670000,2166.00000000,0.233
1749255070,0.23680000,44.00000000,0.233
1749255070,0.23690000,44.00000000,0.233
1749255070,0.23700000,44.00000000,0.233
1749255070,0.23710000,44.00000000,0.233
1749255070,0.23720000,44.00000000,0.233
1749255070,0.23730000,44.00000000,0.233
1749255070,0.23740000,44.00000000,0.233
1749255070,0.23750000,67.00000000,0.233
1749255070,0.23760000,4216.00000000,0.233
1749255070,0.23770000,105.00000000,0.233
1749255070,0.23780000,26605.00000000,0.233
1749255070,0.23790000,44.00000000,0.233
1749255070,0.23800000,44.00000000,0.233
1749255070,0.23810000,4377.00000000,0.233
1749255070,0.23820000,286.00000000,0.233
1749255070,0.23830000,44.00000000,0.233
1749255070,0.23840000,44.00000000,0.233
1749255070,0.23850000,44.00000000,0.233
1749255070,0.23860000,153.00000000,0.233
1749255070,0.23870000,44.00000000,0.233
1749255070,0.23880000,44.00000000,0.233
1749255070,0.23890000,44.00000000,0.233
1749255070,0.23900000,44.00000000,0.233
1749255070,0.23910000,44.00000000,0.233
1749255070,0.23920000,44.00000000,0.233
1749255070,0.23930000,44.00000000,0.233
1749255070,0.23940000,242.00000000,0.233
1749255070,0.23950000,44.00000000,0.233
1749255070,0.23960000,44.00000000,0.233
1749255070,0.23970000,2597.00000000,0.233
1749255070,0.23980000,44.00000000,0.233
1749255070,0.23990000,44.00000000,0.233
1749255070,0.24000000,66.00000000,0.233
1749255070,0.24010000,67.00000000,0.233
1749255070,0.24020000,44.00000000,0.233
1749255070,0.24030000,44.00000000,0.233
1749255070,0.24040000,44.00000000,0.233
1749255070,0.24050000,44.00000000,0.233
1749255070,0.24110000,24.00000000,0.233
1749255070,0.24150000,189.00000000,0.233
1749255070,0.24170000,25.00000000,0.233
1749255070,0.24200000,33.00000000,0.233
1749255070,0.24220000,23.00000000,0.233
1749255070,0.24230000,33.00000000,0.233
1749255070,0.24250000,22.00000000,0.233
1749255070,0.24260000,122.00000000,0.233
1749255070,0.24270000,108.00000000,0.233
1749255070,0.24330000,70.00000000,0.233
1749255070,0.24440000,65.00000000,0.233
1749255070,0.24460000,39.00000000,0.233
1749255070,0.24470000,122.00000000,0.233
1749255070,0.24480000,49.00000000,0.233
1749255070,0.24500000,22.00000000,0.233
1749255070,0.24530000,286.00000000,0.233
1749255070,0.24540000,61.00000000,0.233
1749255070,0.24550000,67.00000000,0.233
1749255070,0.24600000,24.00000000,0.233
1749255070,0.24610000,23.00000000,0.233
1749255070,0.24630000,128.00000000,0.233
1749255070,0.24660000,55.00000000,0.233
1749255070,0.24730000,55.00000000,0.233
1749255070,0.24740000,143.00000000,0.233
