timestamp,price,volume,current_price
1749260858,0.23540000,1573.00000000,0.2353
1749260858,0.23550000,31468.00000000,0.2353
1749260858,0.23560000,34436.00000000,0.2353
1749260858,0.23570000,19649.00000000,0.2353
1749260858,0.23580000,22015.00000000,0.2353
1749260858,0.23590000,16437.00000000,0.2353
1749260858,0.23600000,14888.00000000,0.2353
1749260858,0.23610000,2449.00000000,0.2353
1749260858,0.23620000,1663.00000000,0.2353
1749260858,0.23630000,20454.00000000,0.2353
1749260858,0.23640000,4839.00000000,0.2353
1749260858,0.23650000,7956.00000000,0.2353
1749260858,0.23660000,76.00000000,0.2353
1749260858,0.23670000,204.00000000,0.2353
1749260858,0.23680000,7956.00000000,0.2353
1749260858,0.23690000,9800.00000000,0.2353
1749260858,0.23700000,76.00000000,0.2353
1749260858,0.23710000,6426.00000000,0.2353
1749260858,0.23720000,569.00000000,0.2353
1749260858,0.23730000,6426.00000000,0.2353
1749260858,0.23740000,76.00000000,0.2353
1749260858,0.23750000,99.00000000,0.2353
1749260858,0.23760000,10598.00000000,0.2353
1749260858,0.23770000,137.00000000,0.2353
1749260858,0.23780000,100.00000000,0.2353
1749260858,0.23790000,6394.00000000,0.2353
1749260858,0.23800000,44.00000000,0.2353
1749260858,0.23810000,1311.00000000,0.2353
1749260858,0.23820000,4332.00000000,0.2353
1749260858,0.23830000,44.00000000,0.2353
1749260858,0.23840000,15041.00000000,0.2353
1749260858,0.23850000,4666.00000000,0.2353
1749260858,0.23860000,28767.00000000,0.2353
1749260858,0.23870000,44.00000000,0.2353
1749260858,0.23880000,44.00000000,0.2353
1749260858,0.23890000,44.00000000,0.2353
1749260858,0.23900000,44.00000000,0.2353
1749260858,0.23910000,44.00000000,0.2353
1749260858,0.23920000,44.00000000,0.2353
1749260858,0.23930000,44.00000000,0.2353
1749260858,0.23940000,242.00000000,0.2353
1749260858,0.23950000,44.00000000,0.2353
1749260858,0.23960000,26581.00000000,0.2353
1749260858,0.23970000,4394.00000000,0.2353
1749260858,0.23980000,44.00000000,0.2353
1749260858,0.23990000,4377.00000000,0.2353
1749260858,0.24000000,66.00000000,0.2353
1749260858,0.24010000,254.00000000,0.2353
1749260858,0.24020000,44.00000000,0.2353
1749260858,0.24030000,44.00000000,0.2353
1749260858,0.24040000,44.00000000,0.2353
1749260858,0.24050000,44.00000000,0.2353
1749260858,0.24060000,44.00000000,0.2353
1749260858,0.24070000,44.00000000,0.2353
1749260858,0.24080000,44.00000000,0.2353
1749260858,0.24090000,43.00000000,0.2353
1749260858,0.24100000,43.00000000,0.2353
1749260858,0.24110000,67.00000000,0.2353
1749260858,0.24120000,43.00000000,0.2353
1749260858,0.24130000,43.00000000,0.2353
1749260858,0.24140000,43.00000000,0.2353
1749260858,0.24150000,232.00000000,0.2353
1749260858,0.24160000,43.00000000,0.2353
1749260858,0.24170000,68.00000000,0.2353
1749260858,0.24180000,43.00000000,0.2353
1749260858,0.24190000,43.00000000,0.2353
1749260858,0.24200000,76.00000000,0.2353
1749260858,0.24210000,43.00000000,0.2353
1749260858,0.24220000,66.00000000,0.2353
1749260858,0.24230000,76.00000000,0.2353
1749260858,0.24240000,43.00000000,0.2353
1749260858,0.24250000,65.00000000,0.2353
1749260858,0.24260000,165.00000000,0.2353
1749260858,0.24270000,151.00000000,0.2353
1749260858,0.24280000,43.00000000,0.2353
1749260858,0.24290000,43.00000000,0.2353
1749260858,0.24330000,70.00000000,0.2353
1749260858,0.24440000,65.00000000,0.2353
1749260858,0.24460000,39.00000000,0.2353
1749260858,0.24470000,122.00000000,0.2353
1749260858,0.24480000,49.00000000,0.2353
1749260858,0.24500000,22.00000000,0.2353
1749260858,0.24530000,286.00000000,0.2353
1749260858,0.24540000,61.00000000,0.2353
1749260858,0.24550000,67.00000000,0.2353
1749260858,0.24600000,24.00000000,0.2353
1749260858,0.24610000,23.00000000,0.2353
1749260858,0.24630000,128.00000000,0.2353
1749260858,0.24660000,55.00000000,0.2353
1749260858,0.24730000,55.00000000,0.2353
1749260858,0.24740000,143.00000000,0.2353
1749260858,0.24750000,22.00000000,0.2353
1749260858,0.24760000,24.00000000,0.2353
1749260858,0.24800000,88.00000000,0.2353
1749260858,0.24850000,30.00000000,0.2353
1749260858,0.24870000,1326.00000000,0.2353
1749260858,0.24900000,49.00000000,0.2353
1749260858,0.24920000,61.00000000,0.2353
1749260858,0.24930000,24.00000000,0.2353
1749260858,0.24970000,58.00000000,0.2353
1749261184,0.23520000,43.00000000,0.2351
1749261184,0.23530000,9886.00000000,0.2351
1749261184,0.23540000,25614.00000000,0.2351
1749261184,0.23550000,20588.00000000,0.2351
1749261184,0.23560000,24836.00000000,0.2351
1749261184,0.23570000,18348.00000000,0.2351
1749261184,0.23580000,27072.00000000,0.2351
1749261184,0.23590000,13586.00000000,0.2351
1749261184,0.23600000,8416.00000000,0.2351
1749261184,0.23610000,2066.00000000,0.2351
1749261184,0.23620000,9323.00000000,0.2351
1749261184,0.23630000,19119.00000000,0.2351
1749261184,0.23640000,5725.00000000,0.2351
1749261184,0.23650000,8415.00000000,0.2351
1749261184,0.23660000,108.00000000,0.2351
1749261184,0.23670000,236.00000000,0.2351
1749261184,0.23680000,7956.00000000,0.2351
1749261184,0.23690000,8292.00000000,0.2351
1749261184,0.23700000,76.00000000,0.2351
1749261184,0.23710000,6426.00000000,0.2351
1749261184,0.23720000,569.00000000,0.2351
1749261184,0.23730000,6426.00000000,0.2351
1749261184,0.23740000,76.00000000,0.2351
1749261184,0.23750000,99.00000000,0.2351
1749261184,0.23760000,10598.00000000,0.2351
1749261184,0.23770000,137.00000000,0.2351
1749261184,0.23780000,100.00000000,0.2351
1749261184,0.23790000,6394.00000000,0.2351
1749261184,0.23800000,44.00000000,0.2351
1749261184,0.23810000,1311.00000000,0.2351
1749261184,0.23820000,6449.00000000,0.2351
1749261184,0.23830000,44.00000000,0.2351
1749261184,0.23840000,15041.00000000,0.2351
1749261184,0.23850000,6394.00000000,0.2351
1749261184,0.23860000,153.00000000,0.2351
1749261184,0.23870000,44.00000000,0.2351
1749261184,0.23880000,4277.00000000,0.2351
1749261184,0.23890000,44.00000000,0.2351
1749261184,0.23900000,44.00000000,0.2351
1749261184,0.23910000,433.00000000,0.2351
1749261184,0.23920000,28658.00000000,0.2351
1749261184,0.23930000,44.00000000,0.2351
1749261184,0.23940000,242.00000000,0.2351
1749261184,0.23950000,44.00000000,0.2351
1749261184,0.23960000,44.00000000,0.2351
1749261184,0.23970000,4394.00000000,0.2351
1749261184,0.23980000,44.00000000,0.2351
1749261184,0.23990000,4377.00000000,0.2351
1749261184,0.24000000,66.00000000,0.2351
1749261184,0.24010000,254.00000000,0.2351
1749261184,0.24020000,44.00000000,0.2351
1749261184,0.24030000,26581.00000000,0.2351
1749261184,0.24040000,44.00000000,0.2351
1749261184,0.24050000,44.00000000,0.2351
1749261184,0.24060000,44.00000000,0.2351
1749261184,0.24070000,44.00000000,0.2351
1749261184,0.24080000,44.00000000,0.2351
1749261184,0.24090000,43.00000000,0.2351
1749261184,0.24100000,43.00000000,0.2351
1749261184,0.24110000,67.00000000,0.2351
1749261184,0.24120000,43.00000000,0.2351
1749261184,0.24130000,43.00000000,0.2351
1749261184,0.24140000,43.00000000,0.2351
1749261184,0.24150000,232.00000000,0.2351
1749261184,0.24160000,43.00000000,0.2351
1749261184,0.24170000,68.00000000,0.2351
1749261184,0.24180000,43.00000000,0.2351
1749261184,0.24190000,43.00000000,0.2351
1749261184,0.24200000,76.00000000,0.2351
1749261184,0.24210000,43.00000000,0.2351
1749261184,0.24220000,66.00000000,0.2351
1749261184,0.24230000,76.00000000,0.2351
1749261184,0.24240000,43.00000000,0.2351
1749261184,0.24250000,65.00000000,0.2351
1749261184,0.24260000,165.00000000,0.2351
1749261184,0.24270000,151.00000000,0.2351
1749261184,0.24330000,70.00000000,0.2351
1749261184,0.24440000,65.00000000,0.2351
1749261184,0.24460000,39.00000000,0.2351
1749261184,0.24470000,122.00000000,0.2351
1749261184,0.24480000,49.00000000,0.2351
1749261184,0.24500000,22.00000000,0.2351
1749261184,0.24530000,286.00000000,0.2351
1749261184,0.24540000,61.00000000,0.2351
1749261184,0.24550000,67.00000000,0.2351
1749261184,0.24600000,24.00000000,0.2351
1749261184,0.24610000,23.00000000,0.2351
1749261184,0.24630000,128.00000000,0.2351
1749261184,0.24660000,55.00000000,0.2351
1749261184,0.24730000,55.00000000,0.2351
1749261184,0.24740000,143.00000000,0.2351
1749261184,0.24750000,22.00000000,0.2351
1749261184,0.24760000,24.00000000,0.2351
1749261184,0.24800000,88.00000000,0.2351
1749261184,0.24850000,30.00000000,0.2351
1749261184,0.24870000,1326.00000000,0.2351
1749261184,0.24900000,49.00000000,0.2351
1749261184,0.24920000,61.00000000,0.2351
1749261184,0.24930000,24.00000000,0.2351
1749261184,0.24970000,58.00000000,0.2351
1749261498,0.23540000,43.00000000,0.2352
1749261498,0.23550000,23794.00000000,0.2352
1749261498,0.23560000,22277.00000000,0.2352
1749261498,0.23570000,29634.00000000,0.2352
1749261498,0.23580000,34935.00000000,0.2352
1749261498,0.23590000,12486.00000000,0.2352
1749261498,0.23600000,8343.00000000,0.2352
1749261498,0.23610000,2882.00000000,0.2352
1749261498,0.23620000,2091.00000000,0.2352
1749261498,0.23630000,19449.00000000,0.2352
1749261498,0.23640000,8998.00000000,0.2352
1749261498,0.23650000,7988.00000000,0.2352
1749261498,0.23660000,536.00000000,0.2352
1749261498,0.23670000,2194.00000000,0.2352
1749261498,0.23680000,7956.00000000,0.2352
1749261498,0.23690000,1606.00000000,0.2352
1749261498,0.23700000,76.00000000,0.2352
1749261498,0.23710000,6426.00000000,0.2352
1749261498,0.23720000,8578.00000000,0.2352
1749261498,0.23730000,6426.00000000,0.2352
1749261498,0.23740000,76.00000000,0.2352
1749261498,0.23750000,99.00000000,0.2352
1749261498,0.23760000,10598.00000000,0.2352
1749261498,0.23770000,137.00000000,0.2352
1749261498,0.23780000,100.00000000,0.2352
1749261498,0.23790000,6394.00000000,0.2352
1749261498,0.23800000,44.00000000,0.2352
1749261498,0.23810000,1311.00000000,0.2352
1749261498,0.23820000,6449.00000000,0.2352
1749261498,0.23830000,44.00000000,0.2352
1749261498,0.23840000,15041.00000000,0.2352
1749261498,0.23850000,6394.00000000,0.2352
1749261498,0.23860000,153.00000000,0.2352
1749261498,0.23870000,44.00000000,0.2352
1749261498,0.23880000,4277.00000000,0.2352
1749261498,0.23890000,44.00000000,0.2352
1749261498,0.23900000,44.00000000,0.2352
1749261498,0.23910000,433.00000000,0.2352
1749261498,0.23920000,28658.00000000,0.2352
1749261498,0.23930000,44.00000000,0.2352
1749261498,0.23940000,242.00000000,0.2352
1749261498,0.23950000,44.00000000,0.2352
1749261498,0.23960000,44.00000000,0.2352
1749261498,0.23970000,4394.00000000,0.2352
1749261498,0.23980000,44.00000000,0.2352
1749261498,0.23990000,4377.00000000,0.2352
1749261498,0.24000000,66.00000000,0.2352
1749261498,0.24010000,254.00000000,0.2352
1749261498,0.24020000,44.00000000,0.2352
1749261498,0.24030000,26581.00000000,0.2352
1749261498,0.24040000,44.00000000,0.2352
1749261498,0.24050000,44.00000000,0.2352
1749261498,0.24060000,44.00000000,0.2352
1749261498,0.24070000,44.00000000,0.2352
1749261498,0.24080000,44.00000000,0.2352
1749261498,0.24090000,43.00000000,0.2352
1749261498,0.24100000,43.00000000,0.2352
1749261498,0.24110000,67.00000000,0.2352
1749261498,0.24120000,43.00000000,0.2352
1749261498,0.24130000,43.00000000,0.2352
1749261498,0.24140000,43.00000000,0.2352
1749261498,0.24150000,232.00000000,0.2352
1749261498,0.24160000,43.00000000,0.2352
1749261498,0.24170000,68.00000000,0.2352
1749261498,0.24180000,43.00000000,0.2352
1749261498,0.24190000,43.00000000,0.2352
1749261498,0.24200000,76.00000000,0.2352
1749261498,0.24210000,43.00000000,0.2352
1749261498,0.24220000,66.00000000,0.2352
1749261498,0.24230000,76.00000000,0.2352
1749261498,0.24240000,43.00000000,0.2352
1749261498,0.24250000,65.00000000,0.2352
1749261498,0.24260000,165.00000000,0.2352
1749261498,0.24270000,151.00000000,0.2352
1749261498,0.24280000,43.00000000,0.2352
1749261498,0.24290000,43.00000000,0.2352
1749261498,0.24330000,70.00000000,0.2352
1749261498,0.24440000,65.00000000,0.2352
1749261498,0.24460000,39.00000000,0.2352
1749261498,0.24470000,122.00000000,0.2352
1749261498,0.24480000,49.00000000,0.2352
1749261498,0.24500000,22.00000000,0.2352
1749261498,0.24530000,286.00000000,0.2352
1749261498,0.24540000,61.00000000,0.2352
1749261498,0.24550000,67.00000000,0.2352
1749261498,0.24600000,24.00000000,0.2352
1749261498,0.24610000,23.00000000,0.2352
1749261498,0.24630000,128.00000000,0.2352
1749261498,0.24660000,55.00000000,0.2352
1749261498,0.24730000,55.00000000,0.2352
1749261498,0.24740000,143.00000000,0.2352
1749261498,0.24750000,22.00000000,0.2352
1749261498,0.24760000,24.00000000,0.2352
1749261498,0.24800000,88.00000000,0.2352
1749261498,0.24850000,30.00000000,0.2352
1749261498,0.24870000,1326.00000000,0.2352
1749261498,0.24900000,49.00000000,0.2352
1749261498,0.24920000,61.00000000,0.2352
1749261498,0.24930000,24.00000000,0.2352
1749261498,0.24970000,58.00000000,0.2352
1749261809,0.23500000,1952.00000000,0.2352
1749261809,0.23510000,21003.00000000,0.2352
1749261809,0.23520000,23749.00000000,0.2352
1749261809,0.23530000,12614.00000000,0.2352
1749261809,0.23540000,40008.00000000,0.2352
1749261809,0.23550000,15171.00000000,0.2352
1749261809,0.23560000,21591.00000000,0.2352
1749261809,0.23570000,7065.00000000,0.2352
1749261809,0.23580000,15259.00000000,0.2352
1749261809,0.23590000,13574.00000000,0.2352
1749261809,0.23600000,8417.00000000,0.2352
1749261809,0.23610000,5272.00000000,0.2352
1749261809,0.23620000,2091.00000000,0.2352
1749261809,0.23630000,18691.00000000,0.2352
1749261809,0.23640000,4196.00000000,0.2352
1749261809,0.23650000,6458.00000000,0.2352
1749261809,0.23660000,536.00000000,0.2352
1749261809,0.23670000,236.00000000,0.2352
1749261809,0.23680000,6426.00000000,0.2352
1749261809,0.23690000,8162.00000000,0.2352
1749261809,0.23700000,76.00000000,0.2352
1749261809,0.23710000,6426.00000000,0.2352
1749261809,0.23720000,569.00000000,0.2352
1749261809,0.23730000,6426.00000000,0.2352
1749261809,0.23740000,76.00000000,0.2352
1749261809,0.23750000,99.00000000,0.2352
1749261809,0.23760000,10598.00000000,0.2352
1749261809,0.23770000,137.00000000,0.2352
1749261809,0.23780000,100.00000000,0.2352
1749261809,0.23790000,6394.00000000,0.2352
1749261809,0.23800000,44.00000000,0.2352
1749261809,0.23810000,1311.00000000,0.2352
1749261809,0.23820000,6449.00000000,0.2352
1749261809,0.23830000,44.00000000,0.2352
1749261809,0.23840000,15041.00000000,0.2352
1749261809,0.23850000,6394.00000000,0.2352
1749261809,0.23860000,153.00000000,0.2352
1749261809,0.23870000,44.00000000,0.2352
1749261809,0.23880000,4277.00000000,0.2352
1749261809,0.23890000,44.00000000,0.2352
1749261809,0.23900000,44.00000000,0.2352
1749261809,0.23910000,433.00000000,0.2352
1749261809,0.23920000,28658.00000000,0.2352
1749261809,0.23930000,44.00000000,0.2352
1749261809,0.23940000,242.00000000,0.2352
1749261809,0.23950000,44.00000000,0.2352
1749261809,0.23960000,44.00000000,0.2352
1749261809,0.23970000,4394.00000000,0.2352
1749261809,0.23980000,44.00000000,0.2352
1749261809,0.23990000,4377.00000000,0.2352
1749261809,0.24000000,66.00000000,0.2352
1749261809,0.24010000,254.00000000,0.2352
1749261809,0.24020000,44.00000000,0.2352
1749261809,0.24030000,26581.00000000,0.2352
1749261809,0.24040000,44.00000000,0.2352
1749261809,0.24050000,44.00000000,0.2352
1749261809,0.24060000,44.00000000,0.2352
1749261809,0.24070000,44.00000000,0.2352
1749261809,0.24080000,44.00000000,0.2352
1749261809,0.24090000,43.00000000,0.2352
1749261809,0.24100000,43.00000000,0.2352
1749261809,0.24110000,67.00000000,0.2352
1749261809,0.24120000,43.00000000,0.2352
1749261809,0.24130000,43.00000000,0.2352
1749261809,0.24140000,43.00000000,0.2352
1749261809,0.24150000,232.00000000,0.2352
1749261809,0.24160000,43.00000000,0.2352
1749261809,0.24170000,68.00000000,0.2352
1749261809,0.24180000,43.00000000,0.2352
1749261809,0.24190000,43.00000000,0.2352
1749261809,0.24200000,76.00000000,0.2352
1749261809,0.24210000,43.00000000,0.2352
1749261809,0.24220000,66.00000000,0.2352
1749261809,0.24230000,76.00000000,0.2352
1749261809,0.24240000,43.00000000,0.2352
1749261809,0.24250000,65.00000000,0.2352
1749261809,0.24260000,122.00000000,0.2352
1749261809,0.24270000,108.00000000,0.2352
1749261809,0.24330000,70.00000000,0.2352
1749261809,0.24440000,65.00000000,0.2352
1749261809,0.24460000,39.00000000,0.2352
1749261809,0.24470000,122.00000000,0.2352
1749261809,0.24480000,49.00000000,0.2352
1749261809,0.24500000,22.00000000,0.2352
1749261809,0.24530000,286.00000000,0.2352
1749261809,0.24540000,61.00000000,0.2352
1749261809,0.24550000,67.00000000,0.2352
1749261809,0.24600000,24.00000000,0.2352
1749261809,0.24610000,23.00000000,0.2352
1749261809,0.24630000,128.00000000,0.2352
1749261809,0.24660000,55.00000000,0.2352
1749261809,0.24730000,55.00000000,0.2352
1749261809,0.24740000,143.00000000,0.2352
1749261809,0.24750000,22.00000000,0.2352
1749261809,0.24760000,24.00000000,0.2352
1749261809,0.24800000,88.00000000,0.2352
1749261809,0.24850000,30.00000000,0.2352
1749261809,0.24870000,1326.00000000,0.2352
1749261809,0.24900000,49.00000000,0.2352
1749261809,0.24920000,61.00000000,0.2352
1749262111,0.23520000,383.00000000,0.2352
1749262111,0.23530000,17649.00000000,0.2352
1749262111,0.23540000,13712.00000000,0.2352
1749262111,0.23550000,19557.00000000,0.2352
1749262111,0.23560000,25593.00000000,0.2352
1749262111,0.23570000,19756.00000000,0.2352
1749262111,0.23580000,16656.00000000,0.2352
1749262111,0.23590000,18146.00000000,0.2352
1749262111,0.23600000,7989.00000000,0.2352
1749262111,0.23610000,2067.00000000,0.2352
1749262111,0.23620000,4934.00000000,0.2352
1749262111,0.23630000,11263.00000000,0.2352
1749262111,0.23640000,5726.00000000,0.2352
1749262111,0.23650000,7988.00000000,0.2352
1749262111,0.23660000,108.00000000,0.2352
1749262111,0.23670000,236.00000000,0.2352
1749262111,0.23680000,7956.00000000,0.2352
1749262111,0.23690000,9692.00000000,0.2352
1749262111,0.23700000,76.00000000,0.2352
1749262111,0.23710000,6426.00000000,0.2352
1749262111,0.23720000,569.00000000,0.2352
1749262111,0.23730000,6426.00000000,0.2352
1749262111,0.23740000,76.00000000,0.2352
1749262111,0.23750000,99.00000000,0.2352
1749262111,0.23760000,10598.00000000,0.2352
1749262111,0.23770000,137.00000000,0.2352
1749262111,0.23780000,100.00000000,0.2352
1749262111,0.23790000,6394.00000000,0.2352
1749262111,0.23800000,44.00000000,0.2352
1749262111,0.23810000,1311.00000000,0.2352
1749262111,0.23820000,6449.00000000,0.2352
1749262111,0.23830000,44.00000000,0.2352
1749262111,0.23840000,15041.00000000,0.2352
1749262111,0.23850000,6394.00000000,0.2352
1749262111,0.23860000,153.00000000,0.2352
1749262111,0.23870000,44.00000000,0.2352
1749262111,0.23880000,4277.00000000,0.2352
1749262111,0.23890000,44.00000000,0.2352
1749262111,0.23900000,44.00000000,0.2352
1749262111,0.23910000,433.00000000,0.2352
1749262111,0.23920000,28658.00000000,0.2352
1749262111,0.23930000,44.00000000,0.2352
1749262111,0.23940000,242.00000000,0.2352
1749262111,0.23950000,44.00000000,0.2352
1749262111,0.23960000,44.00000000,0.2352
1749262111,0.23970000,4394.00000000,0.2352
1749262111,0.23980000,44.00000000,0.2352
1749262111,0.23990000,4377.00000000,0.2352
1749262111,0.24000000,66.00000000,0.2352
1749262111,0.24010000,254.00000000,0.2352
1749262111,0.24020000,44.00000000,0.2352
1749262111,0.24030000,26581.00000000,0.2352
1749262111,0.24040000,44.00000000,0.2352
1749262111,0.24050000,44.00000000,0.2352
1749262111,0.24060000,44.00000000,0.2352
1749262111,0.24070000,44.00000000,0.2352
1749262111,0.24080000,44.00000000,0.2352
1749262111,0.24090000,43.00000000,0.2352
1749262111,0.24100000,43.00000000,0.2352
1749262111,0.24110000,67.00000000,0.2352
1749262111,0.24120000,43.00000000,0.2352
1749262111,0.24130000,43.00000000,0.2352
1749262111,0.24140000,43.00000000,0.2352
1749262111,0.24150000,232.00000000,0.2352
1749262111,0.24160000,43.00000000,0.2352
1749262111,0.24170000,68.00000000,0.2352
1749262111,0.24180000,43.00000000,0.2352
1749262111,0.24190000,43.00000000,0.2352
1749262111,0.24200000,76.00000000,0.2352
1749262111,0.24210000,43.00000000,0.2352
1749262111,0.24220000,66.00000000,0.2352
1749262111,0.24230000,76.00000000,0.2352
1749262111,0.24240000,43.00000000,0.2352
1749262111,0.24250000,65.00000000,0.2352
1749262111,0.24260000,165.00000000,0.2352
1749262111,0.24270000,151.00000000,0.2352
1749262111,0.24330000,70.00000000,0.2352
1749262111,0.24440000,65.00000000,0.2352
1749262111,0.24460000,39.00000000,0.2352
1749262111,0.24470000,122.00000000,0.2352
1749262111,0.24480000,49.00000000,0.2352
1749262111,0.24500000,22.00000000,0.2352
1749262111,0.24530000,286.00000000,0.2352
1749262111,0.24540000,61.00000000,0.2352
1749262111,0.24550000,67.00000000,0.2352
1749262111,0.24600000,24.00000000,0.2352
1749262111,0.24610000,23.00000000,0.2352
1749262111,0.24630000,128.00000000,0.2352
1749262111,0.24660000,55.00000000,0.2352
1749262111,0.24730000,55.00000000,0.2352
1749262111,0.24740000,143.00000000,0.2352
1749262111,0.24750000,22.00000000,0.2352
1749262111,0.24760000,24.00000000,0.2352
1749262111,0.24800000,88.00000000,0.2352
1749262111,0.24850000,30.00000000,0.2352
1749262111,0.24870000,1326.00000000,0.2352
1749262111,0.24900000,49.00000000,0.2352
1749262111,0.24920000,61.00000000,0.2352
1749262111,0.24930000,24.00000000,0.2352
1749262111,0.24970000,58.00000000,0.2352
1749262413,0.23550000,1913.00000000,0.2355
1749262413,0.23560000,24913.00000000,0.2355
1749262413,0.23570000,17934.00000000,0.2355
1749262413,0.23580000,23012.00000000,0.2355
1749262413,0.23590000,26751.00000000,0.2355
1749262413,0.23600000,16692.00000000,0.2355
1749262413,0.23610000,5290.00000000,0.2355
1749262413,0.23620000,10742.00000000,0.2355
1749262413,0.23630000,18691.00000000,0.2355
1749262413,0.23640000,5726.00000000,0.2355
1749262413,0.23650000,11275.00000000,0.2355
1749262413,0.23660000,536.00000000,0.2355
1749262413,0.23670000,2194.00000000,0.2355
1749262413,0.23680000,8384.00000000,0.2355
1749262413,0.23690000,1606.00000000,0.2355
1749262413,0.23700000,76.00000000,0.2355
1749262413,0.23710000,6426.00000000,0.2355
1749262413,0.23720000,8707.00000000,0.2355
1749262413,0.23730000,6426.00000000,0.2355
1749262413,0.23740000,76.00000000,0.2355
1749262413,0.23750000,99.00000000,0.2355
1749262413,0.23760000,10598.00000000,0.2355
1749262413,0.23770000,137.00000000,0.2355
1749262413,0.23780000,100.00000000,0.2355
1749262413,0.23790000,6394.00000000,0.2355
1749262413,0.23800000,44.00000000,0.2355
1749262413,0.23810000,1311.00000000,0.2355
1749262413,0.23820000,6449.00000000,0.2355
1749262413,0.23830000,44.00000000,0.2355
1749262413,0.23840000,15041.00000000,0.2355
1749262413,0.23850000,6394.00000000,0.2355
1749262413,0.23860000,153.00000000,0.2355
1749262413,0.23870000,44.00000000,0.2355
1749262413,0.23880000,4277.00000000,0.2355
1749262413,0.23890000,44.00000000,0.2355
1749262413,0.23900000,44.00000000,0.2355
1749262413,0.23910000,433.00000000,0.2355
1749262413,0.23920000,28658.00000000,0.2355
1749262413,0.23930000,44.00000000,0.2355
1749262413,0.23940000,242.00000000,0.2355
1749262413,0.23950000,44.00000000,0.2355
1749262413,0.23960000,44.00000000,0.2355
1749262413,0.23970000,4394.00000000,0.2355
1749262413,0.23980000,44.00000000,0.2355
1749262413,0.23990000,4377.00000000,0.2355
1749262413,0.24000000,66.00000000,0.2355
1749262413,0.24010000,254.00000000,0.2355
1749262413,0.24020000,44.00000000,0.2355
1749262413,0.24030000,26581.00000000,0.2355
1749262413,0.24040000,44.00000000,0.2355
1749262413,0.24050000,44.00000000,0.2355
1749262413,0.24060000,44.00000000,0.2355
1749262413,0.24070000,44.00000000,0.2355
1749262413,0.24080000,44.00000000,0.2355
1749262413,0.24090000,43.00000000,0.2355
1749262413,0.24100000,43.00000000,0.2355
1749262413,0.24110000,67.00000000,0.2355
1749262413,0.24120000,43.00000000,0.2355
1749262413,0.24130000,43.00000000,0.2355
1749262413,0.24140000,43.00000000,0.2355
1749262413,0.24150000,232.00000000,0.2355
1749262413,0.24160000,43.00000000,0.2355
1749262413,0.24170000,68.00000000,0.2355
1749262413,0.24180000,43.00000000,0.2355
1749262413,0.24190000,43.00000000,0.2355
1749262413,0.24200000,76.00000000,0.2355
1749262413,0.24210000,43.00000000,0.2355
1749262413,0.24220000,66.00000000,0.2355
1749262413,0.24230000,76.00000000,0.2355
1749262413,0.24240000,43.00000000,0.2355
1749262413,0.24250000,65.00000000,0.2355
1749262413,0.24260000,165.00000000,0.2355
1749262413,0.24270000,151.00000000,0.2355
1749262413,0.24280000,43.00000000,0.2355
1749262413,0.24290000,43.00000000,0.2355
1749262413,0.24300000,43.00000000,0.2355
1749262413,0.24330000,70.00000000,0.2355
1749262413,0.24440000,65.00000000,0.2355
1749262413,0.24460000,39.00000000,0.2355
1749262413,0.24470000,122.00000000,0.2355
1749262413,0.24480000,49.00000000,0.2355
1749262413,0.24500000,22.00000000,0.2355
1749262413,0.24530000,286.00000000,0.2355
1749262413,0.24540000,61.00000000,0.2355
1749262413,0.24550000,67.00000000,0.2355
1749262413,0.24600000,24.00000000,0.2355
1749262413,0.24610000,23.00000000,0.2355
1749262413,0.24630000,128.00000000,0.2355
1749262413,0.24660000,55.00000000,0.2355
1749262413,0.24730000,55.00000000,0.2355
1749262413,0.24740000,143.00000000,0.2355
1749262413,0.24750000,22.00000000,0.2355
1749262413,0.24760000,24.00000000,0.2355
1749262413,0.24800000,88.00000000,0.2355
1749262413,0.24850000,30.00000000,0.2355
1749262413,0.24870000,1326.00000000,0.2355
1749262413,0.24900000,49.00000000,0.2355
1749262413,0.24920000,61.00000000,0.2355
1749262413,0.24930000,24.00000000,0.2355
1749262413,0.24970000,58.00000000,0.2355
1749262718,0.23540000,2293.00000000,0.2354
1749262718,0.23550000,22246.00000000,0.2354
1749262718,0.23560000,22281.00000000,0.2354
1749262718,0.23570000,14318.00000000,0.2354
1749262718,0.23580000,28754.00000000,0.2354
1749262718,0.23590000,14811.00000000,0.2354
1749262718,0.23600000,17338.00000000,0.2354
1749262718,0.23610000,2067.00000000,0.2354
1749262718,0.23620000,5742.00000000,0.2354
1749262718,0.23630000,18691.00000000,0.2354
1749262718,0.23640000,5726.00000000,0.2354
1749262718,0.23650000,11275.00000000,0.2354
1749262718,0.23660000,536.00000000,0.2354
1749262718,0.23670000,2194.00000000,0.2354
1749262718,0.23680000,7956.00000000,0.2354
1749262718,0.23690000,76.00000000,0.2354
1749262718,0.23700000,76.00000000,0.2354
1749262718,0.23710000,7956.00000000,0.2354
1749262718,0.23720000,8707.00000000,0.2354
1749262718,0.23730000,6426.00000000,0.2354
1749262718,0.23740000,76.00000000,0.2354
1749262718,0.23750000,99.00000000,0.2354
1749262718,0.23760000,10598.00000000,0.2354
1749262718,0.23770000,137.00000000,0.2354
1749262718,0.23780000,100.00000000,0.2354
1749262718,0.23790000,6394.00000000,0.2354
1749262718,0.23800000,44.00000000,0.2354
1749262718,0.23810000,1311.00000000,0.2354
1749262718,0.23820000,6449.00000000,0.2354
1749262718,0.23830000,44.00000000,0.2354
1749262718,0.23840000,15041.00000000,0.2354
1749262718,0.23850000,6394.00000000,0.2354
1749262718,0.23860000,153.00000000,0.2354
1749262718,0.23870000,44.00000000,0.2354
1749262718,0.23880000,4277.00000000,0.2354
1749262718,0.23890000,44.00000000,0.2354
1749262718,0.23900000,44.00000000,0.2354
1749262718,0.23910000,433.00000000,0.2354
1749262718,0.23920000,28658.00000000,0.2354
1749262718,0.23930000,44.00000000,0.2354
1749262718,0.23940000,242.00000000,0.2354
1749262718,0.23950000,44.00000000,0.2354
1749262718,0.23960000,44.00000000,0.2354
1749262718,0.23970000,4394.00000000,0.2354
1749262718,0.23980000,44.00000000,0.2354
1749262718,0.23990000,4377.00000000,0.2354
1749262718,0.24000000,66.00000000,0.2354
1749262718,0.24010000,254.00000000,0.2354
1749262718,0.24020000,44.00000000,0.2354
1749262718,0.24030000,26581.00000000,0.2354
1749262718,0.24040000,44.00000000,0.2354
1749262718,0.24050000,44.00000000,0.2354
1749262718,0.24060000,44.00000000,0.2354
1749262718,0.24070000,44.00000000,0.2354
1749262718,0.24080000,44.00000000,0.2354
1749262718,0.24090000,43.00000000,0.2354
1749262718,0.24100000,43.00000000,0.2354
1749262718,0.24110000,67.00000000,0.2354
1749262718,0.24120000,43.00000000,0.2354
1749262718,0.24130000,43.00000000,0.2354
1749262718,0.24140000,43.00000000,0.2354
1749262718,0.24150000,232.00000000,0.2354
1749262718,0.24160000,43.00000000,0.2354
1749262718,0.24170000,68.00000000,0.2354
1749262718,0.24180000,43.00000000,0.2354
1749262718,0.24190000,43.00000000,0.2354
1749262718,0.24200000,76.00000000,0.2354
1749262718,0.24210000,43.00000000,0.2354
1749262718,0.24220000,66.00000000,0.2354
1749262718,0.24230000,76.00000000,0.2354
1749262718,0.24240000,43.00000000,0.2354
1749262718,0.24250000,65.00000000,0.2354
1749262718,0.24260000,165.00000000,0.2354
1749262718,0.24270000,151.00000000,0.2354
1749262718,0.24280000,43.00000000,0.2354
1749262718,0.24290000,43.00000000,0.2354
1749262718,0.24330000,70.00000000,0.2354
1749262718,0.24440000,65.00000000,0.2354
1749262718,0.24460000,39.00000000,0.2354
1749262718,0.24470000,122.00000000,0.2354
1749262718,0.24480000,49.00000000,0.2354
1749262718,0.24500000,22.00000000,0.2354
1749262718,0.24530000,286.00000000,0.2354
1749262718,0.24540000,61.00000000,0.2354
1749262718,0.24550000,67.00000000,0.2354
1749262718,0.24600000,24.00000000,0.2354
1749262718,0.24610000,23.00000000,0.2354
1749262718,0.24630000,128.00000000,0.2354
1749262718,0.24660000,55.00000000,0.2354
1749262718,0.24730000,55.00000000,0.2354
1749262718,0.24740000,143.00000000,0.2354
1749262718,0.24750000,22.00000000,0.2354
1749262718,0.24760000,24.00000000,0.2354
1749262718,0.24800000,88.00000000,0.2354
1749262718,0.24850000,30.00000000,0.2354
1749262718,0.24870000,1326.00000000,0.2354
1749262718,0.24900000,49.00000000,0.2354
1749262718,0.24920000,61.00000000,0.2354
1749262718,0.24930000,24.00000000,0.2354
1749262718,0.24970000,58.00000000,0.2354
1749263027,0.23550000,3106.00000000,0.2354
1749263027,0.23560000,24963.00000000,0.2354
1749263027,0.23570000,21507.00000000,0.2354
1749263027,0.23580000,25488.00000000,0.2354
1749263027,0.23590000,32697.00000000,0.2354
1749263027,0.23600000,17338.00000000,0.2354
1749263027,0.23610000,2067.00000000,0.2354
1749263027,0.23620000,5737.00000000,0.2354
1749263027,0.23630000,18691.00000000,0.2354
1749263027,0.23640000,5726.00000000,0.2354
1749263027,0.23650000,11225.00000000,0.2354
1749263027,0.23660000,536.00000000,0.2354
1749263027,0.23670000,2194.00000000,0.2354
1749263027,0.23680000,7956.00000000,0.2354
1749263027,0.23690000,76.00000000,0.2354
1749263027,0.23700000,76.00000000,0.2354
1749263027,0.23710000,7956.00000000,0.2354
1749263027,0.23720000,10237.00000000,0.2354
1749263027,0.23730000,6426.00000000,0.2354
1749263027,0.23740000,76.00000000,0.2354
1749263027,0.23750000,99.00000000,0.2354
1749263027,0.23760000,10598.00000000,0.2354
1749263027,0.23770000,137.00000000,0.2354
1749263027,0.23780000,100.00000000,0.2354
1749263027,0.23790000,6394.00000000,0.2354
1749263027,0.23800000,44.00000000,0.2354
1749263027,0.23810000,1311.00000000,0.2354
1749263027,0.23820000,6449.00000000,0.2354
1749263027,0.23830000,44.00000000,0.2354
1749263027,0.23840000,15041.00000000,0.2354
1749263027,0.23850000,6394.00000000,0.2354
1749263027,0.23860000,153.00000000,0.2354
1749263027,0.23870000,44.00000000,0.2354
1749263027,0.23880000,4277.00000000,0.2354
1749263027,0.23890000,44.00000000,0.2354
1749263027,0.23900000,44.00000000,0.2354
1749263027,0.23910000,433.00000000,0.2354
1749263027,0.23920000,28658.00000000,0.2354
1749263027,0.23930000,44.00000000,0.2354
1749263027,0.23940000,242.00000000,0.2354
1749263027,0.23950000,44.00000000,0.2354
1749263027,0.23960000,44.00000000,0.2354
1749263027,0.23970000,4394.00000000,0.2354
1749263027,0.23980000,44.00000000,0.2354
1749263027,0.23990000,4377.00000000,0.2354
1749263027,0.24000000,66.00000000,0.2354
1749263027,0.24010000,254.00000000,0.2354
1749263027,0.24020000,44.00000000,0.2354
1749263027,0.24030000,26581.00000000,0.2354
1749263027,0.24040000,44.00000000,0.2354
1749263027,0.24050000,44.00000000,0.2354
1749263027,0.24060000,44.00000000,0.2354
1749263027,0.24070000,44.00000000,0.2354
1749263027,0.24080000,44.00000000,0.2354
1749263027,0.24090000,43.00000000,0.2354
1749263027,0.24100000,43.00000000,0.2354
1749263027,0.24110000,67.00000000,0.2354
1749263027,0.24120000,43.00000000,0.2354
1749263027,0.24130000,43.00000000,0.2354
1749263027,0.24140000,43.00000000,0.2354
1749263027,0.24150000,232.00000000,0.2354
1749263027,0.24160000,43.00000000,0.2354
1749263027,0.24170000,68.00000000,0.2354
1749263027,0.24180000,43.00000000,0.2354
1749263027,0.24190000,43.00000000,0.2354
1749263027,0.24200000,76.00000000,0.2354
1749263027,0.24210000,43.00000000,0.2354
1749263027,0.24220000,66.00000000,0.2354
1749263027,0.24230000,76.00000000,0.2354
1749263027,0.24240000,43.00000000,0.2354
1749263027,0.24250000,65.00000000,0.2354
1749263027,0.24260000,165.00000000,0.2354
1749263027,0.24270000,151.00000000,0.2354
1749263027,0.24280000,43.00000000,0.2354
1749263027,0.24290000,43.00000000,0.2354
1749263027,0.24300000,43.00000000,0.2354
1749263027,0.24330000,70.00000000,0.2354
1749263027,0.24440000,65.00000000,0.2354
1749263027,0.24460000,39.00000000,0.2354
1749263027,0.24470000,122.00000000,0.2354
1749263027,0.24480000,49.00000000,0.2354
1749263027,0.24500000,22.00000000,0.2354
1749263027,0.24530000,286.00000000,0.2354
1749263027,0.24540000,61.00000000,0.2354
1749263027,0.24550000,67.00000000,0.2354
1749263027,0.24600000,24.00000000,0.2354
1749263027,0.24610000,23.00000000,0.2354
1749263027,0.24630000,128.00000000,0.2354
1749263027,0.24660000,55.00000000,0.2354
1749263027,0.24730000,55.00000000,0.2354
1749263027,0.24740000,143.00000000,0.2354
1749263027,0.24750000,22.00000000,0.2354
1749263027,0.24760000,24.00000000,0.2354
1749263027,0.24800000,88.00000000,0.2354
1749263027,0.24850000,30.00000000,0.2354
1749263027,0.24870000,1326.00000000,0.2354
1749263027,0.24900000,49.00000000,0.2354
1749263027,0.24920000,61.00000000,0.2354
1749263027,0.24930000,24.00000000,0.2354
1749263027,0.24970000,58.00000000,0.2354
1749263335,0.23580000,16403.00000000,0.2357
1749263335,0.23590000,10028.00000000,0.2357
1749263335,0.23600000,33685.00000000,0.2357
1749263335,0.23610000,30069.00000000,0.2357
1749263335,0.23620000,12689.00000000,0.2357
1749263335,0.23630000,24557.00000000,0.2357
1749263335,0.23640000,2885.00000000,0.2357
1749263335,0.23650000,11040.00000000,0.2357
1749263335,0.23660000,12340.00000000,0.2357
1749263335,0.23670000,5459.00000000,0.2357
1749263335,0.23680000,9751.00000000,0.2357
1749263335,0.23690000,2395.00000000,0.2357
1749263335,0.23700000,2033.00000000,0.2357
1749263335,0.23710000,7956.00000000,0.2357
1749263335,0.23720000,2099.00000000,0.2357
1749263335,0.23730000,7956.00000000,0.2357
1749263335,0.23740000,76.00000000,0.2357
1749263335,0.23750000,9679.00000000,0.2357
1749263335,0.23760000,10598.00000000,0.2357
1749263335,0.23770000,137.00000000,0.2357
1749263335,0.23780000,100.00000000,0.2357
1749263335,0.23790000,6394.00000000,0.2357
1749263335,0.23800000,44.00000000,0.2357
1749263335,0.23810000,1311.00000000,0.2357
1749263335,0.23820000,6449.00000000,0.2357
1749263335,0.23830000,44.00000000,0.2357
1749263335,0.23840000,15041.00000000,0.2357
1749263335,0.23850000,6394.00000000,0.2357
1749263335,0.23860000,153.00000000,0.2357
1749263335,0.23870000,44.00000000,0.2357
1749263335,0.23880000,4277.00000000,0.2357
1749263335,0.23890000,44.00000000,0.2357
1749263335,0.23900000,44.00000000,0.2357
1749263335,0.23910000,433.00000000,0.2357
1749263335,0.23920000,28658.00000000,0.2357
1749263335,0.23930000,44.00000000,0.2357
1749263335,0.23940000,242.00000000,0.2357
1749263335,0.23950000,44.00000000,0.2357
1749263335,0.23960000,44.00000000,0.2357
1749263335,0.23970000,2597.00000000,0.2357
1749263335,0.23980000,44.00000000,0.2357
1749263335,0.23990000,236.00000000,0.2357
1749263335,0.24000000,66.00000000,0.2357
1749263335,0.24010000,254.00000000,0.2357
1749263335,0.24020000,44.00000000,0.2357
1749263335,0.24030000,26581.00000000,0.2357
1749263335,0.24040000,1841.00000000,0.2357
1749263335,0.24050000,44.00000000,0.2357
1749263335,0.24060000,4185.00000000,0.2357
1749263335,0.24070000,44.00000000,0.2357
1749263335,0.24080000,44.00000000,0.2357
1749263335,0.24090000,43.00000000,0.2357
1749263335,0.24100000,43.00000000,0.2357
1749263335,0.24110000,67.00000000,0.2357
1749263335,0.24120000,43.00000000,0.2357
1749263335,0.24130000,43.00000000,0.2357
1749263335,0.24140000,43.00000000,0.2357
1749263335,0.24150000,232.00000000,0.2357
1749263335,0.24160000,43.00000000,0.2357
1749263335,0.24170000,68.00000000,0.2357
1749263335,0.24180000,43.00000000,0.2357
1749263335,0.24190000,43.00000000,0.2357
1749263335,0.24200000,76.00000000,0.2357
1749263335,0.24210000,43.00000000,0.2357
1749263335,0.24220000,66.00000000,0.2357
1749263335,0.24230000,76.00000000,0.2357
1749263335,0.24240000,43.00000000,0.2357
1749263335,0.24250000,65.00000000,0.2357
1749263335,0.24260000,165.00000000,0.2357
1749263335,0.24270000,151.00000000,0.2357
1749263335,0.24280000,43.00000000,0.2357
1749263335,0.24290000,43.00000000,0.2357
1749263335,0.24300000,43.00000000,0.2357
1749263335,0.24310000,43.00000000,0.2357
1749263335,0.24320000,43.00000000,0.2357
1749263335,0.24330000,113.00000000,0.2357
1749263335,0.24440000,65.00000000,0.2357
1749263335,0.24460000,39.00000000,0.2357
1749263335,0.24470000,122.00000000,0.2357
1749263335,0.24480000,49.00000000,0.2357
1749263335,0.24500000,22.00000000,0.2357
1749263335,0.24530000,286.00000000,0.2357
1749263335,0.24540000,61.00000000,0.2357
1749263335,0.24550000,67.00000000,0.2357
1749263335,0.24600000,24.00000000,0.2357
1749263335,0.24610000,23.00000000,0.2357
1749263335,0.24630000,128.00000000,0.2357
1749263335,0.24660000,55.00000000,0.2357
1749263335,0.24730000,55.00000000,0.2357
1749263335,0.24740000,143.00000000,0.2357
1749263335,0.24750000,22.00000000,0.2357
1749263335,0.24760000,24.00000000,0.2357
1749263335,0.24800000,88.00000000,0.2357
1749263335,0.24850000,30.00000000,0.2357
1749263335,0.24870000,1326.00000000,0.2357
1749263335,0.24900000,49.00000000,0.2357
1749263335,0.24920000,61.00000000,0.2357
1749263335,0.24930000,24.00000000,0.2357
1749263335,0.24970000,58.00000000,0.2357
1749263335,0.25000000,240.00000000,0.2357
1749263637,0.23580000,2725.00000000,0.2357
1749263637,0.23590000,19463.00000000,0.2357
1749263637,0.23600000,8381.00000000,0.2357
1749263637,0.23610000,27075.00000000,0.2357
1749263637,0.23620000,23823.00000000,0.2357
1749263637,0.23630000,17004.00000000,0.2357
1749263637,0.23640000,2368.00000000,0.2357
1749263637,0.23650000,13415.00000000,0.2357
1749263637,0.23660000,13587.00000000,0.2357
1749263637,0.23670000,8435.00000000,0.2357
1749263637,0.23680000,9751.00000000,0.2357
1749263637,0.23690000,2427.00000000,0.2357
1749263637,0.23700000,2033.00000000,0.2357
1749263637,0.23710000,7956.00000000,0.2357
1749263637,0.23720000,2526.00000000,0.2357
1749263637,0.23730000,7956.00000000,0.2357
1749263637,0.23740000,76.00000000,0.2357
1749263637,0.23750000,9679.00000000,0.2357
1749263637,0.23760000,12128.00000000,0.2357
1749263637,0.23770000,137.00000000,0.2357
1749263637,0.23780000,100.00000000,0.2357
1749263637,0.23790000,7956.00000000,0.2357
1749263637,0.23800000,44.00000000,0.2357
1749263637,0.23810000,1311.00000000,0.2357
1749263637,0.23820000,6449.00000000,0.2357
1749263637,0.23830000,44.00000000,0.2357
1749263637,0.23840000,44.00000000,0.2357
1749263637,0.23850000,6394.00000000,0.2357
1749263637,0.23860000,153.00000000,0.2357
1749263637,0.23870000,44.00000000,0.2357
1749263637,0.23880000,6394.00000000,0.2357
1749263637,0.23890000,44.00000000,0.2357
1749263637,0.23900000,15086.00000000,0.2357
1749263637,0.23910000,433.00000000,0.2357
1749263637,0.23920000,28658.00000000,0.2357
1749263637,0.23930000,44.00000000,0.2357
1749263637,0.23940000,242.00000000,0.2357
1749263637,0.23950000,44.00000000,0.2357
1749263637,0.23960000,44.00000000,0.2357
1749263637,0.23970000,2597.00000000,0.2357
1749263637,0.23980000,44.00000000,0.2357
1749263637,0.23990000,236.00000000,0.2357
1749263637,0.24000000,66.00000000,0.2357
1749263637,0.24010000,254.00000000,0.2357
1749263637,0.24020000,44.00000000,0.2357
1749263637,0.24030000,26581.00000000,0.2357
1749263637,0.24040000,1841.00000000,0.2357
1749263637,0.24050000,44.00000000,0.2357
1749263637,0.24060000,4185.00000000,0.2357
1749263637,0.24070000,44.00000000,0.2357
1749263637,0.24080000,44.00000000,0.2357
1749263637,0.24090000,43.00000000,0.2357
1749263637,0.24100000,43.00000000,0.2357
1749263637,0.24110000,67.00000000,0.2357
1749263637,0.24120000,43.00000000,0.2357
1749263637,0.24130000,43.00000000,0.2357
1749263637,0.24140000,43.00000000,0.2357
1749263637,0.24150000,232.00000000,0.2357
1749263637,0.24160000,43.00000000,0.2357
1749263637,0.24170000,68.00000000,0.2357
1749263637,0.24180000,43.00000000,0.2357
1749263637,0.24190000,43.00000000,0.2357
1749263637,0.24200000,76.00000000,0.2357
1749263637,0.24210000,43.00000000,0.2357
1749263637,0.24220000,66.00000000,0.2357
1749263637,0.24230000,76.00000000,0.2357
1749263637,0.24240000,43.00000000,0.2357
1749263637,0.24250000,65.00000000,0.2357
1749263637,0.24260000,165.00000000,0.2357
1749263637,0.24270000,151.00000000,0.2357
1749263637,0.24280000,43.00000000,0.2357
1749263637,0.24290000,43.00000000,0.2357
1749263637,0.24300000,43.00000000,0.2357
1749263637,0.24310000,43.00000000,0.2357
1749263637,0.24320000,43.00000000,0.2357
1749263637,0.24330000,113.00000000,0.2357
1749263637,0.24440000,65.00000000,0.2357
1749263637,0.24460000,39.00000000,0.2357
1749263637,0.24470000,122.00000000,0.2357
1749263637,0.24480000,49.00000000,0.2357
1749263637,0.24500000,22.00000000,0.2357
1749263637,0.24530000,286.00000000,0.2357
1749263637,0.24540000,61.00000000,0.2357
1749263637,0.24550000,67.00000000,0.2357
1749263637,0.24600000,24.00000000,0.2357
1749263637,0.24610000,23.00000000,0.2357
1749263637,0.24630000,128.00000000,0.2357
1749263637,0.24660000,55.00000000,0.2357
1749263637,0.24730000,55.00000000,0.2357
1749263637,0.24740000,143.00000000,0.2357
1749263637,0.24750000,22.00000000,0.2357
1749263637,0.24760000,24.00000000,0.2357
1749263637,0.24800000,88.00000000,0.2357
1749263637,0.24850000,30.00000000,0.2357
1749263637,0.24870000,1326.00000000,0.2357
1749263637,0.24900000,49.00000000,0.2357
1749263637,0.24920000,61.00000000,0.2357
1749263637,0.24930000,24.00000000,0.2357
1749263637,0.24970000,58.00000000,0.2357
1749263637,0.25000000,240.00000000,0.2357
1749263944,0.23630000,1878.00000000,0.2362
1749263944,0.23640000,21855.00000000,0.2362
1749263944,0.23650000,17200.00000000,0.2362
1749263944,0.23660000,30808.00000000,0.2362
1749263944,0.23670000,7300.00000000,0.2362
1749263944,0.23680000,15096.00000000,0.2362
1749263944,0.23690000,13179.00000000,0.2362
1749263944,0.23700000,14134.00000000,0.2362
1749263944,0.23710000,7988.00000000,0.2362
1749263944,0.23720000,2064.00000000,0.2362
1749263944,0.23730000,13437.00000000,0.2362
1749263944,0.23740000,11236.00000000,0.2362
1749263944,0.23750000,2055.00000000,0.2362
1749263944,0.23760000,12128.00000000,0.2362
1749263944,0.23770000,563.00000000,0.2362
1749263944,0.23780000,1630.00000000,0.2362
1749263944,0.23790000,7956.00000000,0.2362
1749263944,0.23800000,76.00000000,0.2362
1749263944,0.23810000,9678.00000000,0.2362
1749263944,0.23820000,6481.00000000,0.2362
1749263944,0.23830000,76.00000000,0.2362
1749263944,0.23840000,569.00000000,0.2362
1749263944,0.23850000,6394.00000000,0.2362
1749263944,0.23860000,128.00000000,0.2362
1749263944,0.23870000,44.00000000,0.2362
1749263944,0.23880000,6394.00000000,0.2362
1749263944,0.23890000,44.00000000,0.2362
1749263944,0.23900000,15086.00000000,0.2362
1749263944,0.23910000,6394.00000000,0.2362
1749263944,0.23920000,44.00000000,0.2362
1749263944,0.23930000,44.00000000,0.2362
1749263944,0.23940000,7859.00000000,0.2362
1749263944,0.23950000,44.00000000,0.2362
1749263944,0.23960000,44.00000000,0.2362
1749263944,0.23970000,2961.00000000,0.2362
1749263944,0.23980000,28658.00000000,0.2362
1749263944,0.23990000,44.00000000,0.2362
1749263944,0.24000000,66.00000000,0.2362
1749263944,0.24010000,67.00000000,0.2362
1749263944,0.24020000,44.00000000,0.2362
1749263944,0.24030000,44.00000000,0.2362
1749263944,0.24040000,1841.00000000,0.2362
1749263944,0.24050000,44.00000000,0.2362
1749263944,0.24060000,4377.00000000,0.2362
1749263944,0.24070000,44.00000000,0.2362
1749263944,0.24080000,44.00000000,0.2362
1749263944,0.24090000,230.00000000,0.2362
1749263944,0.24100000,26580.00000000,0.2362
1749263944,0.24110000,67.00000000,0.2362
1749263944,0.24120000,43.00000000,0.2362
1749263944,0.24130000,43.00000000,0.2362
1749263944,0.24140000,43.00000000,0.2362
1749263944,0.24150000,232.00000000,0.2362
1749263944,0.24160000,43.00000000,0.2362
1749263944,0.24170000,68.00000000,0.2362
1749263944,0.24180000,43.00000000,0.2362
1749263944,0.24190000,43.00000000,0.2362
1749263944,0.24200000,43.00000000,0.2362
1749263944,0.24210000,43.00000000,0.2362
1749263944,0.24220000,66.00000000,0.2362
1749263944,0.24230000,43.00000000,0.2362
1749263944,0.24240000,43.00000000,0.2362
1749263944,0.24250000,65.00000000,0.2362
1749263944,0.24260000,165.00000000,0.2362
1749263944,0.24270000,122.00000000,0.2362
1749263944,0.24280000,43.00000000,0.2362
1749263944,0.24290000,43.00000000,0.2362
1749263944,0.24300000,43.00000000,0.2362
1749263944,0.24310000,43.00000000,0.2362
1749263944,0.24320000,43.00000000,0.2362
1749263944,0.24330000,80.00000000,0.2362
1749263944,0.24340000,43.00000000,0.2362
1749263944,0.24350000,43.00000000,0.2362
1749263944,0.24360000,43.00000000,0.2362
1749263944,0.24370000,43.00000000,0.2362
1749263944,0.24380000,43.00000000,0.2362
1749263944,0.24440000,24.00000000,0.2362
1749263944,0.24460000,39.00000000,0.2362
1749263944,0.24470000,122.00000000,0.2362
1749263944,0.24480000,49.00000000,0.2362
1749263944,0.24500000,22.00000000,0.2362
1749263944,0.24530000,286.00000000,0.2362
1749263944,0.24540000,61.00000000,0.2362
1749263944,0.24550000,67.00000000,0.2362
1749263944,0.24600000,24.00000000,0.2362
1749263944,0.24610000,23.00000000,0.2362
1749263944,0.24630000,128.00000000,0.2362
1749263944,0.24660000,55.00000000,0.2362
1749263944,0.24730000,55.00000000,0.2362
1749263944,0.24740000,111.00000000,0.2362
1749263944,0.24750000,22.00000000,0.2362
1749263944,0.24760000,24.00000000,0.2362
1749263944,0.24800000,48.00000000,0.2362
1749263944,0.24850000,30.00000000,0.2362
1749263944,0.24870000,1326.00000000,0.2362
1749263944,0.24900000,49.00000000,0.2362
1749263944,0.24920000,61.00000000,0.2362
1749263944,0.24930000,24.00000000,0.2362
1749263944,0.24970000,58.00000000,0.2362
1749263944,0.25000000,240.00000000,0.2362
1749264245,0.23590000,14490.00000000,0.2359
1749264245,0.23600000,8078.00000000,0.2359
1749264245,0.23610000,20661.00000000,0.2359
1749264245,0.23620000,17255.00000000,0.2359
1749264245,0.23630000,28307.00000000,0.2359
1749264245,0.23640000,18228.00000000,0.2359
1749264245,0.23650000,14101.00000000,0.2359
1749264245,0.23660000,16999.00000000,0.2359
1749264245,0.23670000,2192.00000000,0.2359
1749264245,0.23680000,13230.00000000,0.2359
1749264245,0.23690000,7198.00000000,0.2359
1749264245,0.23700000,15385.00000000,0.2359
1749264245,0.23710000,7988.00000000,0.2359
1749264245,0.23720000,2064.00000000,0.2359
1749264245,0.23730000,10670.00000000,0.2359
1749264245,0.23740000,535.00000000,0.2359
1749264245,0.23750000,1629.00000000,0.2359
1749264245,0.23760000,12128.00000000,0.2359
1749264245,0.23770000,137.00000000,0.2359
1749264245,0.23780000,8287.00000000,0.2359
1749264245,0.23790000,6426.00000000,0.2359
1749264245,0.23800000,76.00000000,0.2359
1749264245,0.23810000,76.00000000,0.2359
1749264245,0.23820000,6481.00000000,0.2359
1749264245,0.23830000,76.00000000,0.2359
1749264245,0.23840000,76.00000000,0.2359
1749264245,0.23850000,6394.00000000,0.2359
1749264245,0.23860000,128.00000000,0.2359
1749264245,0.23870000,44.00000000,0.2359
1749264245,0.23880000,6394.00000000,0.2359
1749264245,0.23890000,44.00000000,0.2359
1749264245,0.23900000,15086.00000000,0.2359
1749264245,0.23910000,6394.00000000,0.2359
1749264245,0.23920000,44.00000000,0.2359
1749264245,0.23930000,44.00000000,0.2359
1749264245,0.23940000,7859.00000000,0.2359
1749264245,0.23950000,44.00000000,0.2359
1749264245,0.23960000,44.00000000,0.2359
1749264245,0.23970000,2961.00000000,0.2359
1749264245,0.23980000,28658.00000000,0.2359
1749264245,0.23990000,44.00000000,0.2359
1749264245,0.24000000,66.00000000,0.2359
1749264245,0.24010000,67.00000000,0.2359
1749264245,0.24020000,44.00000000,0.2359
1749264245,0.24030000,44.00000000,0.2359
1749264245,0.24040000,1841.00000000,0.2359
1749264245,0.24050000,44.00000000,0.2359
1749264245,0.24060000,4377.00000000,0.2359
1749264245,0.24070000,44.00000000,0.2359
1749264245,0.24080000,44.00000000,0.2359
1749264245,0.24090000,230.00000000,0.2359
1749264245,0.24100000,26580.00000000,0.2359
1749264245,0.24110000,67.00000000,0.2359
1749264245,0.24120000,43.00000000,0.2359
1749264245,0.24130000,43.00000000,0.2359
1749264245,0.24140000,43.00000000,0.2359
1749264245,0.24150000,232.00000000,0.2359
1749264245,0.24160000,43.00000000,0.2359
1749264245,0.24170000,68.00000000,0.2359
1749264245,0.24180000,43.00000000,0.2359
1749264245,0.24190000,43.00000000,0.2359
1749264245,0.24200000,43.00000000,0.2359
1749264245,0.24210000,43.00000000,0.2359
1749264245,0.24220000,66.00000000,0.2359
1749264245,0.24230000,43.00000000,0.2359
1749264245,0.24240000,43.00000000,0.2359
1749264245,0.24250000,65.00000000,0.2359
1749264245,0.24260000,165.00000000,0.2359
1749264245,0.24270000,122.00000000,0.2359
1749264245,0.24280000,43.00000000,0.2359
1749264245,0.24290000,43.00000000,0.2359
1749264245,0.24300000,43.00000000,0.2359
1749264245,0.24310000,43.00000000,0.2359
1749264245,0.24320000,43.00000000,0.2359
1749264245,0.24330000,80.00000000,0.2359
1749264245,0.24340000,43.00000000,0.2359
1749264245,0.24440000,24.00000000,0.2359
1749264245,0.24460000,39.00000000,0.2359
1749264245,0.24470000,122.00000000,0.2359
1749264245,0.24480000,49.00000000,0.2359
1749264245,0.24500000,22.00000000,0.2359
1749264245,0.24530000,286.00000000,0.2359
1749264245,0.24540000,61.00000000,0.2359
1749264245,0.24550000,67.00000000,0.2359
1749264245,0.24600000,24.00000000,0.2359
1749264245,0.24610000,23.00000000,0.2359
1749264245,0.24630000,128.00000000,0.2359
1749264245,0.24660000,55.00000000,0.2359
1749264245,0.24730000,55.00000000,0.2359
1749264245,0.24740000,111.00000000,0.2359
1749264245,0.24750000,22.00000000,0.2359
1749264245,0.24760000,24.00000000,0.2359
1749264245,0.24800000,48.00000000,0.2359
1749264245,0.24850000,30.00000000,0.2359
1749264245,0.24870000,1326.00000000,0.2359
1749264245,0.24900000,49.00000000,0.2359
1749264245,0.24920000,61.00000000,0.2359
1749264245,0.24930000,24.00000000,0.2359
1749264245,0.24970000,58.00000000,0.2359
1749264245,0.25000000,240.00000000,0.2359
1749264552,0.23640000,1574.00000000,0.2361
1749264552,0.23650000,18320.00000000,0.2361
1749264552,0.23660000,29897.00000000,0.2361
1749264552,0.23670000,24516.00000000,0.2361
1749264552,0.23680000,22271.00000000,0.2361
1749264552,0.23690000,16924.00000000,0.2361
1749264552,0.23700000,15738.00000000,0.2361
1749264552,0.23710000,7988.00000000,0.2361
1749264552,0.23720000,2871.00000000,0.2361
1749264552,0.23730000,11565.00000000,0.2361
1749264552,0.23740000,534.00000000,0.2361
1749264552,0.23750000,2055.00000000,0.2361
1749264552,0.23760000,13891.00000000,0.2361
1749264552,0.23770000,563.00000000,0.2361
1749264552,0.23780000,2056.00000000,0.2361
1749264552,0.23790000,7956.00000000,0.2361
1749264552,0.23800000,76.00000000,0.2361
1749264552,0.23810000,9691.00000000,0.2361
1749264552,0.23820000,8011.00000000,0.2361
1749264552,0.23830000,76.00000000,0.2361
1749264552,0.23840000,569.00000000,0.2361
1749264552,0.23850000,6394.00000000,0.2361
1749264552,0.23860000,128.00000000,0.2361
1749264552,0.23870000,44.00000000,0.2361
1749264552,0.23880000,6394.00000000,0.2361
1749264552,0.23890000,44.00000000,0.2361
1749264552,0.23900000,15086.00000000,0.2361
1749264552,0.23910000,6394.00000000,0.2361
1749264552,0.23920000,44.00000000,0.2361
1749264552,0.23930000,44.00000000,0.2361
1749264552,0.23940000,7859.00000000,0.2361
1749264552,0.23950000,44.00000000,0.2361
1749264552,0.23960000,44.00000000,0.2361
1749264552,0.23970000,2961.00000000,0.2361
1749264552,0.23980000,28658.00000000,0.2361
1749264552,0.23990000,44.00000000,0.2361
1749264552,0.24000000,66.00000000,0.2361
1749264552,0.24010000,67.00000000,0.2361
1749264552,0.24020000,44.00000000,0.2361
1749264552,0.24030000,44.00000000,0.2361
1749264552,0.24040000,1841.00000000,0.2361
1749264552,0.24050000,44.00000000,0.2361
1749264552,0.24060000,4377.00000000,0.2361
1749264552,0.24070000,81.00000000,0.2361
1749264552,0.24080000,44.00000000,0.2361
1749264552,0.24090000,230.00000000,0.2361
1749264552,0.24100000,26580.00000000,0.2361
1749264552,0.24110000,67.00000000,0.2361
1749264552,0.24120000,43.00000000,0.2361
1749264552,0.24130000,43.00000000,0.2361
1749264552,0.24140000,43.00000000,0.2361
1749264552,0.24150000,232.00000000,0.2361
1749264552,0.24160000,43.00000000,0.2361
1749264552,0.24170000,68.00000000,0.2361
1749264552,0.24180000,43.00000000,0.2361
1749264552,0.24190000,43.00000000,0.2361
1749264552,0.24200000,43.00000000,0.2361
1749264552,0.24210000,43.00000000,0.2361
1749264552,0.24220000,66.00000000,0.2361
1749264552,0.24230000,43.00000000,0.2361
1749264552,0.24240000,43.00000000,0.2361
1749264552,0.24250000,65.00000000,0.2361
1749264552,0.24260000,165.00000000,0.2361
1749264552,0.24270000,122.00000000,0.2361
1749264552,0.24280000,43.00000000,0.2361
1749264552,0.24290000,43.00000000,0.2361
1749264552,0.24300000,43.00000000,0.2361
1749264552,0.24310000,43.00000000,0.2361
1749264552,0.24320000,43.00000000,0.2361
1749264552,0.24330000,80.00000000,0.2361
1749264552,0.24340000,43.00000000,0.2361
1749264552,0.24350000,43.00000000,0.2361
1749264552,0.24360000,43.00000000,0.2361
1749264552,0.24370000,43.00000000,0.2361
1749264552,0.24380000,43.00000000,0.2361
1749264552,0.24390000,43.00000000,0.2361
1749264552,0.24440000,24.00000000,0.2361
1749264552,0.24460000,39.00000000,0.2361
1749264552,0.24470000,122.00000000,0.2361
1749264552,0.24480000,49.00000000,0.2361
1749264552,0.24500000,22.00000000,0.2361
1749264552,0.24530000,286.00000000,0.2361
1749264552,0.24540000,110.00000000,0.2361
1749264552,0.24550000,67.00000000,0.2361
1749264552,0.24600000,24.00000000,0.2361
1749264552,0.24610000,23.00000000,0.2361
1749264552,0.24630000,128.00000000,0.2361
1749264552,0.24660000,55.00000000,0.2361
1749264552,0.24730000,55.00000000,0.2361
1749264552,0.24740000,111.00000000,0.2361
1749264552,0.24750000,22.00000000,0.2361
1749264552,0.24760000,24.00000000,0.2361
1749264552,0.24800000,48.00000000,0.2361
1749264552,0.24850000,30.00000000,0.2361
1749264552,0.24870000,1326.00000000,0.2361
1749264552,0.24900000,49.00000000,0.2361
1749264552,0.24920000,61.00000000,0.2361
1749264552,0.24930000,24.00000000,0.2361
1749264552,0.24970000,58.00000000,0.2361
1749264552,0.25000000,240.00000000,0.2361
1749264854,0.23650000,15812.00000000,0.2365
1749264854,0.23660000,17710.00000000,0.2365
1749264854,0.23670000,30648.00000000,0.2365
1749264854,0.23680000,15335.00000000,0.2365
1749264854,0.23690000,15560.00000000,0.2365
1749264854,0.23700000,19717.00000000,0.2365
1749264854,0.23710000,8414.00000000,0.2365
1749264854,0.23720000,11059.00000000,0.2365
1749264854,0.23730000,11388.00000000,0.2365
1749264854,0.23740000,13581.00000000,0.2365
1749264854,0.23750000,3974.00000000,0.2365
1749264854,0.23760000,15711.00000000,0.2365
1749264854,0.23770000,3888.00000000,0.2365
1749264854,0.23780000,2056.00000000,0.2365
1749264854,0.23790000,7956.00000000,0.2365
1749264854,0.23800000,501.00000000,0.2365
1749264854,0.23810000,2031.00000000,0.2365
1749264854,0.23820000,6481.00000000,0.2365
1749264854,0.23830000,76.00000000,0.2365
1749264854,0.23840000,8747.00000000,0.2365
1749264854,0.23850000,6426.00000000,0.2365
1749264854,0.23860000,135.00000000,0.2365
1749264854,0.23870000,76.00000000,0.2365
1749264854,0.23880000,6394.00000000,0.2365
1749264854,0.23890000,44.00000000,0.2365
1749264854,0.23900000,44.00000000,0.2365
1749264854,0.23910000,6394.00000000,0.2365
1749264854,0.23920000,44.00000000,0.2365
1749264854,0.23930000,44.00000000,0.2365
1749264854,0.23940000,7859.00000000,0.2365
1749264854,0.23950000,44.00000000,0.2365
1749264854,0.23960000,15097.00000000,0.2365
1749264854,0.23970000,6783.00000000,0.2365
1749264854,0.23980000,28658.00000000,0.2365
1749264854,0.23990000,44.00000000,0.2365
1749264854,0.24000000,1836.00000000,0.2365
1749264854,0.24010000,67.00000000,0.2365
1749264854,0.24020000,44.00000000,0.2365
1749264854,0.24030000,44.00000000,0.2365
1749264854,0.24040000,44.00000000,0.2365
1749264854,0.24050000,44.00000000,0.2365
1749264854,0.24060000,236.00000000,0.2365
1749264854,0.24070000,81.00000000,0.2365
1749264854,0.24080000,44.00000000,0.2365
1749264854,0.24090000,230.00000000,0.2365
1749264854,0.24100000,26580.00000000,0.2365
1749264854,0.24110000,1864.00000000,0.2365
1749264854,0.24120000,43.00000000,0.2365
1749264854,0.24130000,4184.00000000,0.2365
1749264854,0.24140000,43.00000000,0.2365
1749264854,0.24150000,232.00000000,0.2365
1749264854,0.24160000,43.00000000,0.2365
1749264854,0.24170000,68.00000000,0.2365
1749264854,0.24180000,43.00000000,0.2365
1749264854,0.24190000,43.00000000,0.2365
1749264854,0.24200000,43.00000000,0.2365
1749264854,0.24210000,43.00000000,0.2365
1749264854,0.24220000,66.00000000,0.2365
1749264854,0.24230000,43.00000000,0.2365
1749264854,0.24240000,43.00000000,0.2365
1749264854,0.24250000,65.00000000,0.2365
1749264854,0.24260000,124.00000000,0.2365
1749264854,0.24270000,122.00000000,0.2365
1749264854,0.24280000,43.00000000,0.2365
1749264854,0.24290000,43.00000000,0.2365
1749264854,0.24300000,43.00000000,0.2365
1749264854,0.24310000,43.00000000,0.2365
1749264854,0.24320000,43.00000000,0.2365
1749264854,0.24330000,43.00000000,0.2365
1749264854,0.24340000,43.00000000,0.2365
1749264854,0.24350000,43.00000000,0.2365
1749264854,0.24360000,43.00000000,0.2365
1749264854,0.24370000,43.00000000,0.2365
1749264854,0.24380000,43.00000000,0.2365
1749264854,0.24390000,43.00000000,0.2365
1749264854,0.24400000,43.00000000,0.2365
1749264854,0.24440000,24.00000000,0.2365
1749264854,0.24460000,39.00000000,0.2365
1749264854,0.24470000,122.00000000,0.2365
1749264854,0.24480000,49.00000000,0.2365
1749264854,0.24500000,22.00000000,0.2365
1749264854,0.24530000,286.00000000,0.2365
1749264854,0.24540000,110.00000000,0.2365
1749264854,0.24550000,67.00000000,0.2365
1749264854,0.24600000,24.00000000,0.2365
1749264854,0.24610000,23.00000000,0.2365
1749264854,0.24630000,128.00000000,0.2365
1749264854,0.24660000,55.00000000,0.2365
1749264854,0.24730000,55.00000000,0.2365
1749264854,0.24740000,111.00000000,0.2365
1749264854,0.24750000,22.00000000,0.2365
1749264854,0.24760000,24.00000000,0.2365
1749264854,0.24850000,30.00000000,0.2365
1749264854,0.24870000,1326.00000000,0.2365
1749264854,0.24900000,49.00000000,0.2365
1749264854,0.24920000,61.00000000,0.2365
1749264854,0.24930000,24.00000000,0.2365
1749264854,0.24970000,58.00000000,0.2365
1749264854,0.25000000,240.00000000,0.2365
1749264854,0.25020000,109.00000000,0.2365
1749265157,0.23660000,1878.00000000,0.2366
1749265157,0.23670000,10876.00000000,0.2366
1749265157,0.23680000,10078.00000000,0.2366
1749265157,0.23690000,31744.00000000,0.2366
1749265157,0.23700000,22172.00000000,0.2366
1749265157,0.23710000,24673.00000000,0.2366
1749265157,0.23720000,13673.00000000,0.2366
1749265157,0.23730000,8715.00000000,0.2366
1749265157,0.23740000,13580.00000000,0.2366
1749265157,0.23750000,3973.00000000,0.2366
1749265157,0.23760000,16403.00000000,0.2366
1749265157,0.23770000,14164.00000000,0.2366
1749265157,0.23780000,2087.00000000,0.2366
1749265157,0.23790000,7956.00000000,0.2366
1749265157,0.23800000,76.00000000,0.2366
1749265157,0.23810000,76.00000000,0.2366
1749265157,0.23820000,8011.00000000,0.2366
1749265157,0.23830000,76.00000000,0.2366
1749265157,0.23840000,8747.00000000,0.2366
1749265157,0.23850000,6426.00000000,0.2366
1749265157,0.23860000,135.00000000,0.2366
1749265157,0.23870000,76.00000000,0.2366
1749265157,0.23880000,6426.00000000,0.2366
1749265157,0.23890000,44.00000000,0.2366
1749265157,0.23900000,44.00000000,0.2366
1749265157,0.23910000,6394.00000000,0.2366
1749265157,0.23920000,44.00000000,0.2366
1749265157,0.23930000,44.00000000,0.2366
1749265157,0.23940000,7859.00000000,0.2366
1749265157,0.23950000,44.00000000,0.2366
1749265157,0.23960000,15097.00000000,0.2366
1749265157,0.23970000,6783.00000000,0.2366
1749265157,0.23980000,28658.00000000,0.2366
1749265157,0.23990000,44.00000000,0.2366
1749265157,0.24000000,1836.00000000,0.2366
1749265157,0.24010000,67.00000000,0.2366
1749265157,0.24020000,44.00000000,0.2366
1749265157,0.24030000,44.00000000,0.2366
1749265157,0.24040000,44.00000000,0.2366
1749265157,0.24050000,44.00000000,0.2366
1749265157,0.24060000,236.00000000,0.2366
1749265157,0.24070000,81.00000000,0.2366
1749265157,0.24080000,44.00000000,0.2366
1749265157,0.24090000,230.00000000,0.2366
1749265157,0.24100000,26580.00000000,0.2366
1749265157,0.24110000,1864.00000000,0.2366
1749265157,0.24120000,43.00000000,0.2366
1749265157,0.24130000,4184.00000000,0.2366
1749265157,0.24140000,43.00000000,0.2366
1749265157,0.24150000,232.00000000,0.2366
1749265157,0.24160000,43.00000000,0.2366
1749265157,0.24170000,68.00000000,0.2366
1749265157,0.24180000,43.00000000,0.2366
1749265157,0.24190000,43.00000000,0.2366
1749265157,0.24200000,43.00000000,0.2366
1749265157,0.24210000,43.00000000,0.2366
1749265157,0.24220000,66.00000000,0.2366
1749265157,0.24230000,43.00000000,0.2366
1749265157,0.24240000,43.00000000,0.2366
1749265157,0.24250000,65.00000000,0.2366
1749265157,0.24260000,124.00000000,0.2366
1749265157,0.24270000,122.00000000,0.2366
1749265157,0.24280000,43.00000000,0.2366
1749265157,0.24290000,43.00000000,0.2366
1749265157,0.24300000,43.00000000,0.2366
1749265157,0.24310000,43.00000000,0.2366
1749265157,0.24320000,43.00000000,0.2366
1749265157,0.24330000,43.00000000,0.2366
1749265157,0.24340000,43.00000000,0.2366
1749265157,0.24350000,43.00000000,0.2366
1749265157,0.24360000,43.00000000,0.2366
1749265157,0.24370000,43.00000000,0.2366
1749265157,0.24380000,43.00000000,0.2366
1749265157,0.24390000,43.00000000,0.2366
1749265157,0.24400000,43.00000000,0.2366
1749265157,0.24410000,43.00000000,0.2366
1749265157,0.24440000,24.00000000,0.2366
1749265157,0.24460000,39.00000000,0.2366
1749265157,0.24470000,122.00000000,0.2366
1749265157,0.24480000,49.00000000,0.2366
1749265157,0.24500000,22.00000000,0.2366
1749265157,0.24530000,286.00000000,0.2366
1749265157,0.24540000,110.00000000,0.2366
1749265157,0.24550000,67.00000000,0.2366
1749265157,0.24600000,24.00000000,0.2366
1749265157,0.24610000,23.00000000,0.2366
1749265157,0.24630000,128.00000000,0.2366
1749265157,0.24660000,55.00000000,0.2366
1749265157,0.24730000,55.00000000,0.2366
1749265157,0.24740000,111.00000000,0.2366
1749265157,0.24750000,22.00000000,0.2366
1749265157,0.24760000,24.00000000,0.2366
1749265157,0.24850000,30.00000000,0.2366
1749265157,0.24870000,1326.00000000,0.2366
1749265157,0.24900000,49.00000000,0.2366
1749265157,0.24920000,61.00000000,0.2366
1749265157,0.24930000,24.00000000,0.2366
1749265157,0.24970000,58.00000000,0.2366
1749265157,0.25000000,240.00000000,0.2366
1749265157,0.25020000,109.00000000,0.2366
1749265458,0.23710000,2931.00000000,0.237
1749265458,0.23720000,25494.00000000,0.237
1749265458,0.23730000,24296.00000000,0.237
1749265458,0.23740000,17978.00000000,0.237
1749265458,0.23750000,26978.00000000,0.237
1749265458,0.23760000,19926.00000000,0.237
1749265458,0.23770000,24133.00000000,0.237
1749265458,0.23780000,2902.00000000,0.237
1749265458,0.23790000,8764.00000000,0.237
1749265458,0.23800000,7232.00000000,0.237
1749265458,0.23810000,12765.00000000,0.237
1749265458,0.23820000,9774.00000000,0.237
1749265458,0.23830000,501.00000000,0.237
1749265458,0.23840000,2524.00000000,0.237
1749265458,0.23850000,7956.00000000,0.237
1749265458,0.23860000,560.00000000,0.237
1749265458,0.23870000,9607.00000000,0.237
1749265458,0.23880000,6426.00000000,0.237
1749265458,0.23890000,76.00000000,0.237
1749265458,0.23900000,76.00000000,0.237
1749265458,0.23910000,6426.00000000,0.237
1749265458,0.23920000,44.00000000,0.237
1749265458,0.23930000,44.00000000,0.237
1749265458,0.23940000,7859.00000000,0.237
1749265458,0.23950000,44.00000000,0.237
1749265458,0.23960000,44.00000000,0.237
1749265458,0.23970000,6394.00000000,0.237
1749265458,0.23980000,44.00000000,0.237
1749265458,0.23990000,44.00000000,0.237
1749265458,0.24000000,6416.00000000,0.237
1749265458,0.24010000,67.00000000,0.237
1749265458,0.24020000,14686.00000000,0.237
1749265458,0.24030000,44.00000000,0.237
1749265458,0.24040000,2427.00000000,0.237
1749265458,0.24050000,28850.00000000,0.237
1749265458,0.24060000,44.00000000,0.237
1749265458,0.24070000,81.00000000,0.237
1749265458,0.24080000,44.00000000,0.237
1749265458,0.24090000,43.00000000,0.237
1749265458,0.24100000,43.00000000,0.237
1749265458,0.24110000,1864.00000000,0.237
1749265458,0.24120000,43.00000000,0.237
1749265458,0.24130000,4376.00000000,0.237
1749265458,0.24140000,43.00000000,0.237
1749265458,0.24150000,232.00000000,0.237
1749265458,0.24160000,43.00000000,0.237
1749265458,0.24170000,26605.00000000,0.237
1749265458,0.24180000,43.00000000,0.237
1749265458,0.24190000,43.00000000,0.237
1749265458,0.24200000,43.00000000,0.237
1749265458,0.24210000,43.00000000,0.237
1749265458,0.24220000,66.00000000,0.237
1749265458,0.24230000,43.00000000,0.237
1749265458,0.24240000,43.00000000,0.237
1749265458,0.24250000,65.00000000,0.237
1749265458,0.24260000,124.00000000,0.237
1749265458,0.24270000,122.00000000,0.237
1749265458,0.24280000,43.00000000,0.237
1749265458,0.24290000,43.00000000,0.237
1749265458,0.24300000,43.00000000,0.237
1749265458,0.24310000,43.00000000,0.237
1749265458,0.24320000,43.00000000,0.237
1749265458,0.24330000,43.00000000,0.237
1749265458,0.24340000,43.00000000,0.237
1749265458,0.24350000,43.00000000,0.237
1749265458,0.24360000,43.00000000,0.237
1749265458,0.24370000,43.00000000,0.237
1749265458,0.24380000,43.00000000,0.237
1749265458,0.24390000,43.00000000,0.237
1749265458,0.24400000,43.00000000,0.237
1749265458,0.24410000,43.00000000,0.237
1749265458,0.24420000,43.00000000,0.237
1749265458,0.24430000,43.00000000,0.237
1749265458,0.24440000,67.00000000,0.237
1749265458,0.24450000,43.00000000,0.237
1749265458,0.24460000,82.00000000,0.237
1749265458,0.24470000,122.00000000,0.237
1749265458,0.24480000,49.00000000,0.237
1749265458,0.24500000,22.00000000,0.237
1749265458,0.24530000,286.00000000,0.237
1749265458,0.24540000,110.00000000,0.237
1749265458,0.24550000,67.00000000,0.237
1749265458,0.24600000,24.00000000,0.237
1749265458,0.24610000,23.00000000,0.237
1749265458,0.24630000,128.00000000,0.237
1749265458,0.24660000,55.00000000,0.237
1749265458,0.24730000,55.00000000,0.237
1749265458,0.24740000,111.00000000,0.237
1749265458,0.24750000,22.00000000,0.237
1749265458,0.24760000,24.00000000,0.237
1749265458,0.24850000,30.00000000,0.237
1749265458,0.24870000,1326.00000000,0.237
1749265458,0.24900000,49.00000000,0.237
1749265458,0.24920000,61.00000000,0.237
1749265458,0.24930000,24.00000000,0.237
1749265458,0.24970000,58.00000000,0.237
1749265458,0.25000000,240.00000000,0.237
1749265458,0.25020000,109.00000000,0.237
1749265458,0.25090000,24.00000000,0.237
1749265458,0.25110000,128.00000000,0.237
1749265760,0.23720000,348.00000000,0.2371
1749265760,0.23730000,12438.00000000,0.2371
1749265760,0.23740000,36713.00000000,0.2371
1749265760,0.23750000,14628.00000000,0.2371
1749265760,0.23760000,34583.00000000,0.2371
1749265760,0.23770000,22233.00000000,0.2371
1749265760,0.23780000,2086.00000000,0.2371
1749265760,0.23790000,8763.00000000,0.2371
1749265760,0.23800000,2884.00000000,0.2371
1749265760,0.23810000,15430.00000000,0.2371
1749265760,0.23820000,13024.00000000,0.2371
1749265760,0.23830000,500.00000000,0.2371
1749265760,0.23840000,2523.00000000,0.2371
1749265760,0.23850000,9835.00000000,0.2371
1749265760,0.23860000,559.00000000,0.2371
1749265760,0.23870000,9607.00000000,0.2371
1749265760,0.23880000,7956.00000000,0.2371
1749265760,0.23890000,76.00000000,0.2371
1749265760,0.23900000,76.00000000,0.2371
1749265760,0.23910000,6426.00000000,0.2371
1749265760,0.23920000,76.00000000,0.2371
1749265760,0.23930000,44.00000000,0.2371
1749265760,0.23940000,7859.00000000,0.2371
1749265760,0.23950000,44.00000000,0.2371
1749265760,0.23960000,44.00000000,0.2371
1749265760,0.23970000,6394.00000000,0.2371
1749265760,0.23980000,44.00000000,0.2371
1749265760,0.23990000,44.00000000,0.2371
1749265760,0.24000000,6416.00000000,0.2371
1749265760,0.24010000,67.00000000,0.2371
1749265760,0.24020000,14686.00000000,0.2371
1749265760,0.24030000,6394.00000000,0.2371
1749265760,0.24040000,241.00000000,0.2371
1749265760,0.24050000,31184.00000000,0.2371
1749265760,0.24060000,44.00000000,0.2371
1749265760,0.24070000,81.00000000,0.2371
1749265760,0.24080000,44.00000000,0.2371
1749265760,0.24090000,43.00000000,0.2371
1749265760,0.24100000,43.00000000,0.2371
1749265760,0.24110000,67.00000000,0.2371
1749265760,0.24120000,43.00000000,0.2371
1749265760,0.24130000,4376.00000000,0.2371
1749265760,0.24140000,43.00000000,0.2371
1749265760,0.24150000,232.00000000,0.2371
1749265760,0.24160000,230.00000000,0.2371
1749265760,0.24170000,26605.00000000,0.2371
1749265760,0.24180000,1840.00000000,0.2371
1749265760,0.24190000,43.00000000,0.2371
1749265760,0.24200000,43.00000000,0.2371
1749265760,0.24210000,43.00000000,0.2371
1749265760,0.24220000,66.00000000,0.2371
1749265760,0.24230000,43.00000000,0.2371
1749265760,0.24240000,43.00000000,0.2371
1749265760,0.24250000,65.00000000,0.2371
1749265760,0.24260000,124.00000000,0.2371
1749265760,0.24270000,122.00000000,0.2371
1749265760,0.24280000,43.00000000,0.2371
1749265760,0.24290000,43.00000000,0.2371
1749265760,0.24300000,43.00000000,0.2371
1749265760,0.24310000,43.00000000,0.2371
1749265760,0.24320000,43.00000000,0.2371
1749265760,0.24330000,43.00000000,0.2371
1749265760,0.24340000,43.00000000,0.2371
1749265760,0.24350000,43.00000000,0.2371
1749265760,0.24360000,43.00000000,0.2371
1749265760,0.24370000,43.00000000,0.2371
1749265760,0.24380000,43.00000000,0.2371
1749265760,0.24390000,43.00000000,0.2371
1749265760,0.24400000,43.00000000,0.2371
1749265760,0.24410000,43.00000000,0.2371
1749265760,0.24420000,43.00000000,0.2371
1749265760,0.24430000,43.00000000,0.2371
1749265760,0.24440000,67.00000000,0.2371
1749265760,0.24450000,43.00000000,0.2371
1749265760,0.24460000,82.00000000,0.2371
1749265760,0.24470000,165.00000000,0.2371
1749265760,0.24480000,49.00000000,0.2371
1749265760,0.24500000,22.00000000,0.2371
1749265760,0.24530000,286.00000000,0.2371
1749265760,0.24540000,110.00000000,0.2371
1749265760,0.24550000,67.00000000,0.2371
1749265760,0.24600000,24.00000000,0.2371
1749265760,0.24610000,23.00000000,0.2371
1749265760,0.24630000,128.00000000,0.2371
1749265760,0.24660000,55.00000000,0.2371
1749265760,0.24730000,55.00000000,0.2371
1749265760,0.24740000,111.00000000,0.2371
1749265760,0.24750000,22.00000000,0.2371
1749265760,0.24760000,24.00000000,0.2371
1749265760,0.24850000,30.00000000,0.2371
1749265760,0.24870000,1326.00000000,0.2371
1749265760,0.24900000,49.00000000,0.2371
1749265760,0.24920000,61.00000000,0.2371
1749265760,0.24930000,24.00000000,0.2371
1749265760,0.24970000,58.00000000,0.2371
1749265760,0.25000000,240.00000000,0.2371
1749265760,0.25020000,109.00000000,0.2371
1749265760,0.25090000,24.00000000,0.2371
1749265760,0.25110000,128.00000000,0.2371
1749265760,0.25130000,99.00000000,0.2371
1749266061,0.23770000,1939.00000000,0.2376
1749266061,0.23780000,34977.00000000,0.2376
1749266061,0.23790000,28497.00000000,0.2376
1749266061,0.23800000,18237.00000000,0.2376
1749266061,0.23810000,6597.00000000,0.2376
1749266061,0.23820000,14507.00000000,0.2376
1749266061,0.23830000,7062.00000000,0.2376
1749266061,0.23840000,13581.00000000,0.2376
1749266061,0.23850000,11381.00000000,0.2376
1749266061,0.23860000,5385.00000000,0.2376
1749266061,0.23870000,3825.00000000,0.2376
1749266061,0.23880000,18690.00000000,0.2376
1749266061,0.23890000,500.00000000,0.2376
1749266061,0.23900000,2523.00000000,0.2376
1749266061,0.23910000,9830.00000000,0.2376
1749266061,0.23920000,76.00000000,0.2376
1749266061,0.23930000,8258.00000000,0.2376
1749266061,0.23940000,7891.00000000,0.2376
1749266061,0.23950000,76.00000000,0.2376
1749266061,0.23960000,76.00000000,0.2376
1749266061,0.23970000,6426.00000000,0.2376
1749266061,0.23980000,76.00000000,0.2376
1749266061,0.23990000,44.00000000,0.2376
1749266061,0.24000000,6416.00000000,0.2376
1749266061,0.24010000,67.00000000,0.2376
1749266061,0.24020000,44.00000000,0.2376
1749266061,0.24030000,6394.00000000,0.2376
1749266061,0.24040000,44.00000000,0.2376
1749266061,0.24050000,236.00000000,0.2376
1749266061,0.24060000,6394.00000000,0.2376
1749266061,0.24070000,81.00000000,0.2376
1749266061,0.24080000,14892.00000000,0.2376
1749266061,0.24090000,4276.00000000,0.2376
1749266061,0.24100000,2362.00000000,0.2376
1749266061,0.24110000,264.00000000,0.2376
1749266061,0.24120000,28657.00000000,0.2376
1749266061,0.24130000,235.00000000,0.2376
1749266061,0.24140000,43.00000000,0.2376
1749266061,0.24150000,232.00000000,0.2376
1749266061,0.24160000,230.00000000,0.2376
1749266061,0.24170000,68.00000000,0.2376
1749266061,0.24180000,1840.00000000,0.2376
1749266061,0.24190000,43.00000000,0.2376
1749266061,0.24200000,4184.00000000,0.2376
1749266061,0.24210000,43.00000000,0.2376
1749266061,0.24220000,66.00000000,0.2376
1749266061,0.24230000,43.00000000,0.2376
1749266061,0.24240000,26580.00000000,0.2376
1749266061,0.24250000,65.00000000,0.2376
1749266061,0.24260000,124.00000000,0.2376
1749266061,0.24270000,122.00000000,0.2376
1749266061,0.24280000,43.00000000,0.2376
1749266061,0.24290000,43.00000000,0.2376
1749266061,0.24300000,43.00000000,0.2376
1749266061,0.24310000,43.00000000,0.2376
1749266061,0.24320000,43.00000000,0.2376
1749266061,0.24330000,43.00000000,0.2376
1749266061,0.24340000,43.00000000,0.2376
1749266061,0.24350000,43.00000000,0.2376
1749266061,0.24360000,43.00000000,0.2376
1749266061,0.24370000,43.00000000,0.2376
1749266061,0.24380000,43.00000000,0.2376
1749266061,0.24390000,43.00000000,0.2376
1749266061,0.24400000,43.00000000,0.2376
1749266061,0.24410000,43.00000000,0.2376
1749266061,0.24420000,43.00000000,0.2376
1749266061,0.24430000,43.00000000,0.2376
1749266061,0.24440000,67.00000000,0.2376
1749266061,0.24450000,43.00000000,0.2376
1749266061,0.24460000,82.00000000,0.2376
1749266061,0.24470000,165.00000000,0.2376
1749266061,0.24480000,92.00000000,0.2376
1749266061,0.24490000,43.00000000,0.2376
1749266061,0.24500000,65.00000000,0.2376
1749266061,0.24510000,43.00000000,0.2376
1749266061,0.24520000,43.00000000,0.2376
1749266061,0.24530000,286.00000000,0.2376
1749266061,0.24540000,110.00000000,0.2376
1749266061,0.24550000,67.00000000,0.2376
1749266061,0.24600000,24.00000000,0.2376
1749266061,0.24610000,23.00000000,0.2376
1749266061,0.24630000,128.00000000,0.2376
1749266061,0.24660000,55.00000000,0.2376
1749266061,0.24730000,55.00000000,0.2376
1749266061,0.24740000,111.00000000,0.2376
1749266061,0.24750000,22.00000000,0.2376
1749266061,0.24760000,24.00000000,0.2376
1749266061,0.24850000,30.00000000,0.2376
1749266061,0.24870000,1326.00000000,0.2376
1749266061,0.24900000,49.00000000,0.2376
1749266061,0.24920000,61.00000000,0.2376
1749266061,0.24930000,24.00000000,0.2376
1749266061,0.24970000,58.00000000,0.2376
1749266061,0.25000000,240.00000000,0.2376
1749266061,0.25020000,109.00000000,0.2376
1749266061,0.25090000,24.00000000,0.2376
1749266061,0.25110000,128.00000000,0.2376
1749266061,0.25130000,99.00000000,0.2376
1749266061,0.25140000,26.00000000,0.2376
1749266061,0.25150000,30.00000000,0.2376
1749266363,0.23740000,1878.00000000,0.2376
1749266363,0.23750000,15938.00000000,0.2376
1749266363,0.23760000,5484.00000000,0.2376
1749266363,0.23770000,14594.00000000,0.2376
1749266363,0.23780000,17084.00000000,0.2376
1749266363,0.23790000,18678.00000000,0.2376
1749266363,0.23800000,13473.00000000,0.2376
1749266363,0.23810000,17763.00000000,0.2376
1749266363,0.23820000,8466.00000000,0.2376
1749266363,0.23830000,2061.00000000,0.2376
1749266363,0.23840000,17578.00000000,0.2376
1749266363,0.23850000,14173.00000000,0.2376
1749266363,0.23860000,2120.00000000,0.2376
1749266363,0.23870000,2061.00000000,0.2376
1749266363,0.23880000,20453.00000000,0.2376
1749266363,0.23890000,531.00000000,0.2376
1749266363,0.23900000,992.00000000,0.2376
1749266363,0.23910000,8300.00000000,0.2376
1749266363,0.23920000,76.00000000,0.2376
1749266363,0.23930000,8189.00000000,0.2376
1749266363,0.23940000,7891.00000000,0.2376
1749266363,0.23950000,76.00000000,0.2376
1749266363,0.23960000,76.00000000,0.2376
1749266363,0.23970000,6426.00000000,0.2376
1749266363,0.23980000,76.00000000,0.2376
1749266363,0.23990000,76.00000000,0.2376
1749266363,0.24000000,6416.00000000,0.2376
1749266363,0.24010000,67.00000000,0.2376
1749266363,0.24020000,44.00000000,0.2376
1749266363,0.24030000,6394.00000000,0.2376
1749266363,0.24040000,44.00000000,0.2376
1749266363,0.24050000,44.00000000,0.2376
1749266363,0.24060000,6394.00000000,0.2376
1749266363,0.24070000,81.00000000,0.2376
1749266363,0.24080000,14892.00000000,0.2376
1749266363,0.24090000,6393.00000000,0.2376
1749266363,0.24100000,43.00000000,0.2376
1749266363,0.24110000,264.00000000,0.2376
1749266363,0.24120000,30825.00000000,0.2376
1749266363,0.24130000,235.00000000,0.2376
1749266363,0.24140000,43.00000000,0.2376
1749266363,0.24150000,232.00000000,0.2376
1749266363,0.24160000,43.00000000,0.2376
1749266363,0.24170000,68.00000000,0.2376
1749266363,0.24180000,43.00000000,0.2376
1749266363,0.24190000,43.00000000,0.2376
1749266363,0.24200000,4184.00000000,0.2376
1749266363,0.24210000,235.00000000,0.2376
1749266363,0.24220000,66.00000000,0.2376
1749266363,0.24230000,230.00000000,0.2376
1749266363,0.24240000,26580.00000000,0.2376
1749266363,0.24250000,65.00000000,0.2376
1749266363,0.24260000,1921.00000000,0.2376
1749266363,0.24270000,122.00000000,0.2376
1749266363,0.24280000,43.00000000,0.2376
1749266363,0.24290000,43.00000000,0.2376
1749266363,0.24300000,43.00000000,0.2376
1749266363,0.24310000,43.00000000,0.2376
1749266363,0.24320000,43.00000000,0.2376
1749266363,0.24330000,43.00000000,0.2376
1749266363,0.24340000,43.00000000,0.2376
1749266363,0.24350000,43.00000000,0.2376
1749266363,0.24360000,43.00000000,0.2376
1749266363,0.24370000,43.00000000,0.2376
1749266363,0.24380000,43.00000000,0.2376
1749266363,0.24390000,43.00000000,0.2376
1749266363,0.24400000,43.00000000,0.2376
1749266363,0.24410000,43.00000000,0.2376
1749266363,0.24420000,43.00000000,0.2376
1749266363,0.24430000,43.00000000,0.2376
1749266363,0.24440000,67.00000000,0.2376
1749266363,0.24450000,43.00000000,0.2376
1749266363,0.24460000,82.00000000,0.2376
1749266363,0.24470000,165.00000000,0.2376
1749266363,0.24480000,92.00000000,0.2376
1749266363,0.24490000,43.00000000,0.2376
1749266363,0.24500000,22.00000000,0.2376
1749266363,0.24530000,286.00000000,0.2376
1749266363,0.24540000,110.00000000,0.2376
1749266363,0.24550000,67.00000000,0.2376
1749266363,0.24600000,24.00000000,0.2376
1749266363,0.24610000,23.00000000,0.2376
1749266363,0.24630000,128.00000000,0.2376
1749266363,0.24660000,55.00000000,0.2376
1749266363,0.24730000,55.00000000,0.2376
1749266363,0.24740000,111.00000000,0.2376
1749266363,0.24750000,22.00000000,0.2376
1749266363,0.24760000,24.00000000,0.2376
1749266363,0.24850000,30.00000000,0.2376
1749266363,0.24870000,1326.00000000,0.2376
1749266363,0.24900000,49.00000000,0.2376
1749266363,0.24920000,61.00000000,0.2376
1749266363,0.24930000,24.00000000,0.2376
1749266363,0.24970000,58.00000000,0.2376
1749266363,0.25000000,240.00000000,0.2376
1749266363,0.25020000,109.00000000,0.2376
1749266363,0.25090000,24.00000000,0.2376
1749266363,0.25110000,128.00000000,0.2376
1749266363,0.25130000,99.00000000,0.2376
1749266363,0.25140000,26.00000000,0.2376
1749266666,0.23790000,2777.00000000,0.2378
1749266666,0.23800000,8149.00000000,0.2378
1749266666,0.23810000,26679.00000000,0.2378
1749266666,0.23820000,25881.00000000,0.2378
1749266666,0.23830000,20331.00000000,0.2378
1749266666,0.23840000,11067.00000000,0.2378
1749266666,0.23850000,15986.00000000,0.2378
1749266666,0.23860000,7942.00000000,0.2378
1749266666,0.23870000,2061.00000000,0.2378
1749266666,0.23880000,19040.00000000,0.2378
1749266666,0.23890000,5307.00000000,0.2378
1749266666,0.23900000,2555.00000000,0.2378
1749266666,0.23910000,20532.00000000,0.2378
1749266666,0.23920000,499.00000000,0.2378
1749266666,0.23930000,3792.00000000,0.2378
1749266666,0.23940000,9421.00000000,0.2378
1749266666,0.23950000,76.00000000,0.2378
1749266666,0.23960000,8192.00000000,0.2378
1749266666,0.23970000,6426.00000000,0.2378
1749266666,0.23980000,76.00000000,0.2378
1749266666,0.23990000,76.00000000,0.2378
1749266666,0.24000000,6448.00000000,0.2378
1749266666,0.24010000,67.00000000,0.2378
1749266666,0.24020000,44.00000000,0.2378
1749266666,0.24030000,6394.00000000,0.2378
1749266666,0.24040000,44.00000000,0.2378
1749266666,0.24050000,44.00000000,0.2378
1749266666,0.24060000,6394.00000000,0.2378
1749266666,0.24070000,81.00000000,0.2378
1749266666,0.24080000,14892.00000000,0.2378
1749266666,0.24090000,6393.00000000,0.2378
1749266666,0.24100000,43.00000000,0.2378
1749266666,0.24110000,264.00000000,0.2378
1749266666,0.24120000,30825.00000000,0.2378
1749266666,0.24130000,235.00000000,0.2378
1749266666,0.24140000,43.00000000,0.2378
1749266666,0.24150000,232.00000000,0.2378
1749266666,0.24160000,43.00000000,0.2378
1749266666,0.24170000,68.00000000,0.2378
1749266666,0.24180000,43.00000000,0.2378
1749266666,0.24190000,1840.00000000,0.2378
1749266666,0.24200000,4184.00000000,0.2378
1749266666,0.24210000,235.00000000,0.2378
1749266666,0.24220000,66.00000000,0.2378
1749266666,0.24230000,230.00000000,0.2378
1749266666,0.24240000,26580.00000000,0.2378
1749266666,0.24250000,65.00000000,0.2378
1749266666,0.24260000,124.00000000,0.2378
1749266666,0.24270000,122.00000000,0.2378
1749266666,0.24280000,43.00000000,0.2378
1749266666,0.24290000,43.00000000,0.2378
1749266666,0.24300000,43.00000000,0.2378
1749266666,0.24310000,43.00000000,0.2378
1749266666,0.24320000,43.00000000,0.2378
1749266666,0.24330000,43.00000000,0.2378
1749266666,0.24340000,43.00000000,0.2378
1749266666,0.24350000,43.00000000,0.2378
1749266666,0.24360000,43.00000000,0.2378
1749266666,0.24370000,43.00000000,0.2378
1749266666,0.24380000,43.00000000,0.2378
1749266666,0.24390000,43.00000000,0.2378
1749266666,0.24400000,43.00000000,0.2378
1749266666,0.24410000,43.00000000,0.2378
1749266666,0.24420000,43.00000000,0.2378
1749266666,0.24430000,43.00000000,0.2378
1749266666,0.24440000,67.00000000,0.2378
1749266666,0.24450000,43.00000000,0.2378
1749266666,0.24460000,82.00000000,0.2378
1749266666,0.24470000,165.00000000,0.2378
1749266666,0.24480000,92.00000000,0.2378
1749266666,0.24490000,43.00000000,0.2378
1749266666,0.24500000,65.00000000,0.2378
1749266666,0.24510000,43.00000000,0.2378
1749266666,0.24520000,43.00000000,0.2378
1749266666,0.24530000,329.00000000,0.2378
1749266666,0.24540000,153.00000000,0.2378
1749266666,0.24550000,67.00000000,0.2378
1749266666,0.24600000,24.00000000,0.2378
1749266666,0.24610000,23.00000000,0.2378
1749266666,0.24630000,128.00000000,0.2378
1749266666,0.24660000,55.00000000,0.2378
1749266666,0.24730000,55.00000000,0.2378
1749266666,0.24740000,111.00000000,0.2378
1749266666,0.24750000,22.00000000,0.2378
1749266666,0.24760000,24.00000000,0.2378
1749266666,0.24850000,30.00000000,0.2378
1749266666,0.24870000,1326.00000000,0.2378
1749266666,0.24900000,49.00000000,0.2378
1749266666,0.24920000,61.00000000,0.2378
1749266666,0.24930000,24.00000000,0.2378
1749266666,0.24970000,58.00000000,0.2378
1749266666,0.25000000,240.00000000,0.2378
1749266666,0.25020000,109.00000000,0.2378
1749266666,0.25090000,24.00000000,0.2378
1749266666,0.25110000,128.00000000,0.2378
1749266666,0.25130000,99.00000000,0.2378
1749266666,0.25140000,26.00000000,0.2378
1749266666,0.25150000,30.00000000,0.2378
1749266666,0.25180000,55.00000000,0.2378
1749266666,0.25190000,24.00000000,0.2378
1749266967,0.23770000,2896.00000000,0.2378
1749266967,0.23780000,22475.00000000,0.2378
1749266967,0.23790000,26908.00000000,0.2378
1749266967,0.23800000,19503.00000000,0.2378
1749266967,0.23810000,27802.00000000,0.2378
1749266967,0.23820000,17643.00000000,0.2378
1749266967,0.23830000,12283.00000000,0.2378
1749266967,0.23840000,16758.00000000,0.2378
1749266967,0.23850000,8716.00000000,0.2378
1749266967,0.23860000,2938.00000000,0.2378
1749266967,0.23870000,2061.00000000,0.2378
1749266967,0.23880000,19040.00000000,0.2378
1749266967,0.23890000,5307.00000000,0.2378
1749266967,0.23900000,5213.00000000,0.2378
1749266967,0.23910000,9830.00000000,0.2378
1749266967,0.23920000,499.00000000,0.2378
1749266967,0.23930000,2262.00000000,0.2378
1749266967,0.23940000,6624.00000000,0.2378
1749266967,0.23950000,76.00000000,0.2378
1749266967,0.23960000,8192.00000000,0.2378
1749266967,0.23970000,6426.00000000,0.2378
1749266967,0.23980000,76.00000000,0.2378
1749266967,0.23990000,76.00000000,0.2378
1749266967,0.24000000,6448.00000000,0.2378
1749266967,0.24010000,67.00000000,0.2378
1749266967,0.24020000,44.00000000,0.2378
1749266967,0.24030000,6394.00000000,0.2378
1749266967,0.24040000,44.00000000,0.2378
1749266967,0.24050000,44.00000000,0.2378
1749266967,0.24060000,6394.00000000,0.2378
1749266967,0.24070000,81.00000000,0.2378
1749266967,0.24080000,14892.00000000,0.2378
1749266967,0.24090000,6393.00000000,0.2378
1749266967,0.24100000,1310.00000000,0.2378
1749266967,0.24110000,4497.00000000,0.2378
1749266967,0.24120000,28657.00000000,0.2378
1749266967,0.24130000,1998.00000000,0.2378
1749266967,0.24140000,43.00000000,0.2378
1749266967,0.24150000,232.00000000,0.2378
1749266967,0.24160000,43.00000000,0.2378
1749266967,0.24170000,68.00000000,0.2378
1749266967,0.24180000,43.00000000,0.2378
1749266967,0.24190000,43.00000000,0.2378
1749266967,0.24200000,4184.00000000,0.2378
1749266967,0.24210000,235.00000000,0.2378
1749266967,0.24220000,66.00000000,0.2378
1749266967,0.24230000,230.00000000,0.2378
1749266967,0.24240000,26580.00000000,0.2378
1749266967,0.24250000,65.00000000,0.2378
1749266967,0.24260000,1921.00000000,0.2378
1749266967,0.24270000,122.00000000,0.2378
1749266967,0.24280000,43.00000000,0.2378
1749266967,0.24290000,43.00000000,0.2378
1749266967,0.24300000,43.00000000,0.2378
1749266967,0.24310000,43.00000000,0.2378
1749266967,0.24320000,43.00000000,0.2378
1749266967,0.24330000,43.00000000,0.2378
1749266967,0.24340000,43.00000000,0.2378
1749266967,0.24350000,43.00000000,0.2378
1749266967,0.24360000,43.00000000,0.2378
1749266967,0.24370000,43.00000000,0.2378
1749266967,0.24380000,43.00000000,0.2378
1749266967,0.24390000,43.00000000,0.2378
1749266967,0.24400000,43.00000000,0.2378
1749266967,0.24410000,43.00000000,0.2378
1749266967,0.24420000,43.00000000,0.2378
1749266967,0.24430000,43.00000000,0.2378
1749266967,0.24440000,67.00000000,0.2378
1749266967,0.24450000,43.00000000,0.2378
1749266967,0.24460000,82.00000000,0.2378
1749266967,0.24470000,165.00000000,0.2378
1749266967,0.24480000,92.00000000,0.2378
1749266967,0.24490000,43.00000000,0.2378
1749266967,0.24500000,65.00000000,0.2378
1749266967,0.24510000,43.00000000,0.2378
1749266967,0.24520000,43.00000000,0.2378
1749266967,0.24530000,286.00000000,0.2378
1749266967,0.24540000,110.00000000,0.2378
1749266967,0.24550000,67.00000000,0.2378
1749266967,0.24600000,24.00000000,0.2378
1749266967,0.24610000,23.00000000,0.2378
1749266967,0.24630000,128.00000000,0.2378
1749266967,0.24660000,55.00000000,0.2378
1749266967,0.24730000,55.00000000,0.2378
1749266967,0.24740000,111.00000000,0.2378
1749266967,0.24750000,22.00000000,0.2378
1749266967,0.24760000,24.00000000,0.2378
1749266967,0.24850000,30.00000000,0.2378
1749266967,0.24870000,1326.00000000,0.2378
1749266967,0.24900000,49.00000000,0.2378
1749266967,0.24920000,61.00000000,0.2378
1749266967,0.24930000,24.00000000,0.2378
1749266967,0.24970000,58.00000000,0.2378
1749266967,0.25000000,240.00000000,0.2378
1749266967,0.25020000,109.00000000,0.2378
1749266967,0.25090000,24.00000000,0.2378
1749266967,0.25110000,128.00000000,0.2378
1749266967,0.25130000,99.00000000,0.2378
1749266967,0.25140000,26.00000000,0.2378
1749266967,0.25150000,30.00000000,0.2378
1749267269,0.23720000,1846.00000000,0.2371
1749267269,0.23730000,17328.00000000,0.2371
1749267269,0.23740000,9842.00000000,0.2371
1749267269,0.23750000,15073.00000000,0.2371
1749267269,0.23760000,25334.00000000,0.2371
1749267269,0.23770000,39097.00000000,0.2371
1749267269,0.23780000,9177.00000000,0.2371
1749267269,0.23790000,6643.00000000,0.2371
1749267269,0.23800000,4994.00000000,0.2371
1749267269,0.23810000,16996.00000000,0.2371
1749267269,0.23820000,4538.00000000,0.2371
1749267269,0.23830000,9508.00000000,0.2371
1749267269,0.23840000,7819.00000000,0.2371
1749267269,0.23850000,8411.00000000,0.2371
1749267269,0.23860000,2120.00000000,0.2371
1749267269,0.23870000,108.00000000,0.2371
1749267269,0.23880000,7988.00000000,0.2371
1749267269,0.23890000,8297.00000000,0.2371
1749267269,0.23900000,3260.00000000,0.2371
1749267269,0.23910000,8300.00000000,0.2371
1749267269,0.23920000,76.00000000,0.2371
1749267269,0.23930000,76.00000000,0.2371
1749267269,0.23940000,6624.00000000,0.2371
1749267269,0.23950000,76.00000000,0.2371
1749267269,0.23960000,76.00000000,0.2371
1749267269,0.23970000,6426.00000000,0.2371
1749267269,0.23980000,76.00000000,0.2371
1749267269,0.23990000,76.00000000,0.2371
1749267269,0.24000000,6448.00000000,0.2371
1749267269,0.24010000,67.00000000,0.2371
1749267269,0.24020000,44.00000000,0.2371
1749267269,0.24030000,6394.00000000,0.2371
1749267269,0.24040000,44.00000000,0.2371
1749267269,0.24050000,44.00000000,0.2371
1749267269,0.24060000,6586.00000000,0.2371
1749267269,0.24070000,81.00000000,0.2371
1749267269,0.24080000,14892.00000000,0.2371
1749267269,0.24090000,6393.00000000,0.2371
1749267269,0.24100000,1310.00000000,0.2371
1749267269,0.24110000,4497.00000000,0.2371
1749267269,0.24120000,28657.00000000,0.2371
1749267269,0.24130000,1806.00000000,0.2371
1749267269,0.24140000,43.00000000,0.2371
1749267269,0.24150000,232.00000000,0.2371
1749267269,0.24160000,43.00000000,0.2371
1749267269,0.24170000,68.00000000,0.2371
1749267269,0.24180000,43.00000000,0.2371
1749267269,0.24190000,1840.00000000,0.2371
1749267269,0.24200000,4184.00000000,0.2371
1749267269,0.24210000,235.00000000,0.2371
1749267269,0.24220000,66.00000000,0.2371
1749267269,0.24230000,230.00000000,0.2371
1749267269,0.24240000,26580.00000000,0.2371
1749267269,0.24250000,65.00000000,0.2371
1749267269,0.24260000,124.00000000,0.2371
1749267269,0.24270000,122.00000000,0.2371
1749267269,0.24280000,43.00000000,0.2371
1749267269,0.24290000,43.00000000,0.2371
1749267269,0.24300000,43.00000000,0.2371
1749267269,0.24310000,43.00000000,0.2371
1749267269,0.24320000,43.00000000,0.2371
1749267269,0.24330000,43.00000000,0.2371
1749267269,0.24340000,43.00000000,0.2371
1749267269,0.24350000,43.00000000,0.2371
1749267269,0.24360000,43.00000000,0.2371
1749267269,0.24370000,43.00000000,0.2371
1749267269,0.24380000,43.00000000,0.2371
1749267269,0.24390000,43.00000000,0.2371
1749267269,0.24400000,43.00000000,0.2371
1749267269,0.24410000,43.00000000,0.2371
1749267269,0.24420000,43.00000000,0.2371
1749267269,0.24430000,43.00000000,0.2371
1749267269,0.24440000,67.00000000,0.2371
1749267269,0.24450000,43.00000000,0.2371
1749267269,0.24460000,82.00000000,0.2371
1749267269,0.24470000,165.00000000,0.2371
1749267269,0.24480000,49.00000000,0.2371
1749267269,0.24500000,22.00000000,0.2371
1749267269,0.24530000,286.00000000,0.2371
1749267269,0.24540000,110.00000000,0.2371
1749267269,0.24550000,67.00000000,0.2371
1749267269,0.24600000,24.00000000,0.2371
1749267269,0.24610000,23.00000000,0.2371
1749267269,0.24630000,128.00000000,0.2371
1749267269,0.24660000,55.00000000,0.2371
1749267269,0.24730000,55.00000000,0.2371
1749267269,0.24740000,111.00000000,0.2371
1749267269,0.24750000,22.00000000,0.2371
1749267269,0.24760000,24.00000000,0.2371
1749267269,0.24850000,30.00000000,0.2371
1749267269,0.24870000,1326.00000000,0.2371
1749267269,0.24900000,49.00000000,0.2371
1749267269,0.24920000,61.00000000,0.2371
1749267269,0.24930000,24.00000000,0.2371
1749267269,0.24970000,58.00000000,0.2371
1749267269,0.25000000,240.00000000,0.2371
1749267269,0.25020000,109.00000000,0.2371
1749267269,0.25090000,24.00000000,0.2371
1749267269,0.25110000,128.00000000,0.2371
1749267269,0.25130000,99.00000000,0.2371
1749267571,0.23760000,316.00000000,0.2375
1749267571,0.23770000,21787.00000000,0.2375
1749267571,0.23780000,24479.00000000,0.2375
1749267571,0.23790000,22110.00000000,0.2375
1749267571,0.23800000,23955.00000000,0.2375
1749267571,0.23810000,16962.00000000,0.2375
1749267571,0.23820000,9539.00000000,0.2375
1749267571,0.23830000,6295.00000000,0.2375
1749267571,0.23840000,13575.00000000,0.2375
1749267571,0.23850000,8338.00000000,0.2375
1749267571,0.23860000,2121.00000000,0.2375
1749267571,0.23870000,5309.00000000,0.2375
1749267571,0.23880000,18690.00000000,0.2375
1749267571,0.23890000,3825.00000000,0.2375
1749267571,0.23900000,5214.00000000,0.2375
1749267571,0.23910000,9830.00000000,0.2375
1749267571,0.23920000,8269.00000000,0.2375
1749267571,0.23930000,76.00000000,0.2375
1749267571,0.23940000,6624.00000000,0.2375
1749267571,0.23950000,76.00000000,0.2375
1749267571,0.23960000,76.00000000,0.2375
1749267571,0.23970000,6426.00000000,0.2375
1749267571,0.23980000,76.00000000,0.2375
1749267571,0.23990000,76.00000000,0.2375
1749267571,0.24000000,6448.00000000,0.2375
1749267571,0.24010000,67.00000000,0.2375
1749267571,0.24020000,44.00000000,0.2375
1749267571,0.24030000,6394.00000000,0.2375
1749267571,0.24040000,44.00000000,0.2375
1749267571,0.24050000,44.00000000,0.2375
1749267571,0.24060000,6586.00000000,0.2375
1749267571,0.24070000,81.00000000,0.2375
1749267571,0.24080000,14892.00000000,0.2375
1749267571,0.24090000,6393.00000000,0.2375
1749267571,0.24100000,1310.00000000,0.2375
1749267571,0.24110000,4497.00000000,0.2375
1749267571,0.24120000,28657.00000000,0.2375
1749267571,0.24130000,1806.00000000,0.2375
1749267571,0.24140000,43.00000000,0.2375
1749267571,0.24150000,232.00000000,0.2375
1749267571,0.24160000,43.00000000,0.2375
1749267571,0.24170000,68.00000000,0.2375
1749267571,0.24180000,43.00000000,0.2375
1749267571,0.24190000,1840.00000000,0.2375
1749267571,0.24200000,4184.00000000,0.2375
1749267571,0.24210000,235.00000000,0.2375
1749267571,0.24220000,66.00000000,0.2375
1749267571,0.24230000,230.00000000,0.2375
1749267571,0.24240000,26580.00000000,0.2375
1749267571,0.24250000,65.00000000,0.2375
1749267571,0.24260000,124.00000000,0.2375
1749267571,0.24270000,122.00000000,0.2375
1749267571,0.24280000,43.00000000,0.2375
1749267571,0.24290000,43.00000000,0.2375
1749267571,0.24300000,43.00000000,0.2375
1749267571,0.24310000,43.00000000,0.2375
1749267571,0.24320000,43.00000000,0.2375
1749267571,0.24330000,43.00000000,0.2375
1749267571,0.24340000,43.00000000,0.2375
1749267571,0.24350000,43.00000000,0.2375
1749267571,0.24360000,43.00000000,0.2375
1749267571,0.24370000,43.00000000,0.2375
1749267571,0.24380000,43.00000000,0.2375
1749267571,0.24390000,43.00000000,0.2375
1749267571,0.24400000,43.00000000,0.2375
1749267571,0.24410000,43.00000000,0.2375
1749267571,0.24420000,43.00000000,0.2375
1749267571,0.24430000,43.00000000,0.2375
1749267571,0.24440000,67.00000000,0.2375
1749267571,0.24450000,43.00000000,0.2375
1749267571,0.24460000,82.00000000,0.2375
1749267571,0.24470000,165.00000000,0.2375
1749267571,0.24480000,92.00000000,0.2375
1749267571,0.24490000,43.00000000,0.2375
1749267571,0.24500000,65.00000000,0.2375
1749267571,0.24510000,43.00000000,0.2375
1749267571,0.24530000,286.00000000,0.2375
1749267571,0.24540000,110.00000000,0.2375
1749267571,0.24550000,67.00000000,0.2375
1749267571,0.24600000,24.00000000,0.2375
1749267571,0.24610000,23.00000000,0.2375
1749267571,0.24630000,128.00000000,0.2375
1749267571,0.24660000,55.00000000,0.2375
1749267571,0.24730000,55.00000000,0.2375
1749267571,0.24740000,111.00000000,0.2375
1749267571,0.24750000,22.00000000,0.2375
1749267571,0.24760000,24.00000000,0.2375
1749267571,0.24850000,30.00000000,0.2375
1749267571,0.24870000,1326.00000000,0.2375
1749267571,0.24900000,49.00000000,0.2375
1749267571,0.24920000,61.00000000,0.2375
1749267571,0.24930000,24.00000000,0.2375
1749267571,0.24970000,58.00000000,0.2375
1749267571,0.25000000,240.00000000,0.2375
1749267571,0.25020000,109.00000000,0.2375
1749267571,0.25090000,24.00000000,0.2375
1749267571,0.25110000,128.00000000,0.2375
1749267571,0.25130000,99.00000000,0.2375
1749267571,0.25140000,26.00000000,0.2375
1749267571,0.25150000,30.00000000,0.2375
1749267872,0.23750000,1846.00000000,0.2375
1749267872,0.23760000,17316.00000000,0.2375
1749267872,0.23770000,13039.00000000,0.2375
1749267872,0.23780000,26277.00000000,0.2375
1749267872,0.23790000,16602.00000000,0.2375
1749267872,0.23800000,29341.00000000,0.2375
1749267872,0.23810000,23792.00000000,0.2375
1749267872,0.23820000,8810.00000000,0.2375
1749267872,0.23830000,9866.00000000,0.2375
1749267872,0.23840000,13149.00000000,0.2375
1749267872,0.23850000,8293.00000000,0.2375
1749267872,0.23860000,1697.00000000,0.2375
1749267872,0.23870000,4905.00000000,0.2375
1749267872,0.23880000,19040.00000000,0.2375
1749267872,0.23890000,3401.00000000,0.2375
1749267872,0.23900000,4297.00000000,0.2375
1749267872,0.23910000,8300.00000000,0.2375
1749267872,0.23920000,569.00000000,0.2375
1749267872,0.23930000,76.00000000,0.2375
1749267872,0.23940000,6624.00000000,0.2375
1749267872,0.23950000,8063.00000000,0.2375
1749267872,0.23960000,76.00000000,0.2375
1749267872,0.23970000,6426.00000000,0.2375
1749267872,0.23980000,76.00000000,0.2375
1749267872,0.23990000,76.00000000,0.2375
1749267872,0.24000000,6448.00000000,0.2375
1749267872,0.24010000,67.00000000,0.2375
1749267872,0.24020000,44.00000000,0.2375
1749267872,0.24030000,6394.00000000,0.2375
1749267872,0.24040000,44.00000000,0.2375
1749267872,0.24050000,44.00000000,0.2375
1749267872,0.24060000,6586.00000000,0.2375
1749267872,0.24070000,81.00000000,0.2375
1749267872,0.24080000,14892.00000000,0.2375
1749267872,0.24090000,6393.00000000,0.2375
