timestamp,price,volume,current_price
1749260821,0.19850000,2687.60000000,0.1985
1749260821,0.19840000,14582.20000000,0.1985
1749260821,0.19830000,19898.90000000,0.1985
1749260821,0.19820000,46745.40000000,0.1985
1749260821,0.19810000,52769.10000000,0.1985
1749260821,0.19800000,21144.50000000,0.1985
1749260821,0.19790000,14816.80000000,0.1985
1749260821,0.19780000,46448.80000000,0.1985
1749260821,0.19770000,3782.10000000,0.1985
1749260821,0.19760000,9428.80000000,0.1985
1749260821,0.19750000,16671.10000000,0.1985
1749260821,0.19740000,25263.60000000,0.1985
1749260821,0.19730000,5889.80000000,0.1985
1749260821,0.19720000,3810.50000000,0.1985
1749260821,0.19710000,6113.00000000,0.1985
1749260821,0.19700000,6084.70000000,0.1985
1749260821,0.19690000,1245.60000000,0.1985
1749260821,0.19680000,1245.60000000,0.1985
1749260821,0.19670000,1245.80000000,0.1985
1749260821,0.19660000,1245.80000000,0.1985
1749260821,0.19650000,1207.80000000,0.1985
1749260821,0.19640000,2322.20000000,0.1985
1749260821,0.19630000,3579.50000000,0.1985
1749260821,0.19620000,1207.90000000,0.1985
1749260821,0.19610000,1236.70000000,0.1985
1749260821,0.19600000,6713.40000000,0.1985
1749260821,0.19590000,1530.80000000,0.1985
1749260821,0.19580000,3931.80000000,0.1985
1749260821,0.19570000,6577.90000000,0.1985
1749260821,0.19560000,1208.00000000,0.1985
1749260821,0.19540000,1170.00000000,0.1985
1749260821,0.19530000,1196.60000000,0.1985
1749260821,0.19520000,4214.00000000,0.1985
1749260821,0.19510000,1334.70000000,0.1985
1749260821,0.19500000,11573.90000000,0.1985
1749260821,0.19490000,1242.20000000,0.1985
1749260821,0.19480000,1887.70000000,0.1985
1749260821,0.19470000,27461.40000000,0.1985
1749260821,0.19460000,1793.80000000,0.1985
1749260821,0.19450000,58.50000000,0.1985
1749260821,0.19440000,26.70000000,0.1985
1749260821,0.19420000,5310.00000000,0.1985
1749260821,0.19400000,2552.00000000,0.1985
1749260821,0.19390000,246.30000000,0.1985
1749260821,0.19380000,28.80000000,0.1985
1749260821,0.19350000,258.00000000,0.1985
1749260821,0.19340000,176.80000000,0.1985
1749260821,0.19330000,145.40000000,0.1985
1749260821,0.19310000,29.00000000,0.1985
1749260821,0.19300000,55.00000000,0.1985
1749260821,0.19290000,260.00000000,0.1985
1749260821,0.19280000,56.80000000,0.1985
1749260821,0.19270000,28.80000000,0.1985
1749260821,0.19260000,539.90000000,0.1985
1749260821,0.19250000,51.90000000,0.1985
1749260821,0.19210000,973.50000000,0.1985
1749260821,0.19200000,7690.80000000,0.1985
1749260821,0.19190000,55.90000000,0.1985
1749260821,0.19160000,202.70000000,0.1985
1749260821,0.19140000,164.70000000,0.1985
1749260821,0.19130000,52.30000000,0.1985
1749260821,0.19110000,62.00000000,0.1985
1749260821,0.19100000,657.00000000,0.1985
1749260821,0.19060000,185.90000000,0.1985
1749260821,0.19030000,1350.00000000,0.1985
1749260821,0.19020000,997.90000000,0.1985
1749260821,0.19010000,217.30000000,0.1985
1749260821,0.19000000,29037.20000000,0.1985
1749260821,0.18990000,180.40000000,0.1985
1749260821,0.18980000,57.90000000,0.1985
1749260821,0.18950000,2880.60000000,0.1985
1749260821,0.18930000,1804.00000000,0.1985
1749260821,0.18910000,1322.00000000,0.1985
1749260821,0.18900000,134.30000000,0.1985
1749260821,0.18890000,265.90000000,0.1985
1749260821,0.18880000,111.20000000,0.1985
1749260821,0.18860000,44.90000000,0.1985
1749260821,0.18850000,2201.50000000,0.1985
1749260821,0.18840000,28.80000000,0.1985
1749260821,0.18830000,443.40000000,0.1985
1749260821,0.18820000,134.60000000,0.1985
1749260821,0.18800000,651.00000000,0.1985
1749260821,0.18770000,591.80000000,0.1985
1749260821,0.18760000,164.70000000,0.1985
1749260821,0.18750000,54.00000000,0.1985
1749260821,0.18740000,62.00000000,0.1985
1749260821,0.18730000,28.80000000,0.1985
1749260821,0.18700000,1284.70000000,0.1985
1749260821,0.18690000,321.00000000,0.1985
1749260821,0.18680000,53.50000000,0.1985
1749260821,0.18670000,1762.10000000,0.1985
1749260821,0.18660000,535.90000000,0.1985
1749260821,0.18650000,3110.10000000,0.1985
1749260821,0.18640000,164.70000000,0.1985
1749260821,0.18630000,28.80000000,0.1985
1749260821,0.18600000,135.60000000,0.1985
1749260821,0.18560000,4444.40000000,0.1985
1749260821,0.18530000,101.30000000,0.1985
1749260821,0.18520000,28.80000000,0.1985
1749260821,0.18510000,507.80000000,0.1985
1749261142,0.19840000,24599.30000000,0.1985
1749261142,0.19830000,63825.20000000,0.1985
1749261142,0.19820000,55475.60000000,0.1985
1749261142,0.19810000,30186.70000000,0.1985
1749261142,0.19800000,21346.50000000,0.1985
1749261142,0.19790000,22950.20000000,0.1985
1749261142,0.19780000,20961.40000000,0.1985
1749261142,0.19770000,5615.60000000,0.1985
1749261142,0.19760000,7847.40000000,0.1985
1749261142,0.19750000,21660.40000000,0.1985
1749261142,0.19740000,4836.20000000,0.1985
1749261142,0.19730000,1748.90000000,0.1985
1749261142,0.19720000,3810.50000000,0.1985
1749261142,0.19710000,1245.60000000,0.1985
1749261142,0.19700000,1300.60000000,0.1985
1749261142,0.19690000,1245.60000000,0.1985
1749261142,0.19680000,4387.50000000,0.1985
1749261142,0.19670000,1207.80000000,0.1985
1749261142,0.19660000,1207.80000000,0.1985
1749261142,0.19650000,6628.50000000,0.1985
1749261142,0.19640000,4378.10000000,0.1985
1749261142,0.19630000,1207.90000000,0.1985
1749261142,0.19620000,1207.90000000,0.1985
1749261142,0.19610000,9365.40000000,0.1985
1749261142,0.19600000,1262.90000000,0.1985
1749261142,0.19590000,1530.80000000,0.1985
1749261142,0.19580000,1207.90000000,0.1985
1749261142,0.19570000,3586.90000000,0.1985
1749261142,0.19560000,1208.00000000,0.1985
1749261142,0.19540000,1170.00000000,0.1985
1749261142,0.19530000,1196.60000000,0.1985
1749261142,0.19520000,1829.00000000,0.1985
1749261142,0.19510000,1334.70000000,0.1985
1749261142,0.19500000,6801.00000000,0.1985
1749261142,0.19490000,1242.20000000,0.1985
1749261142,0.19480000,4277.60000000,0.1985
1749261142,0.19470000,23900.30000000,0.1985
1749261142,0.19460000,1793.80000000,0.1985
1749261142,0.19450000,58.50000000,0.1985
1749261142,0.19440000,26.70000000,0.1985
1749261142,0.19430000,5310.00000000,0.1985
1749261142,0.19420000,2700.10000000,0.1985
1749261142,0.19400000,55.00000000,0.1985
1749261142,0.19390000,246.30000000,0.1985
1749261142,0.19380000,28.80000000,0.1985
1749261142,0.19350000,258.00000000,0.1985
1749261142,0.19340000,176.80000000,0.1985
1749261142,0.19330000,145.40000000,0.1985
1749261142,0.19310000,29.00000000,0.1985
1749261142,0.19300000,55.00000000,0.1985
1749261142,0.19290000,260.00000000,0.1985
1749261142,0.19280000,56.80000000,0.1985
1749261142,0.19270000,28.80000000,0.1985
1749261142,0.19260000,539.90000000,0.1985
1749261142,0.19250000,51.90000000,0.1985
1749261142,0.19210000,973.50000000,0.1985
1749261142,0.19200000,7690.80000000,0.1985
1749261142,0.19190000,55.90000000,0.1985
1749261142,0.19160000,202.70000000,0.1985
1749261142,0.19140000,164.70000000,0.1985
1749261142,0.19130000,52.30000000,0.1985
1749261142,0.19110000,62.00000000,0.1985
1749261142,0.19100000,657.00000000,0.1985
1749261142,0.19060000,185.90000000,0.1985
1749261142,0.19050000,917.70000000,0.1985
1749261142,0.19030000,1350.00000000,0.1985
1749261142,0.19020000,78.80000000,0.1985
1749261142,0.19010000,217.30000000,0.1985
1749261142,0.19000000,29037.20000000,0.1985
1749261142,0.18990000,180.40000000,0.1985
1749261142,0.18980000,57.90000000,0.1985
1749261142,0.18950000,2880.60000000,0.1985
1749261142,0.18930000,1804.00000000,0.1985
1749261142,0.18910000,1322.00000000,0.1985
1749261142,0.18900000,134.30000000,0.1985
1749261142,0.18890000,265.90000000,0.1985
1749261142,0.18880000,111.20000000,0.1985
1749261142,0.18860000,44.90000000,0.1985
1749261142,0.18850000,2201.50000000,0.1985
1749261142,0.18840000,28.80000000,0.1985
1749261142,0.18830000,443.40000000,0.1985
1749261142,0.18820000,134.60000000,0.1985
1749261142,0.18800000,651.00000000,0.1985
1749261142,0.18770000,591.80000000,0.1985
1749261142,0.18760000,164.70000000,0.1985
1749261142,0.18750000,54.00000000,0.1985
1749261142,0.18740000,62.00000000,0.1985
1749261142,0.18730000,28.80000000,0.1985
1749261142,0.18700000,1284.70000000,0.1985
1749261142,0.18690000,321.00000000,0.1985
1749261142,0.18680000,53.50000000,0.1985
1749261142,0.18670000,1762.10000000,0.1985
1749261142,0.18660000,535.90000000,0.1985
1749261142,0.18650000,3110.10000000,0.1985
1749261142,0.18640000,164.70000000,0.1985
1749261142,0.18630000,28.80000000,0.1985
1749261142,0.18600000,135.60000000,0.1985
1749261142,0.18560000,4444.40000000,0.1985
1749261142,0.18530000,101.30000000,0.1985
1749261142,0.18520000,28.80000000,0.1985
1749261453,0.19840000,2203.60000000,0.1984
1749261453,0.19830000,20422.30000000,0.1984
1749261453,0.19820000,55104.40000000,0.1984
1749261453,0.19810000,52308.20000000,0.1984
1749261453,0.19800000,24558.80000000,0.1984
1749261453,0.19790000,32881.20000000,0.1984
1749261453,0.19780000,30653.00000000,0.1984
1749261453,0.19770000,9846.70000000,0.1984
1749261453,0.19760000,8039.80000000,0.1984
1749261453,0.19750000,6856.80000000,0.1984
1749261453,0.19740000,21462.60000000,0.1984
1749261453,0.19730000,7478.30000000,0.1984
1749261453,0.19720000,3810.50000000,0.1984
1749261453,0.19710000,1276.00000000,0.1984
1749261453,0.19700000,3836.70000000,0.1984
1749261453,0.19690000,1245.60000000,0.1984
1749261453,0.19680000,3743.80000000,0.1984
1749261453,0.19670000,1207.80000000,0.1984
1749261453,0.19660000,1207.80000000,0.1984
1749261453,0.19650000,6628.50000000,0.1984
1749261453,0.19640000,5192.30000000,0.1984
1749261453,0.19630000,9147.10000000,0.1984
1749261453,0.19620000,1207.90000000,0.1984
1749261453,0.19610000,9365.40000000,0.1984
1749261453,0.19600000,1262.90000000,0.1984
1749261453,0.19590000,1530.80000000,0.1984
1749261453,0.19580000,1207.90000000,0.1984
1749261453,0.19570000,3991.30000000,0.1984
1749261453,0.19560000,4023.20000000,0.1984
1749261453,0.19540000,1170.00000000,0.1984
1749261453,0.19530000,1196.60000000,0.1984
1749261453,0.19520000,1829.00000000,0.1984
1749261453,0.19510000,3720.90000000,0.1984
1749261453,0.19500000,6801.00000000,0.1984
1749261453,0.19490000,1242.20000000,0.1984
1749261453,0.19480000,4277.60000000,0.1984
1749261453,0.19470000,25070.30000000,0.1984
1749261453,0.19460000,1793.80000000,0.1984
1749261453,0.19450000,58.50000000,0.1984
1749261453,0.19440000,26.70000000,0.1984
1749261453,0.19420000,8010.10000000,0.1984
1749261453,0.19400000,55.00000000,0.1984
1749261453,0.19390000,164.70000000,0.1984
1749261453,0.19380000,28.80000000,0.1984
1749261453,0.19350000,258.00000000,0.1984
1749261453,0.19340000,176.80000000,0.1984
1749261453,0.19330000,145.40000000,0.1984
1749261453,0.19310000,29.00000000,0.1984
1749261453,0.19300000,55.00000000,0.1984
1749261453,0.19290000,260.00000000,0.1984
1749261453,0.19280000,56.80000000,0.1984
1749261453,0.19270000,28.80000000,0.1984
1749261453,0.19260000,539.90000000,0.1984
1749261453,0.19250000,51.90000000,0.1984
1749261453,0.19210000,973.50000000,0.1984
1749261453,0.19200000,7690.80000000,0.1984
1749261453,0.19190000,55.90000000,0.1984
1749261453,0.19160000,202.70000000,0.1984
1749261453,0.19140000,164.70000000,0.1984
1749261453,0.19130000,52.30000000,0.1984
1749261453,0.19110000,62.00000000,0.1984
1749261453,0.19100000,657.00000000,0.1984
1749261453,0.19060000,185.90000000,0.1984
1749261453,0.19030000,1350.00000000,0.1984
1749261453,0.19020000,997.90000000,0.1984
1749261453,0.19010000,468.90000000,0.1984
1749261453,0.19000000,29037.20000000,0.1984
1749261453,0.18990000,180.40000000,0.1984
1749261453,0.18980000,57.90000000,0.1984
1749261453,0.18950000,2880.60000000,0.1984
1749261453,0.18930000,1804.00000000,0.1984
1749261453,0.18910000,1322.00000000,0.1984
1749261453,0.18900000,134.30000000,0.1984
1749261453,0.18890000,265.90000000,0.1984
1749261453,0.18880000,111.20000000,0.1984
1749261453,0.18860000,44.90000000,0.1984
1749261453,0.18850000,2201.50000000,0.1984
1749261453,0.18840000,28.80000000,0.1984
1749261453,0.18830000,443.40000000,0.1984
1749261453,0.18820000,134.60000000,0.1984
1749261453,0.18800000,651.00000000,0.1984
1749261453,0.18770000,591.80000000,0.1984
1749261453,0.18760000,164.70000000,0.1984
1749261453,0.18750000,54.00000000,0.1984
1749261453,0.18740000,62.00000000,0.1984
1749261453,0.18730000,28.80000000,0.1984
1749261453,0.18700000,1284.70000000,0.1984
1749261453,0.18690000,321.00000000,0.1984
1749261453,0.18680000,53.50000000,0.1984
1749261453,0.18670000,1762.10000000,0.1984
1749261453,0.18660000,535.90000000,0.1984
1749261453,0.18650000,3110.10000000,0.1984
1749261453,0.18640000,164.70000000,0.1984
1749261453,0.18630000,28.80000000,0.1984
1749261453,0.18600000,135.60000000,0.1984
1749261453,0.18560000,4444.40000000,0.1984
1749261453,0.18530000,101.30000000,0.1984
1749261453,0.18520000,28.80000000,0.1984
1749261453,0.18510000,507.80000000,0.1984
1749261453,0.18500000,1046.40000000,0.1984
1749261769,0.19830000,2370.10000000,0.1984
1749261769,0.19820000,35172.40000000,0.1984
1749261769,0.19810000,58074.10000000,0.1984
1749261769,0.19800000,53753.20000000,0.1984
1749261769,0.19790000,38310.00000000,0.1984
1749261769,0.19780000,27852.70000000,0.1984
1749261769,0.19770000,9765.90000000,0.1984
1749261769,0.19760000,10734.30000000,0.1984
1749261769,0.19750000,6856.80000000,0.1984
1749261769,0.19740000,40114.00000000,0.1984
1749261769,0.19730000,2823.50000000,0.1984
1749261769,0.19720000,3810.50000000,0.1984
1749261769,0.19710000,1245.60000000,0.1984
1749261769,0.19700000,3836.70000000,0.1984
1749261769,0.19690000,1245.60000000,0.1984
1749261769,0.19680000,3743.80000000,0.1984
1749261769,0.19670000,1207.80000000,0.1984
1749261769,0.19660000,1207.80000000,0.1984
1749261769,0.19650000,3914.30000000,0.1984
1749261769,0.19640000,2321.60000000,0.1984
1749261769,0.19630000,6312.40000000,0.1984
1749261769,0.19620000,1207.90000000,0.1984
1749261769,0.19610000,4006.40000000,0.1984
1749261769,0.19600000,1262.90000000,0.1984
1749261769,0.19590000,1530.80000000,0.1984
1749261769,0.19580000,1207.90000000,0.1984
1749261769,0.19570000,1208.00000000,0.1984
1749261769,0.19560000,1208.00000000,0.1984
1749261769,0.19540000,1828.30000000,0.1984
1749261769,0.19530000,1196.60000000,0.1984
1749261769,0.19520000,1170.00000000,0.1984
1749261769,0.19510000,3720.90000000,0.1984
1749261769,0.19500000,6801.00000000,0.1984
1749261769,0.19490000,1242.20000000,0.1984
1749261769,0.19480000,3863.20000000,0.1984
1749261769,0.19470000,25070.30000000,0.1984
1749261769,0.19460000,1793.80000000,0.1984
1749261769,0.19450000,58.50000000,0.1984
1749261769,0.19440000,26.70000000,0.1984
1749261769,0.19420000,7946.10000000,0.1984
1749261769,0.19400000,55.00000000,0.1984
1749261769,0.19390000,164.70000000,0.1984
1749261769,0.19380000,28.80000000,0.1984
1749261769,0.19350000,258.00000000,0.1984
1749261769,0.19340000,176.80000000,0.1984
1749261769,0.19330000,145.40000000,0.1984
1749261769,0.19310000,29.00000000,0.1984
1749261769,0.19300000,55.00000000,0.1984
1749261769,0.19290000,260.00000000,0.1984
1749261769,0.19280000,56.80000000,0.1984
1749261769,0.19270000,28.80000000,0.1984
1749261769,0.19260000,539.90000000,0.1984
1749261769,0.19250000,51.90000000,0.1984
1749261769,0.19210000,973.50000000,0.1984
1749261769,0.19200000,7690.80000000,0.1984
1749261769,0.19190000,55.90000000,0.1984
1749261769,0.19160000,202.70000000,0.1984
1749261769,0.19140000,164.70000000,0.1984
1749261769,0.19130000,52.30000000,0.1984
1749261769,0.19110000,62.00000000,0.1984
1749261769,0.19100000,657.00000000,0.1984
1749261769,0.19060000,185.90000000,0.1984
1749261769,0.19050000,917.60000000,0.1984
1749261769,0.19030000,1350.00000000,0.1984
1749261769,0.19020000,78.80000000,0.1984
1749261769,0.19010000,883.30000000,0.1984
1749261769,0.19000000,29037.20000000,0.1984
1749261769,0.18990000,180.40000000,0.1984
1749261769,0.18980000,57.90000000,0.1984
1749261769,0.18950000,2880.60000000,0.1984
1749261769,0.18930000,1804.00000000,0.1984
1749261769,0.18910000,1322.00000000,0.1984
1749261769,0.18900000,134.30000000,0.1984
1749261769,0.18890000,265.90000000,0.1984
1749261769,0.18880000,111.20000000,0.1984
1749261769,0.18860000,44.90000000,0.1984
1749261769,0.18850000,2201.50000000,0.1984
1749261769,0.18840000,28.80000000,0.1984
1749261769,0.18830000,443.40000000,0.1984
1749261769,0.18820000,134.60000000,0.1984
1749261769,0.18800000,651.00000000,0.1984
1749261769,0.18770000,591.80000000,0.1984
1749261769,0.18760000,164.70000000,0.1984
1749261769,0.18750000,54.00000000,0.1984
1749261769,0.18740000,62.00000000,0.1984
1749261769,0.18730000,28.80000000,0.1984
1749261769,0.18700000,1284.70000000,0.1984
1749261769,0.18690000,321.00000000,0.1984
1749261769,0.18680000,53.50000000,0.1984
1749261769,0.18670000,1762.10000000,0.1984
1749261769,0.18660000,535.90000000,0.1984
1749261769,0.18650000,3110.10000000,0.1984
1749261769,0.18640000,164.70000000,0.1984
1749261769,0.18630000,28.80000000,0.1984
1749261769,0.18600000,135.60000000,0.1984
1749261769,0.18560000,4444.40000000,0.1984
1749261769,0.18530000,101.30000000,0.1984
1749261769,0.18520000,28.80000000,0.1984
1749261769,0.18510000,507.80000000,0.1984
1749261769,0.18500000,1046.40000000,0.1984
1749262072,0.19840000,1170.00000000,0.1983
1749262072,0.19830000,25759.90000000,0.1983
1749262072,0.19820000,50049.00000000,0.1983
1749262072,0.19810000,46081.70000000,0.1983
1749262072,0.19800000,37149.30000000,0.1983
1749262072,0.19790000,22307.20000000,0.1983
1749262072,0.19780000,32677.90000000,0.1983
1749262072,0.19770000,4367.00000000,0.1983
1749262072,0.19760000,14760.90000000,0.1983
1749262072,0.19750000,38033.40000000,0.1983
1749262072,0.19740000,20610.80000000,0.1983
1749262072,0.19730000,1749.50000000,0.1983
1749262072,0.19720000,4819.00000000,0.1983
1749262072,0.19710000,2301.80000000,0.1983
1749262072,0.19700000,3836.70000000,0.1983
1749262072,0.19690000,1245.60000000,0.1983
1749262072,0.19680000,3743.80000000,0.1983
1749262072,0.19670000,1207.80000000,0.1983
1749262072,0.19660000,1207.80000000,0.1983
1749262072,0.19650000,1207.80000000,0.1983
1749262072,0.19640000,2321.60000000,0.1983
1749262072,0.19630000,3579.50000000,0.1983
1749262072,0.19620000,1207.90000000,0.1983
1749262072,0.19610000,1236.70000000,0.1983
1749262072,0.19600000,3984.00000000,0.1983
1749262072,0.19590000,1530.80000000,0.1983
1749262072,0.19580000,1207.90000000,0.1983
1749262072,0.19570000,3983.40000000,0.1983
1749262072,0.19560000,3886.50000000,0.1983
1749262072,0.19540000,1828.30000000,0.1983
1749262072,0.19530000,1196.60000000,0.1983
1749262072,0.19520000,1170.00000000,0.1983
1749262072,0.19510000,3720.90000000,0.1983
1749262072,0.19500000,6801.00000000,0.1983
1749262072,0.19490000,1242.20000000,0.1983
1749262072,0.19480000,1645.00000000,0.1983
1749262072,0.19470000,25070.30000000,0.1983
1749262072,0.19460000,1793.80000000,0.1983
1749262072,0.19450000,58.50000000,0.1983
1749262072,0.19440000,5100.80000000,0.1983
1749262072,0.19420000,5310.00000000,0.1983
1749262072,0.19400000,55.00000000,0.1983
1749262072,0.19390000,164.70000000,0.1983
1749262072,0.19380000,28.80000000,0.1983
1749262072,0.19350000,258.00000000,0.1983
1749262072,0.19340000,176.80000000,0.1983
1749262072,0.19330000,145.40000000,0.1983
1749262072,0.19310000,29.00000000,0.1983
1749262072,0.19300000,55.00000000,0.1983
1749262072,0.19290000,260.00000000,0.1983
1749262072,0.19280000,56.80000000,0.1983
1749262072,0.19270000,28.80000000,0.1983
1749262072,0.19260000,539.90000000,0.1983
1749262072,0.19250000,51.90000000,0.1983
1749262072,0.19210000,973.50000000,0.1983
1749262072,0.19200000,7690.80000000,0.1983
1749262072,0.19190000,55.90000000,0.1983
1749262072,0.19160000,202.70000000,0.1983
1749262072,0.19140000,164.70000000,0.1983
1749262072,0.19130000,52.30000000,0.1983
1749262072,0.19110000,62.00000000,0.1983
1749262072,0.19100000,657.00000000,0.1983
1749262072,0.19060000,185.90000000,0.1983
1749262072,0.19030000,1350.00000000,0.1983
1749262072,0.19020000,997.80000000,0.1983
1749262072,0.19010000,217.30000000,0.1983
1749262072,0.19000000,29037.20000000,0.1983
1749262072,0.18990000,180.40000000,0.1983
1749262072,0.18980000,57.90000000,0.1983
1749262072,0.18950000,2880.60000000,0.1983
1749262072,0.18930000,1804.00000000,0.1983
1749262072,0.18910000,1322.00000000,0.1983
1749262072,0.18900000,134.30000000,0.1983
1749262072,0.18890000,265.90000000,0.1983
1749262072,0.18880000,111.20000000,0.1983
1749262072,0.18860000,44.90000000,0.1983
1749262072,0.18850000,2201.50000000,0.1983
1749262072,0.18840000,28.80000000,0.1983
1749262072,0.18830000,443.40000000,0.1983
1749262072,0.18820000,134.60000000,0.1983
1749262072,0.18800000,651.00000000,0.1983
1749262072,0.18770000,591.80000000,0.1983
1749262072,0.18760000,164.70000000,0.1983
1749262072,0.18750000,54.00000000,0.1983
1749262072,0.18740000,62.00000000,0.1983
1749262072,0.18730000,28.80000000,0.1983
1749262072,0.18700000,1284.70000000,0.1983
1749262072,0.18690000,321.00000000,0.1983
1749262072,0.18680000,53.50000000,0.1983
1749262072,0.18670000,1762.10000000,0.1983
1749262072,0.18660000,535.90000000,0.1983
1749262072,0.18650000,3110.10000000,0.1983
1749262072,0.18640000,164.70000000,0.1983
1749262072,0.18630000,28.80000000,0.1983
1749262072,0.18600000,135.60000000,0.1983
1749262072,0.18560000,4444.40000000,0.1983
1749262072,0.18530000,101.30000000,0.1983
1749262072,0.18520000,28.80000000,0.1983
1749262072,0.18510000,507.80000000,0.1983
1749262072,0.18500000,1046.40000000,0.1983
1749262378,0.19900000,6242.80000000,0.1991
1749262378,0.19890000,31222.60000000,0.1991
1749262378,0.19880000,43202.20000000,0.1991
1749262378,0.19870000,40713.90000000,0.1991
1749262378,0.19860000,31806.70000000,0.1991
1749262378,0.19850000,25404.10000000,0.1991
1749262378,0.19840000,4703.40000000,0.1991
1749262378,0.19830000,4285.60000000,0.1991
1749262378,0.19820000,9957.60000000,0.1991
1749262378,0.19810000,4116.50000000,0.1991
1749262378,0.19800000,28508.30000000,0.1991
1749262378,0.19790000,19363.00000000,0.1991
1749262378,0.19780000,10167.50000000,0.1991
1749262378,0.19770000,3782.10000000,0.1991
1749262378,0.19760000,11734.30000000,0.1991
1749262378,0.19750000,3487.80000000,0.1991
1749262378,0.19740000,1245.50000000,0.1991
1749262378,0.19730000,1245.60000000,0.1991
1749262378,0.19720000,2104.40000000,0.1991
1749262378,0.19710000,1245.60000000,0.1991
1749262378,0.19700000,1262.70000000,0.1991
1749262378,0.19690000,3572.10000000,0.1991
1749262378,0.19680000,1207.70000000,0.1991
1749262378,0.19670000,1207.80000000,0.1991
1749262378,0.19660000,1207.80000000,0.1991
1749262378,0.19650000,1207.80000000,0.1991
1749262378,0.19640000,1507.40000000,0.1991
1749262378,0.19630000,1207.90000000,0.1991
1749262378,0.19620000,1207.90000000,0.1991
1749262378,0.19610000,1236.70000000,0.1991
1749262378,0.19600000,1262.90000000,0.1991
1749262378,0.19590000,1530.80000000,0.1991
1749262378,0.19580000,1207.90000000,0.1991
1749262378,0.19570000,3586.90000000,0.1991
1749262378,0.19560000,1208.00000000,0.1991
1749262378,0.19540000,1828.30000000,0.1991
1749262378,0.19530000,1521.10000000,0.1991
1749262378,0.19510000,164.70000000,0.1991
1749262378,0.19500000,5631.00000000,0.1991
1749262378,0.19490000,72.20000000,0.1991
1749262378,0.19480000,5433.40000000,0.1991
1749262378,0.19470000,23900.30000000,0.1991
1749262378,0.19460000,5594.30000000,0.1991
1749262378,0.19450000,58.50000000,0.1991
1749262378,0.19440000,26.70000000,0.1991
1749262378,0.19400000,55.00000000,0.1991
1749262378,0.19390000,164.70000000,0.1991
1749262378,0.19380000,28.80000000,0.1991
1749262378,0.19350000,258.00000000,0.1991
1749262378,0.19340000,176.80000000,0.1991
1749262378,0.19330000,145.40000000,0.1991
1749262378,0.19310000,29.00000000,0.1991
1749262378,0.19300000,55.00000000,0.1991
1749262378,0.19290000,260.00000000,0.1991
1749262378,0.19280000,56.80000000,0.1991
1749262378,0.19270000,28.80000000,0.1991
1749262378,0.19260000,539.90000000,0.1991
1749262378,0.19250000,51.90000000,0.1991
1749262378,0.19210000,973.50000000,0.1991
1749262378,0.19200000,7690.80000000,0.1991
1749262378,0.19190000,55.90000000,0.1991
1749262378,0.19160000,202.70000000,0.1991
1749262378,0.19140000,164.70000000,0.1991
1749262378,0.19130000,52.30000000,0.1991
1749262378,0.19110000,62.00000000,0.1991
1749262378,0.19100000,657.00000000,0.1991
1749262378,0.19060000,185.90000000,0.1991
1749262378,0.19050000,917.60000000,0.1991
1749262378,0.19030000,1350.00000000,0.1991
1749262378,0.19020000,78.80000000,0.1991
1749262378,0.19010000,217.30000000,0.1991
1749262378,0.19000000,29037.20000000,0.1991
1749262378,0.18990000,180.40000000,0.1991
1749262378,0.18980000,57.90000000,0.1991
1749262378,0.18950000,2880.60000000,0.1991
1749262378,0.18930000,1804.00000000,0.1991
1749262378,0.18910000,1322.00000000,0.1991
1749262378,0.18900000,134.30000000,0.1991
1749262378,0.18890000,265.90000000,0.1991
1749262378,0.18880000,111.20000000,0.1991
1749262378,0.18860000,44.90000000,0.1991
1749262378,0.18850000,2201.50000000,0.1991
1749262378,0.18840000,28.80000000,0.1991
1749262378,0.18830000,443.40000000,0.1991
1749262378,0.18820000,134.60000000,0.1991
1749262378,0.18800000,651.00000000,0.1991
1749262378,0.18770000,591.80000000,0.1991
1749262378,0.18760000,164.70000000,0.1991
1749262378,0.18750000,54.00000000,0.1991
1749262378,0.18740000,62.00000000,0.1991
1749262378,0.18730000,28.80000000,0.1991
1749262378,0.18700000,1284.70000000,0.1991
1749262378,0.18690000,321.00000000,0.1991
1749262378,0.18680000,53.50000000,0.1991
1749262378,0.18670000,1762.10000000,0.1991
1749262378,0.18660000,535.90000000,0.1991
1749262378,0.18650000,3110.10000000,0.1991
1749262378,0.18640000,164.70000000,0.1991
1749262378,0.18630000,28.80000000,0.1991
1749262378,0.18600000,135.60000000,0.1991
1749262680,0.19900000,2333.50000000,0.1991
1749262680,0.19890000,28433.30000000,0.1991
1749262680,0.19880000,51681.30000000,0.1991
1749262680,0.19870000,49397.60000000,0.1991
1749262680,0.19860000,26794.70000000,0.1991
1749262680,0.19850000,57788.30000000,0.1991
1749262680,0.19840000,22014.50000000,0.1991
1749262680,0.19830000,4283.80000000,0.1991
1749262680,0.19820000,4284.00000000,0.1991
1749262680,0.19810000,19176.30000000,0.1991
1749262680,0.19800000,5390.40000000,0.1991
1749262680,0.19790000,4284.20000000,0.1991
1749262680,0.19780000,3781.90000000,0.1991
1749262680,0.19770000,3782.10000000,0.1991
1749262680,0.19760000,6353.80000000,0.1991
1749262680,0.19750000,3487.80000000,0.1991
1749262680,0.19740000,3603.90000000,0.1991
1749262680,0.19730000,1245.60000000,0.1991
1749262680,0.19720000,2104.40000000,0.1991
1749262680,0.19710000,1245.60000000,0.1991
1749262680,0.19700000,1262.70000000,0.1991
1749262680,0.19690000,1207.70000000,0.1991
1749262680,0.19680000,1207.70000000,0.1991
1749262680,0.19670000,1207.80000000,0.1991
1749262680,0.19660000,1530.10000000,0.1991
1749262680,0.19650000,1207.80000000,0.1991
1749262680,0.19640000,1507.40000000,0.1991
1749262680,0.19630000,1207.90000000,0.1991
1749262680,0.19620000,1207.90000000,0.1991
1749262680,0.19610000,3610.80000000,0.1991
1749262680,0.19600000,1262.90000000,0.1991
1749262680,0.19590000,1207.90000000,0.1991
1749262680,0.19580000,1865.20000000,0.1991
1749262680,0.19570000,1208.00000000,0.1991
1749262680,0.19560000,1208.00000000,0.1991
1749262680,0.19540000,1170.00000000,0.1991
1749262680,0.19530000,2691.10000000,0.1991
1749262680,0.19510000,164.70000000,0.1991
1749262680,0.19500000,5631.00000000,0.1991
1749262680,0.19490000,2696.80000000,0.1991
1749262680,0.19480000,3076.30000000,0.1991
1749262680,0.19470000,23900.30000000,0.1991
1749262680,0.19460000,284.30000000,0.1991
1749262680,0.19450000,58.50000000,0.1991
1749262680,0.19440000,26.70000000,0.1991
1749262680,0.19400000,55.00000000,0.1991
1749262680,0.19390000,164.70000000,0.1991
1749262680,0.19380000,28.80000000,0.1991
1749262680,0.19350000,258.00000000,0.1991
1749262680,0.19340000,176.80000000,0.1991
1749262680,0.19330000,145.40000000,0.1991
1749262680,0.19310000,29.00000000,0.1991
1749262680,0.19300000,55.00000000,0.1991
1749262680,0.19290000,260.00000000,0.1991
1749262680,0.19280000,56.80000000,0.1991
1749262680,0.19270000,28.80000000,0.1991
1749262680,0.19260000,539.90000000,0.1991
1749262680,0.19250000,51.90000000,0.1991
1749262680,0.19210000,973.50000000,0.1991
1749262680,0.19200000,7690.80000000,0.1991
1749262680,0.19190000,55.90000000,0.1991
1749262680,0.19160000,202.70000000,0.1991
1749262680,0.19140000,164.70000000,0.1991
1749262680,0.19130000,966.00000000,0.1991
1749262680,0.19110000,62.00000000,0.1991
1749262680,0.19100000,657.00000000,0.1991
1749262680,0.19060000,185.90000000,0.1991
1749262680,0.19030000,1350.00000000,0.1991
1749262680,0.19020000,78.80000000,0.1991
1749262680,0.19010000,217.30000000,0.1991
1749262680,0.19000000,29037.20000000,0.1991
1749262680,0.18990000,180.40000000,0.1991
1749262680,0.18980000,57.90000000,0.1991
1749262680,0.18950000,2880.60000000,0.1991
1749262680,0.18930000,1804.00000000,0.1991
1749262680,0.18910000,1322.00000000,0.1991
1749262680,0.18900000,134.30000000,0.1991
1749262680,0.18890000,265.90000000,0.1991
1749262680,0.18880000,111.20000000,0.1991
1749262680,0.18860000,44.90000000,0.1991
1749262680,0.18850000,2201.50000000,0.1991
1749262680,0.18840000,28.80000000,0.1991
1749262680,0.18830000,443.40000000,0.1991
1749262680,0.18820000,134.60000000,0.1991
1749262680,0.18800000,651.00000000,0.1991
1749262680,0.18770000,591.80000000,0.1991
1749262680,0.18760000,164.70000000,0.1991
1749262680,0.18750000,54.00000000,0.1991
1749262680,0.18740000,62.00000000,0.1991
1749262680,0.18730000,28.80000000,0.1991
1749262680,0.18700000,1284.70000000,0.1991
1749262680,0.18690000,321.00000000,0.1991
1749262680,0.18680000,53.50000000,0.1991
1749262680,0.18670000,1762.10000000,0.1991
1749262680,0.18660000,535.90000000,0.1991
1749262680,0.18650000,3110.10000000,0.1991
1749262680,0.18640000,164.70000000,0.1991
1749262680,0.18630000,28.80000000,0.1991
1749262680,0.18600000,135.60000000,0.1991
1749262680,0.18560000,4444.40000000,0.1991
1749262983,0.19920000,2295.50000000,0.1992
1749262983,0.19910000,17201.20000000,0.1992
1749262983,0.19900000,33643.40000000,0.1992
1749262983,0.19890000,37956.30000000,0.1992
1749262983,0.19880000,31632.40000000,0.1992
1749262983,0.19870000,36490.30000000,0.1992
1749262983,0.19860000,22989.90000000,0.1992
1749262983,0.19850000,14723.50000000,0.1992
1749262983,0.19840000,22203.10000000,0.1992
1749262983,0.19830000,4610.80000000,0.1992
1749262983,0.19820000,4365.60000000,0.1992
1749262983,0.19810000,37434.80000000,0.1992
1749262983,0.19800000,4339.00000000,0.1992
1749262983,0.19790000,4284.20000000,0.1992
1749262983,0.19780000,4284.50000000,0.1992
1749262983,0.19770000,3782.10000000,0.1992
1749262983,0.19760000,3736.10000000,0.1992
1749262983,0.19750000,3487.80000000,0.1992
1749262983,0.19740000,1245.50000000,0.1992
1749262983,0.19730000,1245.60000000,0.1992
1749262983,0.19720000,2104.40000000,0.1992
1749262983,0.19710000,1207.70000000,0.1992
1749262983,0.19700000,3625.90000000,0.1992
1749262983,0.19690000,1207.70000000,0.1992
1749262983,0.19680000,1207.70000000,0.1992
1749262983,0.19670000,1207.80000000,0.1992
1749262983,0.19660000,1530.10000000,0.1992
1749262983,0.19650000,1207.80000000,0.1992
1749262983,0.19640000,1507.40000000,0.1992
1749262983,0.19630000,1207.90000000,0.1992
1749262983,0.19620000,1863.80000000,0.1992
1749262983,0.19610000,3610.80000000,0.1992
1749262983,0.19600000,1262.90000000,0.1992
1749262983,0.19590000,1207.90000000,0.1992
1749262983,0.19580000,1207.90000000,0.1992
1749262983,0.19570000,1208.00000000,0.1992
1749262983,0.19560000,1208.00000000,0.1992
1749262983,0.19540000,1170.00000000,0.1992
1749262983,0.19530000,2691.10000000,0.1992
1749262983,0.19510000,164.70000000,0.1992
1749262983,0.19500000,5631.00000000,0.1992
1749262983,0.19490000,72.20000000,0.1992
1749262983,0.19480000,3076.30000000,0.1992
1749262983,0.19470000,23900.30000000,0.1992
1749262983,0.19460000,2941.50000000,0.1992
1749262983,0.19450000,58.50000000,0.1992
1749262983,0.19440000,26.70000000,0.1992
1749262983,0.19400000,55.00000000,0.1992
1749262983,0.19390000,164.70000000,0.1992
1749262983,0.19380000,28.80000000,0.1992
1749262983,0.19350000,258.00000000,0.1992
1749262983,0.19340000,176.80000000,0.1992
1749262983,0.19330000,145.40000000,0.1992
1749262983,0.19310000,29.00000000,0.1992
1749262983,0.19300000,55.00000000,0.1992
1749262983,0.19290000,260.00000000,0.1992
1749262983,0.19280000,56.80000000,0.1992
1749262983,0.19270000,28.80000000,0.1992
1749262983,0.19260000,539.90000000,0.1992
1749262983,0.19250000,51.90000000,0.1992
1749262983,0.19210000,973.50000000,0.1992
1749262983,0.19200000,7690.80000000,0.1992
1749262983,0.19190000,55.90000000,0.1992
1749262983,0.19160000,202.70000000,0.1992
1749262983,0.19140000,164.70000000,0.1992
1749262983,0.19130000,966.00000000,0.1992
1749262983,0.19120000,5310.00000000,0.1992
1749262983,0.19110000,62.00000000,0.1992
1749262983,0.19100000,657.00000000,0.1992
1749262983,0.19060000,185.90000000,0.1992
1749262983,0.19030000,1350.00000000,0.1992
1749262983,0.19020000,78.80000000,0.1992
1749262983,0.19010000,217.30000000,0.1992
1749262983,0.19000000,29037.20000000,0.1992
1749262983,0.18990000,180.40000000,0.1992
1749262983,0.18980000,57.90000000,0.1992
1749262983,0.18950000,2880.60000000,0.1992
1749262983,0.18930000,1804.00000000,0.1992
1749262983,0.18910000,1322.00000000,0.1992
1749262983,0.18900000,134.30000000,0.1992
1749262983,0.18890000,265.90000000,0.1992
1749262983,0.18880000,111.20000000,0.1992
1749262983,0.18860000,44.90000000,0.1992
1749262983,0.18850000,2201.50000000,0.1992
1749262983,0.18840000,28.80000000,0.1992
1749262983,0.18830000,443.40000000,0.1992
1749262983,0.18820000,134.60000000,0.1992
1749262983,0.18800000,651.00000000,0.1992
1749262983,0.18770000,591.80000000,0.1992
1749262983,0.18760000,164.70000000,0.1992
1749262983,0.18750000,54.00000000,0.1992
1749262983,0.18740000,62.00000000,0.1992
1749262983,0.18730000,28.80000000,0.1992
1749262983,0.18700000,1284.70000000,0.1992
1749262983,0.18690000,321.00000000,0.1992
1749262983,0.18680000,53.50000000,0.1992
1749262983,0.18670000,1762.10000000,0.1992
1749262983,0.18660000,535.90000000,0.1992
1749262983,0.18650000,3110.10000000,0.1992
1749262983,0.18640000,164.70000000,0.1992
1749263291,0.19930000,8773.90000000,0.1994
1749263291,0.19920000,21991.40000000,0.1994
1749263291,0.19910000,42822.20000000,0.1994
1749263291,0.19900000,45272.60000000,0.1994
1749263291,0.19890000,24135.80000000,0.1994
1749263291,0.19880000,16132.50000000,0.1994
1749263291,0.19870000,16920.60000000,0.1994
1749263291,0.19860000,4337.80000000,0.1994
1749263291,0.19850000,4607.20000000,0.1994
1749263291,0.19840000,4283.30000000,0.1994
1749263291,0.19830000,37434.90000000,0.1994
1749263291,0.19820000,4365.10000000,0.1994
1749263291,0.19810000,3281.90000000,0.1994
1749263291,0.19800000,3836.90000000,0.1994
1749263291,0.19790000,3781.90000000,0.1994
1749263291,0.19780000,1245.80000000,0.1994
1749263291,0.19770000,1246.00000000,0.1994
1749263291,0.19760000,3736.10000000,0.1994
1749263291,0.19750000,1379.50000000,0.1994
1749263291,0.19740000,3603.90000000,0.1994
1749263291,0.19730000,1207.70000000,0.1994
1749263291,0.19720000,2066.50000000,0.1994
1749263291,0.19710000,1529.30000000,0.1994
1749263291,0.19700000,1262.70000000,0.1994
1749263291,0.19690000,1207.70000000,0.1994
1749263291,0.19680000,1207.70000000,0.1994
1749263291,0.19670000,1207.80000000,0.1994
1749263291,0.19660000,3575.80000000,0.1994
1749263291,0.19650000,1207.80000000,0.1994
1749263291,0.19640000,1372.50000000,0.1994
1749263291,0.19630000,1207.90000000,0.1994
1749263291,0.19620000,1863.80000000,0.1994
1749263291,0.19610000,1236.70000000,0.1994
1749263291,0.19600000,1262.90000000,0.1994
1749263291,0.19590000,1207.90000000,0.1994
1749263291,0.19580000,1207.90000000,0.1994
1749263291,0.19570000,38.00000000,0.1994
1749263291,0.19560000,38.00000000,0.1994
1749263291,0.19530000,2691.10000000,0.1994
1749263291,0.19520000,2385.00000000,0.1994
1749263291,0.19510000,164.70000000,0.1994
1749263291,0.19500000,8120.90000000,0.1994
1749263291,0.19490000,72.20000000,0.1994
1749263291,0.19480000,62.00000000,0.1994
1749263291,0.19470000,23900.30000000,0.1994
1749263291,0.19460000,284.30000000,0.1994
1749263291,0.19450000,58.50000000,0.1994
1749263291,0.19440000,26.70000000,0.1994
1749263291,0.19400000,55.00000000,0.1994
1749263291,0.19390000,164.70000000,0.1994
1749263291,0.19380000,28.80000000,0.1994
1749263291,0.19350000,258.00000000,0.1994
1749263291,0.19340000,176.80000000,0.1994
1749263291,0.19330000,145.40000000,0.1994
1749263291,0.19310000,29.00000000,0.1994
1749263291,0.19300000,55.00000000,0.1994
1749263291,0.19290000,260.00000000,0.1994
1749263291,0.19280000,56.80000000,0.1994
1749263291,0.19270000,28.80000000,0.1994
1749263291,0.19260000,539.90000000,0.1994
1749263291,0.19250000,51.90000000,0.1994
1749263291,0.19210000,973.50000000,0.1994
1749263291,0.19200000,7690.80000000,0.1994
1749263291,0.19190000,55.90000000,0.1994
1749263291,0.19160000,202.70000000,0.1994
1749263291,0.19150000,6222.70000000,0.1994
1749263291,0.19140000,164.70000000,0.1994
1749263291,0.19130000,52.30000000,0.1994
1749263291,0.19110000,62.00000000,0.1994
1749263291,0.19100000,657.00000000,0.1994
1749263291,0.19060000,185.90000000,0.1994
1749263291,0.19030000,1350.00000000,0.1994
1749263291,0.19020000,78.80000000,0.1994
1749263291,0.19010000,2837.00000000,0.1994
1749263291,0.19000000,29037.20000000,0.1994
1749263291,0.18990000,180.40000000,0.1994
1749263291,0.18980000,57.90000000,0.1994
1749263291,0.18950000,2880.60000000,0.1994
1749263291,0.18940000,160.20000000,0.1994
1749263291,0.18930000,1804.00000000,0.1994
1749263291,0.18910000,1322.00000000,0.1994
1749263291,0.18900000,134.30000000,0.1994
1749263291,0.18890000,265.90000000,0.1994
1749263291,0.18880000,111.20000000,0.1994
1749263291,0.18860000,44.90000000,0.1994
1749263291,0.18850000,2201.50000000,0.1994
1749263291,0.18840000,28.80000000,0.1994
1749263291,0.18830000,443.40000000,0.1994
1749263291,0.18820000,134.60000000,0.1994
1749263291,0.18800000,651.00000000,0.1994
1749263291,0.18770000,591.80000000,0.1994
1749263291,0.18760000,164.70000000,0.1994
1749263291,0.18750000,54.00000000,0.1994
1749263291,0.18740000,62.00000000,0.1994
1749263291,0.18730000,28.80000000,0.1994
1749263291,0.18700000,1284.70000000,0.1994
1749263291,0.18690000,321.00000000,0.1994
1749263291,0.18680000,53.50000000,0.1994
1749263291,0.18670000,1762.10000000,0.1994
1749263291,0.18660000,535.90000000,0.1994
1749263598,0.19930000,1076.60000000,0.1993
1749263598,0.19920000,15688.80000000,0.1993
1749263598,0.19910000,27769.60000000,0.1993
1749263598,0.19900000,59735.40000000,0.1993
1749263598,0.19890000,25349.70000000,0.1993
1749263598,0.19880000,16868.80000000,0.1993
1749263598,0.19870000,27643.40000000,0.1993
1749263598,0.19860000,4755.60000000,0.1993
1749263598,0.19850000,4283.30000000,0.1993
1749263598,0.19840000,4283.30000000,0.1993
1749263598,0.19830000,4642.50000000,0.1993
1749263598,0.19820000,38002.70000000,0.1993
1749263598,0.19810000,3783.70000000,0.1993
1749263598,0.19800000,3836.90000000,0.1993
1749263598,0.19790000,3781.90000000,0.1993
1749263598,0.19780000,1245.80000000,0.1993
1749263598,0.19770000,1246.00000000,0.1993
1749263598,0.19760000,1410.70000000,0.1993
1749263598,0.19750000,1379.50000000,0.1993
1749263598,0.19740000,1245.50000000,0.1993
1749263598,0.19730000,3567.30000000,0.1993
1749263598,0.19720000,2066.50000000,0.1993
1749263598,0.19710000,1529.30000000,0.1993
1749263598,0.19700000,1262.70000000,0.1993
1749263598,0.19690000,1207.70000000,0.1993
1749263598,0.19680000,1207.70000000,0.1993
1749263598,0.19670000,1207.80000000,0.1993
1749263598,0.19660000,1207.80000000,0.1993
1749263598,0.19650000,1207.80000000,0.1993
1749263598,0.19640000,1372.50000000,0.1993
1749263598,0.19630000,1207.90000000,0.1993
1749263598,0.19620000,1863.80000000,0.1993
1749263598,0.19610000,3610.80000000,0.1993
1749263598,0.19600000,1262.90000000,0.1993
1749263598,0.19590000,1207.90000000,0.1993
1749263598,0.19580000,1207.90000000,0.1993
1749263598,0.19570000,38.00000000,0.1993
1749263598,0.19560000,38.00000000,0.1993
1749263598,0.19530000,2691.10000000,0.1993
1749263598,0.19520000,3555.00000000,0.1993
1749263598,0.19510000,164.70000000,0.1993
1749263598,0.19500000,5631.00000000,0.1993
1749263598,0.19490000,72.20000000,0.1993
1749263598,0.19480000,2940.50000000,0.1993
1749263598,0.19470000,23900.30000000,0.1993
1749263598,0.19460000,284.30000000,0.1993
1749263598,0.19450000,58.50000000,0.1993
1749263598,0.19440000,26.70000000,0.1993
1749263598,0.19400000,55.00000000,0.1993
1749263598,0.19390000,164.70000000,0.1993
1749263598,0.19380000,28.80000000,0.1993
1749263598,0.19350000,258.00000000,0.1993
1749263598,0.19340000,176.80000000,0.1993
1749263598,0.19330000,145.40000000,0.1993
1749263598,0.19310000,29.00000000,0.1993
1749263598,0.19300000,55.00000000,0.1993
1749263598,0.19290000,260.00000000,0.1993
1749263598,0.19280000,56.80000000,0.1993
1749263598,0.19270000,28.80000000,0.1993
1749263598,0.19260000,539.90000000,0.1993
1749263598,0.19250000,51.90000000,0.1993
1749263598,0.19210000,973.50000000,0.1993
1749263598,0.19200000,7690.80000000,0.1993
1749263598,0.19190000,55.90000000,0.1993
1749263598,0.19160000,202.70000000,0.1993
1749263598,0.19140000,5474.70000000,0.1993
1749263598,0.19130000,882.50000000,0.1993
1749263598,0.19110000,114.40000000,0.1993
1749263598,0.19100000,657.00000000,0.1993
1749263598,0.19060000,185.90000000,0.1993
1749263598,0.19030000,1350.00000000,0.1993
1749263598,0.19020000,78.80000000,0.1993
1749263598,0.19010000,2786.50000000,0.1993
1749263598,0.19000000,29037.20000000,0.1993
1749263598,0.18990000,180.40000000,0.1993
1749263598,0.18980000,57.90000000,0.1993
1749263598,0.18950000,2880.60000000,0.1993
1749263598,0.18940000,160.20000000,0.1993
1749263598,0.18930000,1804.00000000,0.1993
1749263598,0.18910000,1322.00000000,0.1993
1749263598,0.18900000,134.30000000,0.1993
1749263598,0.18890000,265.90000000,0.1993
1749263598,0.18880000,111.20000000,0.1993
1749263598,0.18860000,44.90000000,0.1993
1749263598,0.18850000,2201.50000000,0.1993
1749263598,0.18840000,28.80000000,0.1993
1749263598,0.18830000,443.40000000,0.1993
1749263598,0.18820000,134.60000000,0.1993
1749263598,0.18800000,651.00000000,0.1993
1749263598,0.18770000,591.80000000,0.1993
1749263598,0.18760000,164.70000000,0.1993
1749263598,0.18750000,54.00000000,0.1993
1749263598,0.18740000,62.00000000,0.1993
1749263598,0.18730000,28.80000000,0.1993
1749263598,0.18700000,1284.70000000,0.1993
1749263598,0.18690000,321.00000000,0.1993
1749263598,0.18680000,53.50000000,0.1993
1749263598,0.18670000,1762.10000000,0.1993
1749263598,0.18660000,535.90000000,0.1993
1749263598,0.18650000,3110.10000000,0.1993
1749263900,0.19950000,14452.70000000,0.1995
1749263900,0.19940000,33847.40000000,0.1995
1749263900,0.19930000,37423.50000000,0.1995
1749263900,0.19920000,29513.60000000,0.1995
1749263900,0.19910000,18946.00000000,0.1995
1749263900,0.19900000,33722.30000000,0.1995
1749263900,0.19890000,10319.30000000,0.1995
1749263900,0.19880000,10996.50000000,0.1995
1749263900,0.19870000,17168.90000000,0.1995
1749263900,0.19860000,25350.40000000,0.1995
1749263900,0.19850000,19314.80000000,0.1995
1749263900,0.19840000,5352.60000000,0.1995
1749263900,0.19830000,3810.50000000,0.1995
1749263900,0.19820000,4365.10000000,0.1995
1749263900,0.19810000,5601.40000000,0.1995
1749263900,0.19800000,3836.90000000,0.1995
1749263900,0.19790000,1245.80000000,0.1995
1749263900,0.19780000,1245.80000000,0.1995
1749263900,0.19770000,1246.00000000,0.1995
1749263900,0.19760000,2234.10000000,0.1995
1749263900,0.19750000,1379.50000000,0.1995
1749263900,0.19740000,1207.70000000,0.1995
1749263900,0.19730000,3567.30000000,0.1995
1749263900,0.19720000,1236.50000000,0.1995
1749263900,0.19710000,1529.30000000,0.1995
1749263900,0.19700000,1262.70000000,0.1995
1749263900,0.19690000,1207.70000000,0.1995
1749263900,0.19680000,1207.70000000,0.1995
1749263900,0.19670000,1207.80000000,0.1995
1749263900,0.19660000,3575.80000000,0.1995
1749263900,0.19650000,1207.80000000,0.1995
1749263900,0.19640000,1372.50000000,0.1995
1749263900,0.19630000,1207.90000000,0.1995
1749263900,0.19620000,1863.80000000,0.1995
1749263900,0.19610000,1236.70000000,0.1995
1749263900,0.19600000,25586.10000000,0.1995
1749263900,0.19590000,1207.90000000,0.1995
1749263900,0.19580000,37.90000000,0.1995
1749263900,0.19570000,38.00000000,0.1995
1749263900,0.19560000,38.00000000,0.1995
1749263900,0.19530000,1521.10000000,0.1995
1749263900,0.19520000,2385.00000000,0.1995
1749263900,0.19510000,164.70000000,0.1995
1749263900,0.19500000,8131.00000000,0.1995
1749263900,0.19490000,72.20000000,0.1995
1749263900,0.19480000,62.00000000,0.1995
1749263900,0.19460000,284.30000000,0.1995
1749263900,0.19450000,58.50000000,0.1995
1749263900,0.19440000,26.70000000,0.1995
1749263900,0.19400000,55.00000000,0.1995
1749263900,0.19390000,164.70000000,0.1995
1749263900,0.19380000,28.80000000,0.1995
1749263900,0.19350000,258.00000000,0.1995
1749263900,0.19340000,176.80000000,0.1995
1749263900,0.19330000,145.40000000,0.1995
1749263900,0.19310000,29.00000000,0.1995
1749263900,0.19300000,55.00000000,0.1995
1749263900,0.19290000,260.00000000,0.1995
1749263900,0.19280000,56.80000000,0.1995
1749263900,0.19270000,28.80000000,0.1995
1749263900,0.19260000,539.90000000,0.1995
1749263900,0.19250000,51.90000000,0.1995
1749263900,0.19210000,973.50000000,0.1995
1749263900,0.19200000,7690.80000000,0.1995
1749263900,0.19190000,55.90000000,0.1995
1749263900,0.19160000,202.70000000,0.1995
1749263900,0.19150000,881.70000000,0.1995
1749263900,0.19140000,164.70000000,0.1995
1749263900,0.19130000,5310.00000000,0.1995
1749263900,0.19110000,114.40000000,0.1995
1749263900,0.19100000,657.00000000,0.1995
1749263900,0.19060000,185.90000000,0.1995
1749263900,0.19030000,1350.00000000,0.1995
1749263900,0.19020000,78.80000000,0.1995
1749263900,0.19010000,2599.20000000,0.1995
1749263900,0.19000000,29037.20000000,0.1995
1749263900,0.18990000,180.40000000,0.1995
1749263900,0.18980000,57.90000000,0.1995
1749263900,0.18950000,2880.60000000,0.1995
1749263900,0.18930000,1804.00000000,0.1995
1749263900,0.18910000,1322.00000000,0.1995
1749263900,0.18900000,134.30000000,0.1995
1749263900,0.18890000,265.90000000,0.1995
1749263900,0.18880000,111.20000000,0.1995
1749263900,0.18860000,44.90000000,0.1995
1749263900,0.18850000,2201.50000000,0.1995
1749263900,0.18840000,28.80000000,0.1995
1749263900,0.18830000,443.40000000,0.1995
1749263900,0.18820000,134.60000000,0.1995
1749263900,0.18800000,651.00000000,0.1995
1749263900,0.18770000,591.80000000,0.1995
1749263900,0.18760000,164.70000000,0.1995
1749263900,0.18750000,54.00000000,0.1995
1749263900,0.18740000,62.00000000,0.1995
1749263900,0.18730000,28.80000000,0.1995
1749263900,0.18700000,1284.70000000,0.1995
1749263900,0.18690000,321.00000000,0.1995
1749263900,0.18680000,53.50000000,0.1995
1749263900,0.18670000,1762.10000000,0.1995
1749263900,0.18660000,535.90000000,0.1995
1749264201,0.19920000,2195.70000000,0.1992
1749264201,0.19910000,33188.80000000,0.1992
1749264201,0.19900000,51144.30000000,0.1992
1749264201,0.19890000,31736.90000000,0.1992
1749264201,0.19880000,9497.90000000,0.1992
1749264201,0.19870000,22876.90000000,0.1992
1749264201,0.19860000,10283.30000000,0.1992
1749264201,0.19850000,4283.30000000,0.1992
1749264201,0.19840000,16891.70000000,0.1992
1749264201,0.19830000,26909.00000000,0.1992
1749264201,0.19820000,20423.80000000,0.1992
1749264201,0.19810000,4638.00000000,0.1992
1749264201,0.19800000,4888.30000000,0.1992
1749264201,0.19790000,1245.80000000,0.1992
1749264201,0.19780000,8424.20000000,0.1992
1749264201,0.19770000,1246.00000000,0.1992
1749264201,0.19760000,2234.10000000,0.1992
1749264201,0.19750000,1341.70000000,0.1992
1749264201,0.19740000,1207.70000000,0.1992
1749264201,0.19730000,1207.70000000,0.1992
1749264201,0.19720000,3597.30000000,0.1992
1749264201,0.19710000,1529.30000000,0.1992
1749264201,0.19700000,1262.70000000,0.1992
1749264201,0.19690000,1207.70000000,0.1992
1749264201,0.19680000,1207.70000000,0.1992
1749264201,0.19670000,1207.80000000,0.1992
1749264201,0.19660000,1207.80000000,0.1992
1749264201,0.19650000,1862.70000000,0.1992
1749264201,0.19640000,1372.50000000,0.1992
1749264201,0.19630000,1207.90000000,0.1992
1749264201,0.19620000,1207.90000000,0.1992
1749264201,0.19610000,3610.80000000,0.1992
1749264201,0.19600000,25586.10000000,0.1992
1749264201,0.19590000,1207.90000000,0.1992
1749264201,0.19580000,37.90000000,0.1992
1749264201,0.19570000,38.00000000,0.1992
1749264201,0.19560000,38.00000000,0.1992
1749264201,0.19530000,2691.10000000,0.1992
1749264201,0.19520000,3555.00000000,0.1992
1749264201,0.19510000,164.70000000,0.1992
1749264201,0.19500000,6801.00000000,0.1992
1749264201,0.19490000,72.20000000,0.1992
1749264201,0.19480000,62.00000000,0.1992
1749264201,0.19460000,2862.50000000,0.1992
1749264201,0.19450000,58.50000000,0.1992
1749264201,0.19440000,26.70000000,0.1992
1749264201,0.19400000,55.00000000,0.1992
1749264201,0.19390000,164.70000000,0.1992
1749264201,0.19380000,28.80000000,0.1992
1749264201,0.19350000,258.00000000,0.1992
1749264201,0.19340000,176.80000000,0.1992
1749264201,0.19330000,145.40000000,0.1992
1749264201,0.19310000,29.00000000,0.1992
1749264201,0.19300000,55.00000000,0.1992
1749264201,0.19290000,260.00000000,0.1992
1749264201,0.19280000,56.80000000,0.1992
1749264201,0.19270000,28.80000000,0.1992
1749264201,0.19260000,539.90000000,0.1992
1749264201,0.19250000,51.90000000,0.1992
1749264201,0.19210000,973.50000000,0.1992
1749264201,0.19200000,7690.80000000,0.1992
1749264201,0.19190000,55.90000000,0.1992
1749264201,0.19160000,202.70000000,0.1992
1749264201,0.19140000,164.70000000,0.1992
1749264201,0.19130000,883.10000000,0.1992
1749264201,0.19110000,114.40000000,0.1992
1749264201,0.19100000,657.00000000,0.1992
1749264201,0.19060000,185.90000000,0.1992
1749264201,0.19030000,1350.00000000,0.1992
1749264201,0.19020000,78.80000000,0.1992
1749264201,0.19010000,2599.20000000,0.1992
1749264201,0.19000000,29037.20000000,0.1992
1749264201,0.18990000,180.40000000,0.1992
1749264201,0.18980000,57.90000000,0.1992
1749264201,0.18950000,2880.60000000,0.1992
1749264201,0.18930000,1804.00000000,0.1992
1749264201,0.18910000,1322.00000000,0.1992
1749264201,0.18900000,134.30000000,0.1992
1749264201,0.18890000,265.90000000,0.1992
1749264201,0.18880000,111.20000000,0.1992
1749264201,0.18860000,44.90000000,0.1992
1749264201,0.18850000,2201.50000000,0.1992
1749264201,0.18840000,28.80000000,0.1992
1749264201,0.18830000,443.40000000,0.1992
1749264201,0.18820000,134.60000000,0.1992
1749264201,0.18800000,651.00000000,0.1992
1749264201,0.18770000,591.80000000,0.1992
1749264201,0.18760000,164.70000000,0.1992
1749264201,0.18750000,54.00000000,0.1992
1749264201,0.18740000,62.00000000,0.1992
1749264201,0.18730000,28.80000000,0.1992
1749264201,0.18700000,1284.70000000,0.1992
1749264201,0.18690000,321.00000000,0.1992
1749264201,0.18680000,53.50000000,0.1992
1749264201,0.18670000,1762.10000000,0.1992
1749264201,0.18660000,535.90000000,0.1992
1749264201,0.18650000,3110.10000000,0.1992
1749264201,0.18640000,164.70000000,0.1992
1749264201,0.18630000,28.80000000,0.1992
1749264201,0.18600000,135.60000000,0.1992
1749264503,0.19940000,1387.80000000,0.1995
1749264503,0.19930000,19104.60000000,0.1995
1749264503,0.19920000,43054.80000000,0.1995
1749264503,0.19910000,43736.20000000,0.1995
1749264503,0.19900000,43020.20000000,0.1995
1749264503,0.19890000,24025.70000000,0.1995
1749264503,0.19880000,16830.90000000,0.1995
1749264503,0.19870000,26951.70000000,0.1995
1749264503,0.19860000,4701.90000000,0.1995
1749264503,0.19850000,13084.10000000,0.1995
1749264503,0.19840000,35412.20000000,0.1995
1749264503,0.19830000,19440.50000000,0.1995
1749264503,0.19820000,5288.20000000,0.1995
1749264503,0.19810000,4136.20000000,0.1995
1749264503,0.19800000,3836.90000000,0.1995
1749264503,0.19790000,1245.80000000,0.1995
1749264503,0.19780000,3781.90000000,0.1995
1749264503,0.19770000,1246.00000000,0.1995
1749264503,0.19760000,3946.80000000,0.1995
1749264503,0.19750000,1341.70000000,0.1995
1749264503,0.19740000,1207.70000000,0.1995
1749264503,0.19730000,1207.70000000,0.1995
1749264503,0.19720000,4425.30000000,0.1995
1749264503,0.19710000,1529.30000000,0.1995
1749264503,0.19700000,1262.70000000,0.1995
1749264503,0.19690000,1207.70000000,0.1995
1749264503,0.19680000,1207.70000000,0.1995
1749264503,0.19670000,1207.80000000,0.1995
1749264503,0.19660000,1207.80000000,0.1995
1749264503,0.19650000,1862.70000000,0.1995
1749264503,0.19640000,1372.50000000,0.1995
1749264503,0.19630000,1207.90000000,0.1995
1749264503,0.19620000,1207.90000000,0.1995
1749264503,0.19610000,3610.80000000,0.1995
1749264503,0.19600000,25586.10000000,0.1995
1749264503,0.19590000,1207.90000000,0.1995
1749264503,0.19580000,37.90000000,0.1995
1749264503,0.19570000,1208.00000000,0.1995
1749264503,0.19560000,38.00000000,0.1995
1749264503,0.19530000,1521.10000000,0.1995
1749264503,0.19520000,2385.00000000,0.1995
1749264503,0.19510000,164.70000000,0.1995
1749264503,0.19500000,10941.00000000,0.1995
1749264503,0.19490000,72.20000000,0.1995
1749264503,0.19480000,2643.40000000,0.1995
1749264503,0.19460000,284.30000000,0.1995
1749264503,0.19450000,58.50000000,0.1995
1749264503,0.19440000,26.70000000,0.1995
1749264503,0.19400000,55.00000000,0.1995
1749264503,0.19390000,164.70000000,0.1995
1749264503,0.19380000,28.80000000,0.1995
1749264503,0.19350000,258.00000000,0.1995
1749264503,0.19340000,176.80000000,0.1995
1749264503,0.19330000,145.40000000,0.1995
1749264503,0.19310000,29.00000000,0.1995
1749264503,0.19300000,55.00000000,0.1995
1749264503,0.19290000,260.00000000,0.1995
1749264503,0.19280000,56.80000000,0.1995
1749264503,0.19270000,28.80000000,0.1995
1749264503,0.19260000,539.90000000,0.1995
1749264503,0.19250000,51.90000000,0.1995
1749264503,0.19210000,973.50000000,0.1995
1749264503,0.19200000,7690.80000000,0.1995
1749264503,0.19190000,55.90000000,0.1995
1749264503,0.19160000,202.70000000,0.1995
1749264503,0.19140000,164.70000000,0.1995
1749264503,0.19130000,935.40000000,0.1995
1749264503,0.19110000,62.00000000,0.1995
1749264503,0.19100000,657.00000000,0.1995
1749264503,0.19060000,185.90000000,0.1995
1749264503,0.19030000,1350.00000000,0.1995
1749264503,0.19020000,78.80000000,0.1995
1749264503,0.19010000,2599.20000000,0.1995
1749264503,0.19000000,29037.20000000,0.1995
1749264503,0.18990000,180.40000000,0.1995
1749264503,0.18980000,57.90000000,0.1995
1749264503,0.18950000,2880.60000000,0.1995
1749264503,0.18920000,1804.00000000,0.1995
1749264503,0.18910000,1322.00000000,0.1995
1749264503,0.18900000,134.30000000,0.1995
1749264503,0.18890000,265.90000000,0.1995
1749264503,0.18880000,111.20000000,0.1995
1749264503,0.18860000,44.90000000,0.1995
1749264503,0.18850000,2201.50000000,0.1995
1749264503,0.18840000,28.80000000,0.1995
1749264503,0.18830000,443.40000000,0.1995
1749264503,0.18820000,134.60000000,0.1995
1749264503,0.18800000,651.00000000,0.1995
1749264503,0.18770000,591.80000000,0.1995
1749264503,0.18760000,164.70000000,0.1995
1749264503,0.18750000,54.00000000,0.1995
1749264503,0.18740000,62.00000000,0.1995
1749264503,0.18730000,28.80000000,0.1995
1749264503,0.18700000,1284.70000000,0.1995
1749264503,0.18690000,321.00000000,0.1995
1749264503,0.18680000,53.50000000,0.1995
1749264503,0.18670000,1762.10000000,0.1995
1749264503,0.18660000,535.90000000,0.1995
1749264503,0.18650000,3110.10000000,0.1995
1749264503,0.18640000,164.70000000,0.1995
1749264804,0.20020000,4946.20000000,0.2003
1749264804,0.20010000,13081.30000000,0.2003
1749264804,0.20000000,22028.10000000,0.2003
1749264804,0.19990000,35150.90000000,0.2003
1749264804,0.19980000,54443.80000000,0.2003
1749264804,0.19970000,28176.60000000,0.2003
1749264804,0.19960000,34195.40000000,0.2003
1749264804,0.19950000,4496.70000000,0.2003
1749264804,0.19940000,4696.40000000,0.2003
1749264804,0.19930000,36015.90000000,0.2003
1749264804,0.19920000,24569.70000000,0.2003
1749264804,0.19910000,10153.40000000,0.2003
1749264804,0.19900000,5422.60000000,0.2003
1749264804,0.19890000,4283.30000000,0.2003
1749264804,0.19880000,4283.30000000,0.2003
1749264804,0.19870000,1245.60000000,0.2003
1749264804,0.19860000,1245.60000000,0.2003
1749264804,0.19850000,1245.60000000,0.2003
1749264804,0.19840000,1245.60000000,0.2003
1749264804,0.19830000,1356.00000000,0.2003
1749264804,0.19820000,1245.80000000,0.2003
1749264804,0.19810000,3895.00000000,0.2003
1749264804,0.19800000,1262.90000000,0.2003
1749264804,0.19790000,1207.90000000,0.2003
1749264804,0.19780000,3561.60000000,0.2003
1749264804,0.19770000,1208.00000000,0.2003
1749264804,0.19760000,1372.70000000,0.2003
1749264804,0.19750000,1341.70000000,0.2003
1749264804,0.19740000,1207.70000000,0.2003
1749264804,0.19730000,1207.70000000,0.2003
1749264804,0.19720000,1236.50000000,0.2003
1749264804,0.19710000,1529.30000000,0.2003
1749264804,0.19700000,1262.70000000,0.2003
1749264804,0.19690000,1207.70000000,0.2003
1749264804,0.19680000,1207.70000000,0.2003
1749264804,0.19670000,1207.80000000,0.2003
1749264804,0.19660000,1207.80000000,0.2003
1749264804,0.19650000,4231.90000000,0.2003
1749264804,0.19640000,1372.50000000,0.2003
1749264804,0.19630000,1207.90000000,0.2003
1749264804,0.19620000,1207.90000000,0.2003
1749264804,0.19610000,1579.50000000,0.2003
1749264804,0.19600000,24378.20000000,0.2003
1749264804,0.19590000,2376.50000000,0.2003
1749264804,0.19550000,2593.20000000,0.2003
1749264804,0.19530000,26.60000000,0.2003
1749264804,0.19510000,5474.70000000,0.2003
1749264804,0.19500000,5631.00000000,0.2003
1749264804,0.19490000,72.20000000,0.2003
1749264804,0.19480000,62.00000000,0.2003
1749264804,0.19460000,284.30000000,0.2003
1749264804,0.19450000,58.50000000,0.2003
1749264804,0.19440000,26.70000000,0.2003
1749264804,0.19400000,55.00000000,0.2003
1749264804,0.19390000,164.70000000,0.2003
1749264804,0.19380000,28.80000000,0.2003
1749264804,0.19350000,258.00000000,0.2003
1749264804,0.19340000,176.80000000,0.2003
1749264804,0.19330000,145.40000000,0.2003
1749264804,0.19310000,29.00000000,0.2003
1749264804,0.19300000,55.00000000,0.2003
1749264804,0.19290000,260.00000000,0.2003
1749264804,0.19280000,56.80000000,0.2003
1749264804,0.19270000,28.80000000,0.2003
1749264804,0.19260000,508.70000000,0.2003
1749264804,0.19250000,51.90000000,0.2003
1749264804,0.19210000,973.50000000,0.2003
1749264804,0.19200000,7690.80000000,0.2003
1749264804,0.19190000,55.90000000,0.2003
1749264804,0.19160000,202.70000000,0.2003
1749264804,0.19140000,164.70000000,0.2003
1749264804,0.19130000,935.40000000,0.2003
1749264804,0.19110000,1866.00000000,0.2003
1749264804,0.19100000,657.00000000,0.2003
1749264804,0.19060000,185.90000000,0.2003
1749264804,0.19030000,1350.00000000,0.2003
1749264804,0.19020000,78.80000000,0.2003
1749264804,0.19010000,2599.20000000,0.2003
1749264804,0.19000000,29037.20000000,0.2003
1749264804,0.18990000,180.40000000,0.2003
1749264804,0.18980000,57.90000000,0.2003
1749264804,0.18950000,2880.60000000,0.2003
1749264804,0.18910000,1322.00000000,0.2003
1749264804,0.18900000,134.30000000,0.2003
1749264804,0.18890000,265.90000000,0.2003
1749264804,0.18880000,111.20000000,0.2003
1749264804,0.18860000,44.90000000,0.2003
1749264804,0.18850000,2201.50000000,0.2003
1749264804,0.18840000,28.80000000,0.2003
1749264804,0.18830000,443.40000000,0.2003
1749264804,0.18820000,134.60000000,0.2003
1749264804,0.18800000,651.00000000,0.2003
1749264804,0.18770000,591.80000000,0.2003
1749264804,0.18760000,164.70000000,0.2003
1749264804,0.18750000,54.00000000,0.2003
1749264804,0.18740000,62.00000000,0.2003
1749264804,0.18730000,28.80000000,0.2003
1749264804,0.18700000,1284.70000000,0.2003
1749264804,0.18690000,321.00000000,0.2003
1749264804,0.18680000,53.50000000,0.2003
1749265106,0.20000000,959.90000000,0.2001
1749265106,0.19990000,22078.70000000,0.2001
1749265106,0.19980000,52453.00000000,0.2001
1749265106,0.19970000,58275.60000000,0.2001
1749265106,0.19960000,34515.70000000,0.2001
1749265106,0.19950000,20710.20000000,0.2001
1749265106,0.19940000,33320.30000000,0.2001
1749265106,0.19930000,21042.80000000,0.2001
1749265106,0.19920000,21033.60000000,0.2001
1749265106,0.19910000,14326.20000000,0.2001
1749265106,0.19900000,6391.50000000,0.2001
1749265106,0.19890000,4281.10000000,0.2001
1749265106,0.19880000,3781.50000000,0.2001
1749265106,0.19870000,1245.60000000,0.2001
1749265106,0.19860000,3559.30000000,0.2001
1749265106,0.19850000,1245.60000000,0.2001
1749265106,0.19840000,1245.60000000,0.2001
1749265106,0.19830000,1274.40000000,0.2001
1749265106,0.19820000,3594.70000000,0.2001
1749265106,0.19810000,1537.60000000,0.2001
1749265106,0.19800000,1312.30000000,0.2001
1749265106,0.19790000,1207.90000000,0.2001
1749265106,0.19780000,1207.90000000,0.2001
1749265106,0.19770000,1208.00000000,0.2001
1749265106,0.19760000,1372.70000000,0.2001
1749265106,0.19750000,1341.70000000,0.2001
1749265106,0.19740000,1207.70000000,0.2001
1749265106,0.19730000,1207.70000000,0.2001
1749265106,0.19720000,3597.30000000,0.2001
1749265106,0.19710000,1529.30000000,0.2001
1749265106,0.19700000,1262.70000000,0.2001
1749265106,0.19690000,1861.30000000,0.2001
1749265106,0.19680000,1207.70000000,0.2001
1749265106,0.19670000,1207.80000000,0.2001
1749265106,0.19660000,1207.80000000,0.2001
1749265106,0.19650000,1207.80000000,0.2001
1749265106,0.19640000,202.50000000,0.2001
1749265106,0.19630000,1207.90000000,0.2001
1749265106,0.19620000,37.90000000,0.2001
1749265106,0.19610000,3125.50000000,0.2001
1749265106,0.19600000,24378.20000000,0.2001
1749265106,0.19590000,2376.50000000,0.2001
1749265106,0.19570000,7902.80000000,0.2001
1749265106,0.19530000,26.60000000,0.2001
1749265106,0.19510000,246.30000000,0.2001
1749265106,0.19500000,5580.80000000,0.2001
1749265106,0.19490000,72.20000000,0.2001
1749265106,0.19480000,62.00000000,0.2001
1749265106,0.19460000,284.30000000,0.2001
1749265106,0.19450000,58.50000000,0.2001
1749265106,0.19440000,26.70000000,0.2001
1749265106,0.19400000,55.00000000,0.2001
1749265106,0.19390000,164.70000000,0.2001
1749265106,0.19380000,28.80000000,0.2001
1749265106,0.19350000,258.00000000,0.2001
1749265106,0.19340000,176.80000000,0.2001
1749265106,0.19330000,145.40000000,0.2001
1749265106,0.19310000,29.00000000,0.2001
1749265106,0.19300000,55.00000000,0.2001
1749265106,0.19290000,260.00000000,0.2001
1749265106,0.19280000,56.80000000,0.2001
1749265106,0.19270000,28.80000000,0.2001
1749265106,0.19260000,508.70000000,0.2001
1749265106,0.19250000,51.90000000,0.2001
1749265106,0.19210000,973.50000000,0.2001
1749265106,0.19200000,8571.40000000,0.2001
1749265106,0.19190000,55.90000000,0.2001
1749265106,0.19160000,202.70000000,0.2001
1749265106,0.19140000,164.70000000,0.2001
1749265106,0.19130000,52.30000000,0.2001
1749265106,0.19110000,62.00000000,0.2001
1749265106,0.19100000,657.00000000,0.2001
1749265106,0.19090000,1804.00000000,0.2001
1749265106,0.19060000,185.90000000,0.2001
1749265106,0.19030000,1350.00000000,0.2001
1749265106,0.19020000,78.80000000,0.2001
1749265106,0.19010000,1666.00000000,0.2001
1749265106,0.19000000,29037.20000000,0.2001
1749265106,0.18990000,180.40000000,0.2001
1749265106,0.18980000,57.90000000,0.2001
1749265106,0.18950000,2880.60000000,0.2001
1749265106,0.18910000,1322.00000000,0.2001
1749265106,0.18900000,134.30000000,0.2001
1749265106,0.18890000,265.90000000,0.2001
1749265106,0.18880000,111.20000000,0.2001
1749265106,0.18860000,44.90000000,0.2001
1749265106,0.18850000,2201.50000000,0.2001
1749265106,0.18840000,28.80000000,0.2001
1749265106,0.18830000,443.40000000,0.2001
1749265106,0.18820000,134.60000000,0.2001
1749265106,0.18800000,651.00000000,0.2001
1749265106,0.18770000,591.80000000,0.2001
1749265106,0.18760000,164.70000000,0.2001
1749265106,0.18750000,54.00000000,0.2001
1749265106,0.18740000,62.00000000,0.2001
1749265106,0.18730000,28.80000000,0.2001
1749265106,0.18700000,1284.70000000,0.2001
1749265106,0.18690000,321.00000000,0.2001
1749265106,0.18680000,53.50000000,0.2001
1749265106,0.18670000,1713.90000000,0.2001
1749265407,0.19990000,1386.60000000,0.1999
1749265407,0.19980000,29253.70000000,0.1999
1749265407,0.19970000,64413.20000000,0.1999
1749265407,0.19960000,59556.70000000,0.1999
1749265407,0.19950000,20123.20000000,0.1999
1749265407,0.19940000,20791.90000000,0.1999
1749265407,0.19930000,20826.00000000,0.1999
1749265407,0.19920000,5420.40000000,0.1999
1749265407,0.19910000,14500.60000000,0.1999
1749265407,0.19900000,4281.10000000,0.1999
1749265407,0.19890000,38154.40000000,0.1999
1749265407,0.19880000,4847.80000000,0.1999
1749265407,0.19870000,1745.90000000,0.1999
1749265407,0.19860000,6095.40000000,0.1999
1749265407,0.19850000,1245.60000000,0.1999
1749265407,0.19840000,1245.60000000,0.1999
1749265407,0.19830000,1274.40000000,0.1999
1749265407,0.19820000,3594.70000000,0.1999
1749265407,0.19810000,1537.60000000,0.1999
1749265407,0.19800000,1312.30000000,0.1999
1749265407,0.19790000,1535.10000000,0.1999
1749265407,0.19780000,1207.90000000,0.1999
1749265407,0.19770000,1208.00000000,0.1999
1749265407,0.19760000,1372.70000000,0.1999
1749265407,0.19750000,1341.70000000,0.1999
1749265407,0.19740000,1207.70000000,0.1999
1749265407,0.19730000,1860.00000000,0.1999
1749265407,0.19720000,3597.30000000,0.1999
1749265407,0.19710000,1207.70000000,0.1999
1749265407,0.19700000,1262.70000000,0.1999
1749265407,0.19690000,1207.70000000,0.1999
1749265407,0.19680000,1207.70000000,0.1999
1749265407,0.19670000,1207.80000000,0.1999
1749265407,0.19660000,1207.80000000,0.1999
1749265407,0.19650000,1207.80000000,0.1999
1749265407,0.19640000,202.50000000,0.1999
1749265407,0.19630000,1207.90000000,0.1999
1749265407,0.19620000,37.90000000,0.1999
1749265407,0.19610000,4295.50000000,0.1999
1749265407,0.19600000,24378.20000000,0.1999
1749265407,0.19590000,2376.50000000,0.1999
1749265407,0.19560000,5310.00000000,0.1999
1749265407,0.19550000,2680.50000000,0.1999
1749265407,0.19530000,26.60000000,0.1999
1749265407,0.19510000,246.30000000,0.1999
1749265407,0.19500000,5580.80000000,0.1999
1749265407,0.19490000,72.20000000,0.1999
1749265407,0.19480000,62.00000000,0.1999
1749265407,0.19460000,284.30000000,0.1999
1749265407,0.19450000,58.50000000,0.1999
1749265407,0.19440000,26.70000000,0.1999
1749265407,0.19400000,55.00000000,0.1999
1749265407,0.19390000,164.70000000,0.1999
1749265407,0.19380000,28.80000000,0.1999
1749265407,0.19350000,258.00000000,0.1999
1749265407,0.19340000,176.80000000,0.1999
1749265407,0.19330000,145.40000000,0.1999
1749265407,0.19310000,29.00000000,0.1999
1749265407,0.19300000,55.00000000,0.1999
1749265407,0.19290000,260.00000000,0.1999
1749265407,0.19280000,56.80000000,0.1999
1749265407,0.19270000,28.80000000,0.1999
1749265407,0.19260000,508.70000000,0.1999
1749265407,0.19250000,51.90000000,0.1999
1749265407,0.19210000,973.50000000,0.1999
1749265407,0.19200000,8571.50000000,0.1999
1749265407,0.19190000,55.90000000,0.1999
1749265407,0.19160000,202.70000000,0.1999
1749265407,0.19140000,164.70000000,0.1999
1749265407,0.19110000,62.00000000,0.1999
1749265407,0.19100000,657.00000000,0.1999
1749265407,0.19090000,1804.00000000,0.1999
1749265407,0.19080000,52.50000000,0.1999
1749265407,0.19060000,185.90000000,0.1999
1749265407,0.19030000,1350.00000000,0.1999
1749265407,0.19020000,78.80000000,0.1999
1749265407,0.19010000,1664.30000000,0.1999
1749265407,0.19000000,29037.20000000,0.1999
1749265407,0.18990000,180.40000000,0.1999
1749265407,0.18980000,57.90000000,0.1999
1749265407,0.18950000,2880.60000000,0.1999
1749265407,0.18910000,1322.00000000,0.1999
1749265407,0.18900000,134.30000000,0.1999
1749265407,0.18890000,265.90000000,0.1999
1749265407,0.18880000,111.20000000,0.1999
1749265407,0.18860000,44.90000000,0.1999
1749265407,0.18850000,2201.50000000,0.1999
1749265407,0.18840000,28.80000000,0.1999
1749265407,0.18830000,443.40000000,0.1999
1749265407,0.18820000,134.60000000,0.1999
1749265407,0.18800000,651.00000000,0.1999
1749265407,0.18770000,591.80000000,0.1999
1749265407,0.18760000,164.70000000,0.1999
1749265407,0.18750000,54.00000000,0.1999
1749265407,0.18740000,62.00000000,0.1999
1749265407,0.18730000,28.80000000,0.1999
1749265407,0.18700000,1284.70000000,0.1999
1749265407,0.18690000,321.00000000,0.1999
1749265407,0.18680000,53.50000000,0.1999
1749265407,0.18670000,1713.90000000,0.1999
1749265712,0.20040000,1170.00000000,0.2004
1749265712,0.20030000,17365.70000000,0.2004
1749265712,0.20020000,38891.80000000,0.2004
1749265712,0.20010000,36593.70000000,0.2004
1749265712,0.20000000,43066.00000000,0.2004
1749265712,0.19990000,38372.90000000,0.2004
1749265712,0.19980000,21011.40000000,0.2004
1749265712,0.19970000,9460.90000000,0.2004
1749265712,0.19960000,16337.80000000,0.2004
1749265712,0.19950000,19978.10000000,0.2004
1749265712,0.19940000,23968.50000000,0.2004
1749265712,0.19930000,4280.30000000,0.2004
1749265712,0.19920000,4280.30000000,0.2004
1749265712,0.19910000,3781.50000000,0.2004
1749265712,0.19900000,3781.50000000,0.2004
1749265712,0.19890000,3781.50000000,0.2004
1749265712,0.19880000,5866.40000000,0.2004
1749265712,0.19870000,1245.60000000,0.2004
1749265712,0.19860000,3559.30000000,0.2004
1749265712,0.19850000,2211.10000000,0.2004
1749265712,0.19840000,1207.80000000,0.2004
1749265712,0.19830000,1236.60000000,0.2004
1749265712,0.19820000,3556.80000000,0.2004
1749265712,0.19810000,707.90000000,0.2004
1749265712,0.19800000,1312.30000000,0.2004
1749265712,0.19790000,1207.90000000,0.2004
1749265712,0.19780000,1207.90000000,0.2004
1749265712,0.19770000,1858.80000000,0.2004
1749265712,0.19760000,3728.70000000,0.2004
1749265712,0.19750000,1207.70000000,0.2004
1749265712,0.19740000,1207.70000000,0.2004
1749265712,0.19730000,1536.00000000,0.2004
1749265712,0.19720000,1236.50000000,0.2004
1749265712,0.19710000,1207.70000000,0.2004
1749265712,0.19700000,1262.70000000,0.2004
1749265712,0.19690000,1207.70000000,0.2004
1749265712,0.19680000,1207.70000000,0.2004
1749265712,0.19670000,37.80000000,0.2004
1749265712,0.19660000,37.80000000,0.2004
1749265712,0.19650000,37.80000000,0.2004
1749265712,0.19640000,1334.70000000,0.2004
1749265712,0.19630000,2371.60000000,0.2004
1749265712,0.19610000,8435.50000000,0.2004
1749265712,0.19600000,26832.10000000,0.2004
1749265712,0.19530000,26.60000000,0.2004
1749265712,0.19510000,246.30000000,0.2004
1749265712,0.19500000,5580.80000000,0.2004
1749265712,0.19490000,72.20000000,0.2004
1749265712,0.19480000,62.00000000,0.2004
1749265712,0.19460000,284.30000000,0.2004
1749265712,0.19450000,58.50000000,0.2004
1749265712,0.19440000,26.70000000,0.2004
1749265712,0.19400000,55.00000000,0.2004
1749265712,0.19390000,164.70000000,0.2004
1749265712,0.19380000,28.80000000,0.2004
1749265712,0.19340000,176.80000000,0.2004
1749265712,0.19330000,145.40000000,0.2004
1749265712,0.19310000,29.00000000,0.2004
1749265712,0.19300000,55.00000000,0.2004
1749265712,0.19290000,260.00000000,0.2004
1749265712,0.19280000,56.80000000,0.2004
1749265712,0.19270000,28.80000000,0.2004
1749265712,0.19260000,508.70000000,0.2004
1749265712,0.19250000,51.90000000,0.2004
1749265712,0.19210000,973.50000000,0.2004
1749265712,0.19200000,8571.50000000,0.2004
1749265712,0.19190000,55.90000000,0.2004
1749265712,0.19160000,202.70000000,0.2004
1749265712,0.19140000,164.70000000,0.2004
1749265712,0.19110000,62.00000000,0.2004
1749265712,0.19100000,657.00000000,0.2004
1749265712,0.19090000,1804.00000000,0.2004
1749265712,0.19080000,52.50000000,0.2004
1749265712,0.19060000,185.90000000,0.2004
1749265712,0.19030000,1350.00000000,0.2004
1749265712,0.19020000,78.80000000,0.2004
1749265712,0.19010000,1657.90000000,0.2004
1749265712,0.19000000,29037.20000000,0.2004
1749265712,0.18990000,180.40000000,0.2004
1749265712,0.18980000,57.90000000,0.2004
1749265712,0.18950000,2880.60000000,0.2004
1749265712,0.18910000,1322.00000000,0.2004
1749265712,0.18900000,134.30000000,0.2004
1749265712,0.18890000,265.90000000,0.2004
1749265712,0.18880000,111.20000000,0.2004
1749265712,0.18860000,44.90000000,0.2004
1749265712,0.18850000,2201.50000000,0.2004
1749265712,0.18840000,28.80000000,0.2004
1749265712,0.18830000,443.40000000,0.2004
1749265712,0.18820000,134.60000000,0.2004
1749265712,0.18800000,651.00000000,0.2004
1749265712,0.18770000,591.80000000,0.2004
1749265712,0.18760000,164.70000000,0.2004
1749265712,0.18750000,54.00000000,0.2004
1749265712,0.18740000,62.00000000,0.2004
1749265712,0.18730000,28.80000000,0.2004
1749265712,0.18700000,1284.70000000,0.2004
1749265712,0.18690000,321.00000000,0.2004
1749265712,0.18680000,53.50000000,0.2004
1749265712,0.18670000,1713.90000000,0.2004
1749266014,0.20070000,4392.90000000,0.2007
1749266014,0.20060000,22035.90000000,0.2007
1749266014,0.20050000,29185.70000000,0.2007
1749266014,0.20040000,34389.10000000,0.2007
1749266014,0.20030000,35036.30000000,0.2007
1749266014,0.20020000,33337.80000000,0.2007
1749266014,0.20010000,14114.10000000,0.2007
1749266014,0.20000000,8239.30000000,0.2007
1749266014,0.19990000,16554.20000000,0.2007
1749266014,0.19980000,11067.00000000,0.2007
1749266014,0.19970000,25102.30000000,0.2007
1749266014,0.19960000,20768.20000000,0.2007
1749266014,0.19950000,3781.30000000,0.2007
1749266014,0.19940000,4873.20000000,0.2007
1749266014,0.19930000,3781.50000000,0.2007
1749266014,0.19920000,6088.20000000,0.2007
1749266014,0.19910000,1245.40000000,0.2007
1749266014,0.19900000,1300.40000000,0.2007
1749266014,0.19890000,3586.00000000,0.2007
1749266014,0.19880000,1245.40000000,0.2007
1749266014,0.19870000,1245.60000000,0.2007
1749266014,0.19860000,1207.80000000,0.2007
1749266014,0.19850000,2173.30000000,0.2007
1749266014,0.19840000,1207.80000000,0.2007
1749266014,0.19830000,1236.60000000,0.2007
1749266014,0.19820000,1207.90000000,0.2007
1749266014,0.19810000,1035.00000000,0.2007
1749266014,0.19800000,3663.60000000,0.2007
1749266014,0.19790000,1207.90000000,0.2007
1749266014,0.19780000,1207.90000000,0.2007
1749266014,0.19770000,1858.80000000,0.2007
1749266014,0.19760000,1372.70000000,0.2007
1749266014,0.19750000,1207.70000000,0.2007
1749266014,0.19740000,1207.70000000,0.2007
1749266014,0.19730000,1207.70000000,0.2007
1749266014,0.19720000,1236.50000000,0.2007
1749266014,0.19710000,1207.70000000,0.2007
1749266014,0.19700000,92.70000000,0.2007
1749266014,0.19690000,1563.30000000,0.2007
1749266014,0.19680000,37.70000000,0.2007
1749266014,0.19670000,2404.60000000,0.2007
1749266014,0.19640000,164.70000000,0.2007
1749266014,0.19630000,2654.30000000,0.2007
1749266014,0.19610000,1516.10000000,0.2007
1749266014,0.19600000,24378.20000000,0.2007
1749266014,0.19530000,26.60000000,0.2007
1749266014,0.19510000,246.30000000,0.2007
1749266014,0.19500000,5580.80000000,0.2007
1749266014,0.19490000,72.20000000,0.2007
1749266014,0.19480000,62.00000000,0.2007
1749266014,0.19460000,284.30000000,0.2007
1749266014,0.19450000,58.50000000,0.2007
1749266014,0.19440000,26.70000000,0.2007
1749266014,0.19400000,55.00000000,0.2007
1749266014,0.19390000,164.70000000,0.2007
1749266014,0.19380000,28.80000000,0.2007
1749266014,0.19340000,176.80000000,0.2007
1749266014,0.19330000,145.40000000,0.2007
1749266014,0.19310000,29.00000000,0.2007
1749266014,0.19300000,55.00000000,0.2007
1749266014,0.19290000,260.00000000,0.2007
1749266014,0.19280000,56.80000000,0.2007
1749266014,0.19270000,5338.80000000,0.2007
1749266014,0.19260000,508.70000000,0.2007
1749266014,0.19250000,930.80000000,0.2007
1749266014,0.19210000,973.50000000,0.2007
1749266014,0.19200000,7690.80000000,0.2007
1749266014,0.19190000,55.90000000,0.2007
1749266014,0.19160000,202.70000000,0.2007
1749266014,0.19140000,164.70000000,0.2007
1749266014,0.19110000,62.00000000,0.2007
1749266014,0.19100000,657.00000000,0.2007
1749266014,0.19090000,1804.00000000,0.2007
1749266014,0.19080000,52.50000000,0.2007
1749266014,0.19060000,185.90000000,0.2007
1749266014,0.19030000,1350.00000000,0.2007
1749266014,0.19020000,78.80000000,0.2007
1749266014,0.19010000,2018.00000000,0.2007
1749266014,0.19000000,29037.20000000,0.2007
1749266014,0.18990000,180.40000000,0.2007
1749266014,0.18980000,57.90000000,0.2007
1749266014,0.18950000,2880.60000000,0.2007
1749266014,0.18910000,1322.00000000,0.2007
1749266014,0.18900000,134.30000000,0.2007
1749266014,0.18890000,265.90000000,0.2007
1749266014,0.18880000,111.20000000,0.2007
1749266014,0.18860000,44.90000000,0.2007
1749266014,0.18850000,2201.50000000,0.2007
1749266014,0.18840000,28.80000000,0.2007
1749266014,0.18830000,443.40000000,0.2007
1749266014,0.18820000,134.60000000,0.2007
1749266014,0.18800000,651.00000000,0.2007
1749266014,0.18770000,591.80000000,0.2007
1749266014,0.18760000,164.70000000,0.2007
1749266014,0.18750000,54.00000000,0.2007
1749266014,0.18740000,62.00000000,0.2007
1749266014,0.18730000,28.80000000,0.2007
1749266014,0.18700000,1284.70000000,0.2007
1749266014,0.18690000,321.00000000,0.2007
1749266014,0.18680000,53.50000000,0.2007
1749266316,0.20040000,1170.00000000,0.2005
1749266316,0.20030000,30935.30000000,0.2005
1749266316,0.20020000,58031.40000000,0.2005
1749266316,0.20010000,23220.60000000,0.2005
1749266316,0.20000000,32009.00000000,0.2005
1749266316,0.19990000,37739.60000000,0.2005
1749266316,0.19980000,30470.20000000,0.2005
1749266316,0.19970000,4278.90000000,0.2005
1749266316,0.19960000,13420.60000000,0.2005
1749266316,0.19950000,19708.80000000,0.2005
1749266316,0.19940000,4873.20000000,0.2005
1749266316,0.19930000,1744.00000000,0.2005
1749266316,0.19920000,8726.90000000,0.2005
1749266316,0.19910000,1245.40000000,0.2005
1749266316,0.19900000,1300.40000000,0.2005
1749266316,0.19890000,3586.00000000,0.2005
1749266316,0.19880000,1207.70000000,0.2005
1749266316,0.19870000,1207.80000000,0.2005
1749266316,0.19860000,1207.80000000,0.2005
1749266316,0.19850000,2159.20000000,0.2005
1749266316,0.19840000,1207.80000000,0.2005
1749266316,0.19830000,1236.60000000,0.2005
1749266316,0.19820000,1207.90000000,0.2005
1749266316,0.19810000,1684.60000000,0.2005
1749266316,0.19800000,3663.60000000,0.2005
1749266316,0.19790000,1207.90000000,0.2005
1749266316,0.19780000,1207.90000000,0.2005
1749266316,0.19770000,1208.00000000,0.2005
1749266316,0.19760000,1372.70000000,0.2005
1749266316,0.19750000,1207.70000000,0.2005
1749266316,0.19740000,1207.70000000,0.2005
1749266316,0.19730000,1207.70000000,0.2005
1749266316,0.19720000,1236.50000000,0.2005
1749266316,0.19710000,37.70000000,0.2005
1749266316,0.19700000,92.70000000,0.2005
1749266316,0.19690000,2733.30000000,0.2005
1749266316,0.19670000,3536.80000000,0.2005
1749266316,0.19640000,164.70000000,0.2005
1749266316,0.19630000,1170.00000000,0.2005
1749266316,0.19610000,1516.10000000,0.2005
1749266316,0.19600000,24378.20000000,0.2005
1749266316,0.19590000,2491.40000000,0.2005
1749266316,0.19530000,26.60000000,0.2005
1749266316,0.19510000,246.30000000,0.2005
1749266316,0.19500000,5580.80000000,0.2005
1749266316,0.19490000,72.20000000,0.2005
1749266316,0.19480000,62.00000000,0.2005
1749266316,0.19460000,284.30000000,0.2005
1749266316,0.19450000,58.50000000,0.2005
1749266316,0.19440000,26.70000000,0.2005
1749266316,0.19400000,55.00000000,0.2005
1749266316,0.19390000,164.70000000,0.2005
1749266316,0.19380000,28.80000000,0.2005
1749266316,0.19340000,176.80000000,0.2005
1749266316,0.19330000,145.40000000,0.2005
1749266316,0.19310000,29.00000000,0.2005
1749266316,0.19300000,932.90000000,0.2005
1749266316,0.19290000,260.00000000,0.2005
1749266316,0.19280000,5366.80000000,0.2005
1749266316,0.19270000,28.80000000,0.2005
1749266316,0.19260000,508.70000000,0.2005
1749266316,0.19250000,51.90000000,0.2005
1749266316,0.19210000,973.50000000,0.2005
1749266316,0.19200000,7690.80000000,0.2005
1749266316,0.19190000,55.90000000,0.2005
1749266316,0.19160000,202.70000000,0.2005
1749266316,0.19140000,164.70000000,0.2005
1749266316,0.19110000,62.00000000,0.2005
1749266316,0.19100000,657.00000000,0.2005
1749266316,0.19090000,1804.00000000,0.2005
1749266316,0.19070000,52.50000000,0.2005
1749266316,0.19060000,185.90000000,0.2005
1749266316,0.19030000,1350.00000000,0.2005
1749266316,0.19020000,78.80000000,0.2005
1749266316,0.19010000,2276.70000000,0.2005
1749266316,0.19000000,29037.20000000,0.2005
1749266316,0.18990000,180.40000000,0.2005
1749266316,0.18980000,57.90000000,0.2005
1749266316,0.18950000,2880.60000000,0.2005
1749266316,0.18910000,1322.00000000,0.2005
1749266316,0.18900000,134.30000000,0.2005
1749266316,0.18890000,265.90000000,0.2005
1749266316,0.18880000,111.20000000,0.2005
1749266316,0.18860000,44.90000000,0.2005
1749266316,0.18850000,2201.50000000,0.2005
1749266316,0.18840000,28.80000000,0.2005
1749266316,0.18830000,443.40000000,0.2005
1749266316,0.18820000,134.60000000,0.2005
1749266316,0.18800000,651.00000000,0.2005
1749266316,0.18770000,591.80000000,0.2005
1749266316,0.18760000,164.70000000,0.2005
1749266316,0.18750000,54.00000000,0.2005
1749266316,0.18740000,62.00000000,0.2005
1749266316,0.18730000,28.80000000,0.2005
1749266316,0.18700000,1284.70000000,0.2005
1749266316,0.18690000,321.00000000,0.2005
1749266316,0.18680000,53.50000000,0.2005
1749266316,0.18670000,1713.90000000,0.2005
1749266316,0.18660000,535.90000000,0.2005
1749266316,0.18650000,3110.10000000,0.2005
1749266627,0.20050000,1170.00000000,0.2004
1749266627,0.20040000,24792.90000000,0.2004
1749266627,0.20030000,37620.80000000,0.2004
1749266627,0.20020000,54018.10000000,0.2004
1749266627,0.20010000,14324.40000000,0.2004
1749266627,0.20000000,20045.10000000,0.2004
1749266627,0.19990000,16604.20000000,0.2004
1749266627,0.19980000,10360.40000000,0.2004
1749266627,0.19970000,4114.00000000,0.2004
1749266627,0.19960000,19832.30000000,0.2004
1749266627,0.19950000,38565.90000000,0.2004
1749266627,0.19940000,4873.40000000,0.2004
1749266627,0.19930000,2289.10000000,0.2004
1749266627,0.19920000,8726.90000000,0.2004
1749266627,0.19910000,5860.90000000,0.2004
1749266627,0.19900000,3836.50000000,0.2004
1749266627,0.19890000,1245.40000000,0.2004
1749266627,0.19880000,1207.70000000,0.2004
1749266627,0.19870000,1207.80000000,0.2004
1749266627,0.19860000,1207.80000000,0.2004
1749266627,0.19850000,4504.50000000,0.2004
1749266627,0.19840000,1207.80000000,0.2004
1749266627,0.19830000,1236.60000000,0.2004
1749266627,0.19820000,1207.90000000,0.2004
1749266627,0.19810000,1684.60000000,0.2004
1749266627,0.19800000,1312.30000000,0.2004
1749266627,0.19790000,1207.90000000,0.2004
1749266627,0.19780000,1207.90000000,0.2004
1749266627,0.19770000,1208.00000000,0.2004
1749266627,0.19760000,3728.70000000,0.2004
1749266627,0.19750000,1207.70000000,0.2004
1749266627,0.19740000,1207.70000000,0.2004
1749266627,0.19730000,1207.70000000,0.2004
1749266627,0.19720000,1236.50000000,0.2004
1749266627,0.19710000,37.70000000,0.2004
1749266627,0.19700000,92.70000000,0.2004
1749266627,0.19690000,2733.30000000,0.2004
1749266627,0.19670000,1170.00000000,0.2004
1749266627,0.19640000,164.70000000,0.2004
1749266627,0.19630000,3541.60000000,0.2004
1749266627,0.19610000,9262.70000000,0.2004
1749266627,0.19600000,24378.20000000,0.2004
1749266627,0.19530000,26.60000000,0.2004
1749266627,0.19510000,246.30000000,0.2004
1749266627,0.19500000,5580.80000000,0.2004
1749266627,0.19490000,72.20000000,0.2004
1749266627,0.19480000,62.00000000,0.2004
1749266627,0.19460000,284.30000000,0.2004
1749266627,0.19450000,58.50000000,0.2004
1749266627,0.19440000,26.70000000,0.2004
1749266627,0.19400000,55.00000000,0.2004
1749266627,0.19390000,164.70000000,0.2004
1749266627,0.19380000,28.80000000,0.2004
1749266627,0.19340000,176.80000000,0.2004
1749266627,0.19330000,145.40000000,0.2004
1749266627,0.19310000,29.00000000,0.2004
1749266627,0.19300000,55.00000000,0.2004
1749266627,0.19290000,260.00000000,0.2004
1749266627,0.19280000,56.80000000,0.2004
1749266627,0.19270000,908.30000000,0.2004
1749266627,0.19260000,508.70000000,0.2004
1749266627,0.19250000,51.90000000,0.2004
1749266627,0.19210000,973.50000000,0.2004
1749266627,0.19200000,7690.80000000,0.2004
1749266627,0.19190000,55.90000000,0.2004
1749266627,0.19160000,202.70000000,0.2004
1749266627,0.19140000,164.70000000,0.2004
1749266627,0.19110000,62.00000000,0.2004
1749266627,0.19100000,657.00000000,0.2004
1749266627,0.19090000,1804.00000000,0.2004
1749266627,0.19070000,52.50000000,0.2004
1749266627,0.19060000,185.90000000,0.2004
1749266627,0.19030000,1350.00000000,0.2004
1749266627,0.19020000,78.80000000,0.2004
1749266627,0.19010000,2338.10000000,0.2004
1749266627,0.19000000,29037.20000000,0.2004
1749266627,0.18990000,180.40000000,0.2004
1749266627,0.18980000,57.90000000,0.2004
1749266627,0.18950000,2880.60000000,0.2004
1749266627,0.18910000,1322.00000000,0.2004
1749266627,0.18900000,134.30000000,0.2004
1749266627,0.18890000,265.90000000,0.2004
1749266627,0.18880000,111.20000000,0.2004
1749266627,0.18860000,44.90000000,0.2004
1749266627,0.18850000,2201.50000000,0.2004
1749266627,0.18840000,28.80000000,0.2004
1749266627,0.18830000,443.40000000,0.2004
1749266627,0.18820000,134.60000000,0.2004
1749266627,0.18800000,651.00000000,0.2004
1749266627,0.18770000,591.80000000,0.2004
1749266627,0.18760000,164.70000000,0.2004
1749266627,0.18750000,54.00000000,0.2004
1749266627,0.18740000,62.00000000,0.2004
1749266627,0.18730000,28.80000000,0.2004
1749266627,0.18700000,1284.70000000,0.2004
1749266627,0.18690000,321.00000000,0.2004
1749266627,0.18680000,53.50000000,0.2004
1749266627,0.18670000,1713.90000000,0.2004
1749266627,0.18660000,535.90000000,0.2004
1749266627,0.18650000,3110.10000000,0.2004
1749266928,0.20090000,3864.20000000,0.2009
1749266928,0.20080000,35756.90000000,0.2009
1749266928,0.20070000,54013.00000000,0.2009
1749266928,0.20060000,56603.50000000,0.2009
1749266928,0.20050000,36925.50000000,0.2009
1749266928,0.20040000,21505.80000000,0.2009
1749266928,0.20030000,4278.70000000,0.2009
1749266928,0.20020000,16337.60000000,0.2009
1749266928,0.20010000,4971.30000000,0.2009
1749266928,0.20000000,10447.50000000,0.2009
1749266928,0.19990000,39690.40000000,0.2009
1749266928,0.19980000,10095.70000000,0.2009
1749266928,0.19970000,3781.30000000,0.2009
1749266928,0.19960000,3781.30000000,0.2009
1749266928,0.19950000,3781.30000000,0.2009
1749266928,0.19940000,1274.00000000,0.2009
1749266928,0.19930000,1245.40000000,0.2009
1749266928,0.19920000,3552.10000000,0.2009
1749266928,0.19910000,1245.40000000,0.2009
1749266928,0.19900000,3639.90000000,0.2009
1749266928,0.19890000,2034.90000000,0.2009
1749266928,0.19880000,1207.70000000,0.2009
1749266928,0.19870000,1207.80000000,0.2009
1749266928,0.19860000,1207.80000000,0.2009
1749266928,0.19850000,1341.80000000,0.2009
1749266928,0.19840000,1207.80000000,0.2009
1749266928,0.19830000,1236.60000000,0.2009
1749266928,0.19820000,1207.90000000,0.2009
1749266928,0.19810000,4034.70000000,0.2009
1749266928,0.19800000,1312.30000000,0.2009
1749266928,0.19790000,1207.90000000,0.2009
1749266928,0.19780000,1207.90000000,0.2009
1749266928,0.19770000,1208.00000000,0.2009
1749266928,0.19760000,1372.70000000,0.2009
1749266928,0.19750000,1207.70000000,0.2009
1749266928,0.19740000,1207.70000000,0.2009
1749266928,0.19730000,25513.40000000,0.2009
1749266928,0.19720000,66.50000000,0.2009
1749266928,0.19710000,37.70000000,0.2009
1749266928,0.19700000,92.70000000,0.2009
1749266928,0.19690000,1525.60000000,0.2009
1749266928,0.19680000,2365.60000000,0.2009
1749266928,0.19650000,2558.70000000,0.2009
1749266928,0.19640000,164.70000000,0.2009
1749266928,0.19610000,28.80000000,0.2009
1749266928,0.19600000,55.00000000,0.2009
1749266928,0.19530000,26.60000000,0.2009
1749266928,0.19510000,164.70000000,0.2009
1749266928,0.19500000,5580.80000000,0.2009
1749266928,0.19490000,72.20000000,0.2009
1749266928,0.19480000,62.00000000,0.2009
1749266928,0.19460000,284.30000000,0.2009
1749266928,0.19450000,58.50000000,0.2009
1749266928,0.19440000,26.70000000,0.2009
1749266928,0.19400000,55.00000000,0.2009
1749266928,0.19390000,164.70000000,0.2009
1749266928,0.19380000,28.80000000,0.2009
1749266928,0.19340000,176.80000000,0.2009
1749266928,0.19330000,145.40000000,0.2009
1749266928,0.19310000,29.00000000,0.2009
1749266928,0.19300000,55.00000000,0.2009
1749266928,0.19290000,5570.00000000,0.2009
1749266928,0.19280000,936.00000000,0.2009
1749266928,0.19270000,28.80000000,0.2009
1749266928,0.19260000,508.70000000,0.2009
1749266928,0.19250000,51.90000000,0.2009
1749266928,0.19210000,973.50000000,0.2009
1749266928,0.19200000,7690.80000000,0.2009
1749266928,0.19190000,55.90000000,0.2009
1749266928,0.19180000,1804.00000000,0.2009
1749266928,0.19160000,202.70000000,0.2009
1749266928,0.19140000,164.70000000,0.2009
1749266928,0.19110000,62.00000000,0.2009
1749266928,0.19100000,657.00000000,0.2009
1749266928,0.19070000,52.50000000,0.2009
1749266928,0.19060000,185.90000000,0.2009
1749266928,0.19030000,1350.00000000,0.2009
1749266928,0.19020000,78.80000000,0.2009
1749266928,0.19010000,4419.10000000,0.2009
1749266928,0.19000000,29037.20000000,0.2009
1749266928,0.18990000,180.40000000,0.2009
1749266928,0.18980000,57.90000000,0.2009
1749266928,0.18950000,2880.60000000,0.2009
1749266928,0.18910000,1322.00000000,0.2009
1749266928,0.18900000,177.50000000,0.2009
1749266928,0.18890000,225.70000000,0.2009
1749266928,0.18880000,111.20000000,0.2009
1749266928,0.18860000,44.90000000,0.2009
1749266928,0.18850000,2201.50000000,0.2009
1749266928,0.18840000,28.80000000,0.2009
1749266928,0.18830000,443.40000000,0.2009
1749266928,0.18820000,134.60000000,0.2009
1749266928,0.18800000,651.00000000,0.2009
1749266928,0.18770000,591.80000000,0.2009
1749266928,0.18760000,164.70000000,0.2009
1749266928,0.18750000,54.00000000,0.2009
1749266928,0.18740000,62.00000000,0.2009
1749266928,0.18730000,28.80000000,0.2009
1749266928,0.18700000,1284.70000000,0.2009
1749266928,0.18690000,321.00000000,0.2009
1749267230,0.20060000,1311.50000000,0.2006
1749267230,0.20050000,33447.90000000,0.2006
1749267230,0.20040000,58398.90000000,0.2006
1749267230,0.20030000,43992.70000000,0.2006
1749267230,0.20020000,37439.00000000,0.2006
1749267230,0.20010000,14507.10000000,0.2006
1749267230,0.20000000,16085.70000000,0.2006
1749267230,0.19990000,16337.60000000,0.2006
1749267230,0.19980000,10095.70000000,0.2006
1749267230,0.19970000,5357.00000000,0.2006
1749267230,0.19960000,7276.00000000,0.2006
1749267230,0.19950000,38456.70000000,0.2006
1749267230,0.19940000,2317.20000000,0.2006
1749267230,0.19930000,3781.50000000,0.2006
1749267230,0.19920000,3552.10000000,0.2006
1749267230,0.19910000,1245.40000000,0.2006
1749267230,0.19900000,1300.40000000,0.2006
1749267230,0.19890000,2034.90000000,0.2006
1749267230,0.19880000,1207.70000000,0.2006
1749267230,0.19870000,1207.80000000,0.2006
1749267230,0.19860000,3552.00000000,0.2006
1749267230,0.19850000,1341.80000000,0.2006
1749267230,0.19840000,1207.80000000,0.2006
1749267230,0.19830000,1236.60000000,0.2006
1749267230,0.19820000,1207.90000000,0.2006
1749267230,0.19810000,1684.60000000,0.2006
1749267230,0.19800000,1312.30000000,0.2006
1749267230,0.19790000,1207.90000000,0.2006
1749267230,0.19780000,1207.90000000,0.2006
1749267230,0.19770000,3562.80000000,0.2006
1749267230,0.19760000,1372.70000000,0.2006
1749267230,0.19750000,1207.70000000,0.2006
1749267230,0.19740000,1207.70000000,0.2006
1749267230,0.19730000,25513.40000000,0.2006
1749267230,0.19720000,66.50000000,0.2006
1749267230,0.19710000,37.70000000,0.2006
1749267230,0.19700000,1262.70000000,0.2006
1749267230,0.19690000,2695.60000000,0.2006
1749267230,0.19680000,3566.10000000,0.2006
1749267230,0.19640000,164.70000000,0.2006
1749267230,0.19630000,1170.00000000,0.2006
1749267230,0.19620000,2670.10000000,0.2006
1749267230,0.19610000,28.80000000,0.2006
1749267230,0.19600000,55.00000000,0.2006
1749267230,0.19530000,26.60000000,0.2006
1749267230,0.19510000,164.70000000,0.2006
1749267230,0.19500000,5580.80000000,0.2006
1749267230,0.19490000,72.20000000,0.2006
1749267230,0.19480000,62.00000000,0.2006
1749267230,0.19460000,284.30000000,0.2006
1749267230,0.19450000,58.50000000,0.2006
1749267230,0.19440000,26.70000000,0.2006
1749267230,0.19400000,55.00000000,0.2006
1749267230,0.19390000,164.70000000,0.2006
1749267230,0.19380000,28.80000000,0.2006
1749267230,0.19340000,176.80000000,0.2006
1749267230,0.19330000,145.40000000,0.2006
1749267230,0.19310000,29.00000000,0.2006
1749267230,0.19300000,55.00000000,0.2006
1749267230,0.19290000,260.00000000,0.2006
1749267230,0.19280000,98.30000000,0.2006
1749267230,0.19270000,908.50000000,0.2006
1749267230,0.19260000,508.70000000,0.2006
1749267230,0.19250000,51.90000000,0.2006
1749267230,0.19240000,5310.00000000,0.2006
1749267230,0.19210000,973.50000000,0.2006
1749267230,0.19200000,7690.80000000,0.2006
1749267230,0.19190000,55.90000000,0.2006
1749267230,0.19180000,1804.00000000,0.2006
1749267230,0.19160000,202.70000000,0.2006
1749267230,0.19140000,164.70000000,0.2006
1749267230,0.19110000,62.00000000,0.2006
1749267230,0.19100000,657.00000000,0.2006
1749267230,0.19060000,238.40000000,0.2006
1749267230,0.19030000,1350.00000000,0.2006
1749267230,0.19020000,78.80000000,0.2006
1749267230,0.19010000,4392.10000000,0.2006
1749267230,0.19000000,29037.20000000,0.2006
1749267230,0.18990000,180.40000000,0.2006
1749267230,0.18980000,57.90000000,0.2006
1749267230,0.18950000,2880.60000000,0.2006
1749267230,0.18910000,1322.00000000,0.2006
1749267230,0.18900000,177.50000000,0.2006
1749267230,0.18890000,225.70000000,0.2006
1749267230,0.18880000,164.20000000,0.2006
1749267230,0.18860000,44.90000000,0.2006
1749267230,0.18850000,2201.50000000,0.2006
1749267230,0.18840000,28.80000000,0.2006
1749267230,0.18830000,443.40000000,0.2006
1749267230,0.18820000,134.60000000,0.2006
1749267230,0.18800000,651.00000000,0.2006
1749267230,0.18770000,591.80000000,0.2006
1749267230,0.18760000,164.70000000,0.2006
1749267230,0.18750000,54.00000000,0.2006
1749267230,0.18740000,62.00000000,0.2006
1749267230,0.18730000,28.80000000,0.2006
1749267230,0.18700000,1284.70000000,0.2006
1749267230,0.18690000,321.00000000,0.2006
1749267230,0.18680000,53.50000000,0.2006
1749267230,0.18670000,1713.90000000,0.2006
1749267531,0.20090000,1380.00000000,0.2009
1749267531,0.20080000,19321.70000000,0.2009
1749267531,0.20070000,46852.60000000,0.2009
1749267531,0.20060000,53849.50000000,0.2009
1749267531,0.20050000,28018.10000000,0.2009
1749267531,0.20040000,31458.40000000,0.2009
1749267531,0.20030000,14474.40000000,0.2009
1749267531,0.20020000,16420.30000000,0.2009
1749267531,0.20010000,4593.30000000,0.2009
1749267531,0.20000000,10804.60000000,0.2009
1749267531,0.19990000,32087.00000000,0.2009
1749267531,0.19980000,30082.80000000,0.2009
1749267531,0.19970000,5531.70000000,0.2009
1749267531,0.19960000,6383.60000000,0.2009
1749267531,0.19950000,3781.30000000,0.2009
1749267531,0.19940000,1274.00000000,0.2009
1749267531,0.19930000,3781.50000000,0.2009
1749267531,0.19920000,3552.10000000,0.2009
1749267531,0.19910000,1245.40000000,0.2009
1749267531,0.19900000,1300.40000000,0.2009
1749267531,0.19890000,2034.90000000,0.2009
1749267531,0.19880000,1207.70000000,0.2009
1749267531,0.19870000,1207.80000000,0.2009
1749267531,0.19860000,3552.00000000,0.2009
1749267531,0.19850000,1341.80000000,0.2009
1749267531,0.19840000,1207.80000000,0.2009
1749267531,0.19830000,1236.60000000,0.2009
1749267531,0.19820000,1207.90000000,0.2009
1749267531,0.19810000,1035.00000000,0.2009
1749267531,0.19800000,1312.30000000,0.2009
1749267531,0.19790000,1857.90000000,0.2009
1749267531,0.19780000,1207.90000000,0.2009
1749267531,0.19770000,3562.80000000,0.2009
1749267531,0.19760000,1372.70000000,0.2009
1749267531,0.19750000,1207.70000000,0.2009
1749267531,0.19740000,1207.70000000,0.2009
1749267531,0.19730000,25513.40000000,0.2009
1749267531,0.19720000,66.50000000,0.2009
1749267531,0.19710000,37.70000000,0.2009
1749267531,0.19700000,1262.70000000,0.2009
1749267531,0.19690000,1525.60000000,0.2009
1749267531,0.19680000,2396.10000000,0.2009
1749267531,0.19660000,2498.10000000,0.2009
1749267531,0.19650000,5310.00000000,0.2009
1749267531,0.19640000,164.70000000,0.2009
1749267531,0.19610000,28.80000000,0.2009
1749267531,0.19600000,55.00000000,0.2009
1749267531,0.19530000,26.60000000,0.2009
1749267531,0.19510000,164.70000000,0.2009
1749267531,0.19500000,5580.80000000,0.2009
1749267531,0.19490000,72.20000000,0.2009
1749267531,0.19480000,62.00000000,0.2009
1749267531,0.19460000,284.30000000,0.2009
1749267531,0.19450000,58.50000000,0.2009
1749267531,0.19440000,26.70000000,0.2009
1749267531,0.19400000,55.00000000,0.2009
1749267531,0.19390000,164.70000000,0.2009
1749267531,0.19380000,28.80000000,0.2009
1749267531,0.19340000,176.80000000,0.2009
1749267531,0.19330000,145.40000000,0.2009
1749267531,0.19310000,29.00000000,0.2009
1749267531,0.19300000,930.00000000,0.2009
1749267531,0.19290000,260.00000000,0.2009
1749267531,0.19280000,98.30000000,0.2009
1749267531,0.19270000,28.80000000,0.2009
1749267531,0.19260000,508.70000000,0.2009
1749267531,0.19250000,51.90000000,0.2009
1749267531,0.19210000,973.50000000,0.2009
1749267531,0.19200000,7690.80000000,0.2009
1749267531,0.19190000,55.90000000,0.2009
1749267531,0.19180000,1804.00000000,0.2009
1749267531,0.19160000,202.70000000,0.2009
1749267531,0.19140000,164.70000000,0.2009
1749267531,0.19110000,62.00000000,0.2009
1749267531,0.19100000,657.00000000,0.2009
1749267531,0.19060000,238.40000000,0.2009
1749267531,0.19030000,1350.00000000,0.2009
1749267531,0.19020000,78.80000000,0.2009
1749267531,0.19010000,4444.70000000,0.2009
1749267531,0.19000000,29037.20000000,0.2009
1749267531,0.18990000,180.40000000,0.2009
1749267531,0.18980000,57.90000000,0.2009
1749267531,0.18950000,2880.60000000,0.2009
1749267531,0.18910000,1322.00000000,0.2009
1749267531,0.18900000,177.50000000,0.2009
1749267531,0.18890000,225.70000000,0.2009
1749267531,0.18880000,164.20000000,0.2009
1749267531,0.18860000,44.90000000,0.2009
1749267531,0.18850000,2201.50000000,0.2009
1749267531,0.18840000,28.80000000,0.2009
1749267531,0.18830000,443.40000000,0.2009
1749267531,0.18820000,134.60000000,0.2009
1749267531,0.18800000,651.00000000,0.2009
1749267531,0.18770000,591.80000000,0.2009
1749267531,0.18760000,164.70000000,0.2009
1749267531,0.18750000,54.00000000,0.2009
1749267531,0.18740000,62.00000000,0.2009
1749267531,0.18730000,28.80000000,0.2009
1749267531,0.18700000,1284.70000000,0.2009
1749267531,0.18690000,321.00000000,0.2009
1749267833,0.20110000,1379.60000000,0.2012
1749267833,0.20100000,32501.20000000,0.2012
1749267833,0.20090000,48015.10000000,0.2012
