timestamp,price,volume,current_price
1749258258,251.56000000,14.40400000,251.61
1749258258,251.55000000,16.93600000,251.61
1749258258,251.54000000,4.56300000,251.61
1749258258,251.53000000,3.45400000,251.61
1749258258,251.52000000,1.46800000,251.61
1749258258,251.51000000,3.03500000,251.61
1749258258,251.50000000,12.81300000,251.61
1749258258,251.49000000,19.70600000,251.61
1749258258,251.48000000,17.47800000,251.61
1749258258,251.47000000,14.81200000,251.61
1749258258,251.46000000,40.88200000,251.61
1749258258,251.45000000,68.89600000,251.61
1749258258,251.44000000,39.74800000,251.61
1749258258,251.43000000,51.75800000,251.61
1749258258,251.42000000,15.25100000,251.61
1749258258,251.41000000,25.72900000,251.61
1749258258,251.40000000,2.06900000,251.61
1749258258,251.39000000,4.20500000,251.61
1749258258,251.38000000,15.27800000,251.61
1749258258,251.37000000,16.44300000,251.61
1749258258,251.36000000,1.32300000,251.61
1749258258,251.35000000,85.64700000,251.61
1749258258,251.34000000,1.27500000,251.61
1749258258,251.33000000,17.88800000,251.61
1749258258,251.32000000,12.25900000,251.61
1749258258,251.31000000,23.10600000,251.61
1749258258,251.30000000,17.30200000,251.61
1749258258,251.29000000,17.71500000,251.61
1749258258,251.28000000,7.49500000,251.61
1749258258,251.27000000,16.49800000,251.61
1749258258,251.26000000,22.94600000,251.61
1749258258,251.25000000,12.42900000,251.61
1749258258,251.24000000,45.88400000,251.61
1749258258,251.23000000,17.41400000,251.61
1749258258,251.22000000,17.78300000,251.61
1749258258,251.21000000,25.47000000,251.61
1749258258,251.20000000,58.12300000,251.61
1749258258,251.19000000,39.96500000,251.61
1749258258,251.18000000,17.51900000,251.61
1749258258,251.17000000,37.05300000,251.61
1749258258,251.16000000,0.58500000,251.61
1749258258,251.15000000,4.16900000,251.61
1749258258,251.14000000,45.69700000,251.61
1749258258,251.13000000,15.23400000,251.61
1749258258,251.12000000,32.39800000,251.61
1749258258,251.11000000,87.11400000,251.61
1749258258,251.10000000,17.68700000,251.61
1749258258,251.09000000,74.69600000,251.61
1749258258,251.08000000,30.65700000,251.61
1749258258,251.07000000,4.17100000,251.61
1749258258,251.06000000,0.04000000,251.61
1749258258,251.05000000,6.25600000,251.61
1749258258,251.04000000,0.15900000,251.61
1749258258,251.03000000,4.17200000,251.61
1749258258,251.02000000,5.11700000,251.61
1749258258,251.01000000,11.59700000,251.61
1749258258,251.00000000,21.52700000,251.61
1749258258,250.99000000,6.11100000,251.61
1749258258,250.98000000,6.80600000,251.61
1749258258,250.97000000,27.53900000,251.61
1749258258,250.96000000,0.04000000,251.61
1749258258,250.95000000,0.45400000,251.61
1749258258,250.94000000,0.04000000,251.61
1749258258,250.93000000,8.27200000,251.61
1749258258,250.92000000,29.45200000,251.61
1749258258,250.91000000,3.43000000,251.61
1749258258,250.90000000,56.34700000,251.61
1749258258,250.89000000,1.01500000,251.61
1749258258,250.88000000,0.13800000,251.61
1749258258,250.87000000,10.01800000,251.61
1749258258,250.86000000,22.36400000,251.61
1749258258,250.85000000,12.67200000,251.61
1749258258,250.84000000,0.94100000,251.61
1749258258,250.83000000,4.12100000,251.61
1749258258,250.82000000,0.04000000,251.61
1749258258,250.81000000,0.04000000,251.61
1749258258,250.80000000,1.97200000,251.61
1749258258,250.77000000,0.97500000,251.61
1749258258,250.75000000,20.58000000,251.61
1749258258,250.74000000,16.90600000,251.61
1749258258,250.73000000,0.80000000,251.61
1749258258,250.72000000,1.04300000,251.61
1749258258,250.71000000,3.43500000,251.61
1749258258,250.69000000,1.85300000,251.61
1749258258,250.68000000,4.29800000,251.61
1749258258,250.67000000,122.88000000,251.61
1749258258,250.66000000,0.94500000,251.61
1749258258,250.65000000,0.03000000,251.61
1749258258,250.63000000,0.94500000,251.61
1749258258,250.60000000,14.11700000,251.61
1749258258,250.59000000,15.61600000,251.61
1749258258,250.58000000,12.34800000,251.61
1749258258,250.56000000,1.06500000,251.61
1749258258,250.55000000,4.94700000,251.61
1749258258,250.53000000,0.03000000,251.61
1749258258,250.52000000,0.94500000,251.61
1749258258,250.49000000,21.52400000,251.61
1749258258,250.48000000,9.96000000,251.61
1749258258,250.44000000,8.89100000,251.61
1749258258,250.42000000,4.11600000,251.61
1749258571,251.19000000,4.02400000,251.27
1749258571,251.18000000,2.93400000,251.27
1749258571,251.17000000,0.87700000,251.27
1749258571,251.16000000,3.53100000,251.27
1749258571,251.15000000,8.90200000,251.27
1749258571,251.14000000,1.81800000,251.27
1749258571,251.13000000,2.88900000,251.27
1749258571,251.12000000,1.91800000,251.27
1749258571,251.11000000,5.04000000,251.27
1749258571,251.10000000,5.50000000,251.27
1749258571,251.09000000,22.94900000,251.27
1749258571,251.08000000,18.55200000,251.27
1749258571,251.07000000,7.18700000,251.27
1749258571,251.06000000,1.80700000,251.27
1749258571,251.05000000,10.49600000,251.27
1749258571,251.04000000,40.95000000,251.27
1749258571,251.03000000,59.72500000,251.27
1749258571,251.02000000,81.21800000,251.27
1749258571,251.01000000,95.39200000,251.27
1749258571,251.00000000,54.21900000,251.27
1749258571,250.99000000,40.23400000,251.27
1749258571,250.98000000,10.68900000,251.27
1749258571,250.97000000,62.97300000,251.27
1749258571,250.96000000,22.58400000,251.27
1749258571,250.95000000,0.07000000,251.27
1749258571,250.94000000,10.69100000,251.27
1749258571,250.93000000,20.68500000,251.27
1749258571,250.92000000,25.29800000,251.27
1749258571,250.91000000,10.04000000,251.27
1749258571,250.90000000,11.82300000,251.27
1749258571,250.89000000,1.04500000,251.27
1749258571,250.88000000,20.61200000,251.27
1749258571,250.87000000,3.36800000,251.27
1749258571,250.86000000,25.68400000,251.27
1749258571,250.85000000,24.06500000,251.27
1749258571,250.84000000,12.45400000,251.27
1749258571,250.83000000,0.98500000,251.27
1749258571,250.82000000,31.98200000,251.27
1749258571,250.81000000,3.34600000,251.27
1749258571,250.80000000,25.21100000,251.27
1749258571,250.79000000,69.47500000,251.27
1749258571,250.78000000,19.76600000,251.27
1749258571,250.77000000,55.08900000,251.27
1749258571,250.76000000,36.36400000,251.27
1749258571,250.75000000,36.21100000,251.27
1749258571,250.74000000,36.39400000,251.27
1749258571,250.73000000,2.99000000,251.27
1749258571,250.72000000,68.03700000,251.27
1749258571,250.71000000,0.04000000,251.27
1749258571,250.70000000,12.57700000,251.27
1749258571,250.69000000,0.98500000,251.27
1749258571,250.68000000,8.49700000,251.27
1749258571,250.67000000,8.27200000,251.27
1749258571,250.66000000,19.46600000,251.27
1749258571,250.65000000,0.07000000,251.27
1749258571,250.64000000,7.65000000,251.27
1749258571,250.63000000,5.12200000,251.27
1749258571,250.62000000,0.06200000,251.27
1749258571,250.61000000,4.17800000,251.27
1749258571,250.60000000,21.63000000,251.27
1749258571,250.59000000,8.27200000,251.27
1749258571,250.58000000,17.65900000,251.27
1749258571,250.57000000,4.01500000,251.27
1749258571,250.56000000,5.14600000,251.27
1749258571,250.55000000,0.04000000,251.27
1749258571,250.54000000,118.01600000,251.27
1749258571,250.53000000,5.03700000,251.27
1749258571,250.52000000,56.68700000,251.27
1749258571,250.51000000,0.04000000,251.27
1749258571,250.50000000,0.04000000,251.27
1749258571,250.49000000,31.54200000,251.27
1749258571,250.48000000,8.27200000,251.27
1749258571,250.47000000,0.04000000,251.27
1749258571,250.46000000,0.04000000,251.27
1749258571,250.45000000,0.04000000,251.27
1749258571,250.44000000,0.98500000,251.27
1749258571,250.43000000,0.04000000,251.27
1749258571,250.42000000,4.11600000,251.27
1749258571,250.41000000,26.52000000,251.27
1749258571,250.40000000,8.25200000,251.27
1749258571,250.39000000,0.02200000,251.27
1749258571,250.38000000,13.32400000,251.27
1749258571,250.37000000,8.26200000,251.27
1749258571,250.36000000,0.03900000,251.27
1749258571,250.35000000,174.05500000,251.27
1749258571,250.33000000,0.88000000,251.27
1749258571,250.32000000,1.75600000,251.27
1749258571,250.30000000,0.91000000,251.27
1749258571,250.29000000,1.01000000,251.27
1749258571,250.28000000,4.14200000,251.27
1749258571,250.27000000,19.74500000,251.27
1749258571,250.26000000,12.57600000,251.27
1749258571,250.24000000,8.23200000,251.27
1749258571,250.23000000,0.94500000,251.27
1749258571,250.22000000,0.88900000,251.27
1749258571,250.20000000,5.83800000,251.27
1749258571,250.17000000,0.06800000,251.27
1749258571,250.16000000,234.99100000,251.27
1749258571,250.15000000,20.69000000,251.27
1749258571,250.14000000,0.94500000,251.27
1749258886,251.73000000,0.27200000,251.73
1749258886,251.71000000,0.28800000,251.73
1749258886,251.70000000,39.57500000,251.73
1749258886,251.69000000,0.07000000,251.73
1749258886,251.68000000,0.30000000,251.73
1749258886,251.67000000,18.75000000,251.73
1749258886,251.66000000,9.98600000,251.73
1749258886,251.65000000,3.57300000,251.73
1749258886,251.64000000,5.15400000,251.73
1749258886,251.63000000,6.14000000,251.73
1749258886,251.62000000,6.33500000,251.73
1749258886,251.61000000,6.24600000,251.73
1749258886,251.60000000,2.64200000,251.73
1749258886,251.59000000,10.87200000,251.73
1749258886,251.58000000,30.83900000,251.73
1749258886,251.57000000,41.72500000,251.73
1749258886,251.56000000,39.09400000,251.73
1749258886,251.55000000,9.46900000,251.73
1749258886,251.54000000,26.08300000,251.73
1749258886,251.53000000,2.27400000,251.73
1749258886,251.52000000,13.07700000,251.73
1749258886,251.51000000,34.22400000,251.73
1749258886,251.50000000,15.73900000,251.73
1749258886,251.49000000,16.84500000,251.73
1749258886,251.48000000,19.77500000,251.73
1749258886,251.47000000,26.09000000,251.73
1749258886,251.46000000,42.62400000,251.73
1749258886,251.45000000,23.56200000,251.73
1749258886,251.44000000,90.11500000,251.73
1749258886,251.43000000,79.73500000,251.73
1749258886,251.42000000,11.31600000,251.73
1749258886,251.41000000,0.04000000,251.73
1749258886,251.40000000,7.71500000,251.73
1749258886,251.39000000,14.30400000,251.73
1749258886,251.38000000,20.66800000,251.73
1749258886,251.37000000,30.15500000,251.73
1749258886,251.36000000,25.22100000,251.73
1749258886,251.35000000,26.50900000,251.73
1749258886,251.34000000,27.96500000,251.73
1749258886,251.33000000,28.79100000,251.73
1749258886,251.32000000,30.99900000,251.73
1749258886,251.31000000,17.36400000,251.73
1749258886,251.30000000,6.76900000,251.73
1749258886,251.29000000,21.80800000,251.73
1749258886,251.28000000,2.99500000,251.73
1749258886,251.27000000,25.59300000,251.73
1749258886,251.26000000,60.96500000,251.73
1749258886,251.25000000,4.19700000,251.73
1749258886,251.24000000,23.21200000,251.73
1749258886,251.23000000,11.11100000,251.73
1749258886,251.22000000,42.18000000,251.73
1749258886,251.21000000,16.48300000,251.73
1749258886,251.20000000,5.35300000,251.73
1749258886,251.19000000,12.40100000,251.73
1749258886,251.18000000,5.21200000,251.73
1749258886,251.17000000,0.04000000,251.73
1749258886,251.16000000,4.71400000,251.73
1749258886,251.15000000,26.62400000,251.73
1749258886,251.14000000,45.18500000,251.73
1749258886,251.13000000,27.60100000,251.73
1749258886,251.12000000,20.31200000,251.73
1749258886,251.11000000,46.14000000,251.73
1749258886,251.10000000,5.93700000,251.73
1749258886,251.09000000,4.17000000,251.73
1749258886,251.08000000,0.04000000,251.73
1749258886,251.07000000,0.04000000,251.73
1749258886,251.06000000,55.63000000,251.73
1749258886,251.05000000,4.15600000,251.73
1749258886,251.04000000,0.06200000,251.73
1749258886,251.03000000,0.98500000,251.73
1749258886,251.02000000,0.56300000,251.73
1749258886,251.01000000,128.40000000,251.73
1749258886,251.00000000,7.43800000,251.73
1749258886,250.99000000,0.84000000,251.73
1749258886,250.98000000,8.27200000,251.73
1749258886,250.97000000,15.17500000,251.73
1749258886,250.93000000,8.23200000,251.73
1749258886,250.92000000,27.66500000,251.73
1749258886,250.90000000,3.30300000,251.73
1749258886,250.89000000,1.87600000,251.73
1749258886,250.87000000,18.21000000,251.73
1749258886,250.86000000,13.29200000,251.73
1749258886,250.85000000,8.23200000,251.73
1749258886,250.83000000,17.43600000,251.73
1749258886,250.82000000,3.06200000,251.73
1749258886,250.80000000,1.12000000,251.73
1749258886,250.78000000,114.42900000,251.73
1749258886,250.77000000,8.35100000,251.73
1749258886,250.75000000,20.58000000,251.73
1749258886,250.74000000,12.34700000,251.73
1749258886,250.73000000,1.72900000,251.73
1749258886,250.72000000,0.87800000,251.73
1749258886,250.70000000,0.90900000,251.73
1749258886,250.69000000,0.94500000,251.73
1749258886,250.68000000,4.29800000,251.73
1749258886,250.67000000,9.12000000,251.73
1749258886,250.66000000,0.94500000,251.73
1749258886,250.65000000,0.03000000,251.73
1749258886,250.63000000,0.94500000,251.73
1749258886,250.62000000,167.71700000,251.73
1749259187,251.25000000,5.55300000,251.25
1749259187,251.24000000,2.90200000,251.25
1749259187,251.23000000,5.06800000,251.25
1749259187,251.22000000,12.46800000,251.25
1749259187,251.21000000,5.57000000,251.25
1749259187,251.20000000,3.76800000,251.25
1749259187,251.19000000,1.01500000,251.25
1749259187,251.18000000,1.38500000,251.25
1749259187,251.17000000,34.06100000,251.25
1749259187,251.16000000,28.04100000,251.25
1749259187,251.15000000,4.99400000,251.25
1749259187,251.14000000,7.63600000,251.25
1749259187,251.13000000,2.14300000,251.25
1749259187,251.12000000,8.68300000,251.25
1749259187,251.11000000,15.90200000,251.25
1749259187,251.10000000,40.85000000,251.25
1749259187,251.09000000,67.69200000,251.25
1749259187,251.08000000,28.75300000,251.25
1749259187,251.07000000,39.81500000,251.25
1749259187,251.06000000,103.86800000,251.25
1749259187,251.05000000,9.03300000,251.25
1749259187,251.04000000,7.57900000,251.25
1749259187,251.03000000,13.76400000,251.25
1749259187,251.02000000,6.50300000,251.25
1749259187,251.01000000,7.73500000,251.25
1749259187,251.00000000,13.28800000,251.25
1749259187,250.99000000,1.62800000,251.25
1749259187,250.98000000,39.51100000,251.25
1749259187,250.97000000,7.48100000,251.25
1749259187,250.96000000,38.13800000,251.25
1749259187,250.95000000,17.23200000,251.25
1749259187,250.94000000,10.55500000,251.25
1749259187,250.93000000,27.75000000,251.25
1749259187,250.92000000,28.32000000,251.25
1749259187,250.91000000,20.22600000,251.25
1749259187,250.90000000,36.45500000,251.25
1749259187,250.89000000,14.78000000,251.25
1749259187,250.88000000,22.26800000,251.25
1749259187,250.87000000,34.21100000,251.25
1749259187,250.86000000,13.09100000,251.25
1749259187,250.85000000,30.71200000,251.25
1749259187,250.84000000,19.20600000,251.25
1749259187,250.83000000,20.23700000,251.25
1749259187,250.82000000,53.21500000,251.25
1749259187,250.81000000,8.15400000,251.25
1749259187,250.80000000,24.25100000,251.25
1749259187,250.79000000,15.77600000,251.25
1749259187,250.78000000,5.31600000,251.25
1749259187,250.77000000,13.86300000,251.25
1749259187,250.76000000,4.17600000,251.25
1749259187,250.75000000,3.17900000,251.25
1749259187,250.74000000,14.35300000,251.25
1749259187,250.73000000,17.86900000,251.25
1749259187,250.72000000,16.46800000,251.25
1749259187,250.71000000,43.90800000,251.25
1749259187,250.70000000,67.89200000,251.25
1749259187,250.69000000,5.92200000,251.25
1749259187,250.68000000,33.93400000,251.25
1749259187,250.67000000,116.41600000,251.25
1749259187,250.66000000,15.38800000,251.25
1749259187,250.65000000,2.01700000,251.25
1749259187,250.64000000,60.98900000,251.25
1749259187,250.63000000,0.98500000,251.25
1749259187,250.62000000,4.17800000,251.25
1749259187,250.61000000,4.48000000,251.25
1749259187,250.60000000,24.54200000,251.25
1749259187,250.59000000,12.41000000,251.25
1749259187,250.58000000,12.38800000,251.25
1749259187,250.57000000,0.04000000,251.25
1749259187,250.56000000,172.93500000,251.25
1749259187,250.55000000,6.21400000,251.25
1749259187,250.54000000,3.12300000,251.25
1749259187,250.53000000,0.07000000,251.25
1749259187,250.52000000,0.98500000,251.25
1749259187,250.51000000,0.04000000,251.25
1749259187,250.50000000,0.04000000,251.25
1749259187,250.49000000,31.54200000,251.25
1749259187,250.48000000,8.23200000,251.25
1749259187,250.47000000,0.80000000,251.25
1749259187,250.44000000,0.94500000,251.25
1749259187,250.42000000,4.21500000,251.25
1749259187,250.41000000,25.46900000,251.25
1749259187,250.40000000,8.25200000,251.25
1749259187,250.39000000,0.02200000,251.25
1749259187,250.38000000,13.32400000,251.25
1749259187,250.37000000,8.26200000,251.25
1749259187,250.36000000,0.03900000,251.25
1749259187,250.35000000,3.92900000,251.25
1749259187,250.34000000,2.22600000,251.25
1749259187,250.32000000,1.75600000,251.25
1749259187,250.29000000,1.92000000,251.25
1749259187,250.28000000,4.14200000,251.25
1749259187,250.27000000,12.34700000,251.25
1749259187,250.26000000,12.57600000,251.25
1749259187,250.24000000,8.23200000,251.25
1749259187,250.23000000,0.94500000,251.25
1749259187,250.21000000,0.80000000,251.25
1749259187,250.20000000,0.94500000,251.25
1749259187,250.17000000,231.57200000,251.25
1749259187,250.15000000,20.69000000,251.25
