timestamp,price,volume,current_price
1749260681,249.83000000,1.19200000,249.84
1749260681,249.82000000,1.50400000,249.84
1749260681,249.81000000,0.27100000,249.84
1749260681,249.80000000,6.93700000,249.84
1749260681,249.79000000,1.31000000,249.84
1749260681,249.78000000,0.78100000,249.84
1749260681,249.77000000,2.31700000,249.84
1749260681,249.76000000,2.64400000,249.84
1749260681,249.75000000,2.09800000,249.84
1749260681,249.74000000,13.05100000,249.84
1749260681,249.73000000,26.69200000,249.84
1749260681,249.72000000,33.12900000,249.84
1749260681,249.71000000,13.47000000,249.84
1749260681,249.70000000,8.25000000,249.84
1749260681,249.69000000,1.95200000,249.84
1749260681,249.68000000,22.71900000,249.84
1749260681,249.67000000,41.85900000,249.84
1749260681,249.66000000,14.30400000,249.84
1749260681,249.65000000,24.77700000,249.84
1749260681,249.64000000,11.96100000,249.84
1749260681,249.63000000,13.09300000,249.84
1749260681,249.62000000,9.28800000,249.84
1749260681,249.61000000,4.66700000,249.84
1749260681,249.60000000,20.74600000,249.84
1749260681,249.59000000,18.03200000,249.84
1749260681,249.58000000,21.31300000,249.84
1749260681,249.57000000,39.07800000,249.84
1749260681,249.56000000,63.57100000,249.84
1749260681,249.55000000,83.16100000,249.84
1749260681,249.54000000,13.93200000,249.84
1749260681,249.53000000,11.72300000,249.84
1749260681,249.52000000,0.98600000,249.84
1749260681,249.51000000,12.84600000,249.84
1749260681,249.50000000,7.10200000,249.84
1749260681,249.49000000,0.98600000,249.84
1749260681,249.48000000,29.32800000,249.84
1749260681,249.47000000,61.90600000,249.84
1749260681,249.46000000,57.69400000,249.84
1749260681,249.45000000,44.36900000,249.84
1749260681,249.44000000,2.21900000,249.84
1749260681,249.43000000,37.59400000,249.84
1749260681,249.42000000,1.76300000,249.84
1749260681,249.41000000,25.81100000,249.84
1749260681,249.40000000,17.47700000,249.84
1749260681,249.39000000,17.80600000,249.84
1749260681,249.38000000,15.53700000,249.84
1749260681,249.37000000,74.16100000,249.84
1749260681,249.36000000,9.24100000,249.84
1749260681,249.35000000,4.21000000,249.84
1749260681,249.34000000,0.56400000,249.84
1749260681,249.33000000,19.55300000,249.84
1749260681,249.32000000,15.60800000,249.84
1749260681,249.31000000,6.09100000,249.84
1749260681,249.30000000,8.69300000,249.84
1749260681,249.29000000,101.16200000,249.84
1749260681,249.28000000,17.45800000,249.84
1749260681,249.27000000,26.30600000,249.84
1749260681,249.26000000,4.25600000,249.84
1749260681,249.25000000,16.40800000,249.84
1749260681,249.24000000,5.16900000,249.84
1749260681,249.23000000,13.63200000,249.84
1749260681,249.22000000,11.35700000,249.84
1749260681,249.21000000,1.01700000,249.84
1749260681,249.20000000,30.05500000,249.84
1749260681,249.19000000,4.23800000,249.84
1749260681,249.18000000,1.03500000,249.84
1749260681,249.17000000,26.12600000,249.84
1749260681,249.16000000,16.58300000,249.84
1749260681,249.15000000,1.01300000,249.84
1749260681,249.14000000,0.10700000,249.84
1749260681,249.13000000,0.04100000,249.84
1749260681,249.12000000,66.94000000,249.84
1749260681,249.11000000,4.27300000,249.84
1749260681,249.10000000,0.07300000,249.84
1749260681,249.09000000,1.09000000,249.84
1749260681,249.08000000,1.33700000,249.84
1749260681,249.07000000,0.04100000,249.84
1749260681,249.06000000,21.83000000,249.84
1749260681,249.05000000,0.11800000,249.84
1749260681,249.04000000,9.14000000,249.84
1749260681,249.03000000,0.94500000,249.84
1749260681,249.00000000,150.75800000,249.84
1749260681,248.99000000,9.97800000,249.84
1749260681,248.98000000,0.88500000,249.84
1749260681,248.97000000,0.97600000,249.84
1749260681,248.96000000,20.58000000,249.84
1749260681,248.95000000,15.78600000,249.84
1749260681,248.94000000,0.94500000,249.84
1749260681,248.92000000,176.63200000,249.84
1749260681,248.91000000,0.94500000,249.84
1749260681,248.90000000,0.13900000,249.84
1749260681,248.88000000,9.99400000,249.84
1749260681,248.86000000,8.23200000,249.84
1749260681,248.85000000,0.97600000,249.84
1749260681,248.84000000,14.09000000,249.84
1749260681,248.82000000,4.65500000,249.84
1749260681,248.81000000,0.02200000,249.84
1749260681,248.80000000,4.19500000,249.84
1749260681,248.79000000,0.97000000,249.84
1749260681,248.77000000,0.03800000,249.84
1749260999,250.17000000,5.63400000,250.18
1749260999,250.16000000,10.31300000,250.18
1749260999,250.15000000,2.50700000,250.18
1749260999,250.14000000,3.19700000,250.18
1749260999,250.13000000,4.74400000,250.18
1749260999,250.12000000,24.03000000,250.18
1749260999,250.11000000,34.54400000,250.18
1749260999,250.10000000,11.35700000,250.18
1749260999,250.09000000,18.01400000,250.18
1749260999,250.08000000,29.11900000,250.18
1749260999,250.07000000,17.88600000,250.18
1749260999,250.06000000,1.74900000,250.18
1749260999,250.05000000,7.33400000,250.18
1749260999,250.04000000,12.83600000,250.18
1749260999,250.03000000,20.56200000,250.18
1749260999,250.02000000,15.32800000,250.18
1749260999,250.01000000,22.10600000,250.18
1749260999,250.00000000,25.32800000,250.18
1749260999,249.99000000,26.09200000,250.18
1749260999,249.98000000,44.36500000,250.18
1749260999,249.97000000,6.68300000,250.18
1749260999,249.96000000,12.46500000,250.18
1749260999,249.95000000,25.02200000,250.18
1749260999,249.94000000,36.98700000,250.18
1749260999,249.93000000,71.73900000,250.18
1749260999,249.92000000,108.70400000,250.18
1749260999,249.91000000,11.47200000,250.18
1749260999,249.90000000,7.98100000,250.18
1749260999,249.89000000,17.82300000,250.18
1749260999,249.88000000,60.08200000,250.18
1749260999,249.87000000,41.48300000,250.18
1749260999,249.86000000,12.47000000,250.18
1749260999,249.85000000,10.52700000,250.18
1749260999,249.84000000,1.00900000,250.18
1749260999,249.83000000,10.52800000,250.18
1749260999,249.82000000,16.75100000,250.18
1749260999,249.81000000,11.47400000,250.18
1749260999,249.80000000,21.01800000,250.18
1749260999,249.79000000,16.55100000,250.18
1749260999,249.78000000,11.82400000,250.18
1749260999,249.77000000,27.58200000,250.18
1749260999,249.76000000,6.90100000,250.18
1749260999,249.75000000,0.65700000,250.18
1749260999,249.74000000,16.27000000,250.18
1749260999,249.73000000,0.98600000,250.18
1749260999,249.72000000,7.00900000,250.18
1749260999,249.71000000,35.45800000,250.18
1749260999,249.70000000,33.07900000,250.18
1749260999,249.69000000,13.36500000,250.18
1749260999,249.68000000,7.23700000,250.18
1749260999,249.67000000,66.59300000,250.18
1749260999,249.66000000,28.12200000,250.18
1749260999,249.65000000,22.11300000,250.18
1749260999,249.64000000,17.61200000,250.18
1749260999,249.63000000,9.20100000,250.18
1749260999,249.62000000,67.87500000,250.18
1749260999,249.61000000,0.04100000,250.18
1749260999,249.60000000,5.22800000,250.18
1749260999,249.59000000,5.00500000,250.18
1749260999,249.58000000,8.19100000,250.18
1749260999,249.57000000,20.65100000,250.18
1749260999,249.56000000,4.19700000,250.18
1749260999,249.55000000,9.21800000,250.18
1749260999,249.54000000,4.22000000,250.18
1749260999,249.53000000,4.19700000,250.18
1749260999,249.52000000,0.98600000,250.18
1749260999,249.51000000,9.40600000,250.18
1749260999,249.50000000,2.04300000,250.18
1749260999,249.49000000,5.19900000,250.18
1749260999,249.48000000,0.06400000,250.18
1749260999,249.47000000,76.54700000,250.18
1749260999,249.46000000,0.95400000,250.18
1749260999,249.45000000,17.06500000,250.18
1749260999,249.44000000,0.37300000,250.18
1749260999,249.43000000,0.04100000,250.18
1749260999,249.42000000,0.04100000,250.18
1749260999,249.41000000,3.49400000,250.18
1749260999,249.40000000,0.96600000,250.18
1749260999,249.39000000,24.95000000,250.18
1749260999,249.37000000,30.61900000,250.18
1749260999,249.36000000,122.77200000,250.18
1749260999,249.33000000,0.97600000,250.18
1749260999,249.30000000,1.74500000,250.18
1749260999,249.28000000,12.38300000,250.18
1749260999,249.27000000,22.26500000,250.18
1749260999,249.26000000,172.61700000,250.18
1749260999,249.24000000,0.94500000,250.18
1749260999,249.23000000,13.59100000,250.18
1749260999,249.22000000,6.28300000,250.18
1749260999,249.21000000,0.97600000,250.18
1749260999,249.20000000,11.63800000,250.18
1749260999,249.19000000,0.03600000,250.18
1749260999,249.18000000,0.97100000,250.18
1749260999,249.17000000,8.23200000,250.18
1749260999,249.16000000,12.38100000,250.18
1749260999,249.15000000,0.97200000,250.18
1749260999,249.14000000,0.05200000,250.18
1749260999,249.12000000,10.90400000,250.18
1749260999,249.11000000,7.39700000,250.18
1749260999,249.10000000,1.81300000,250.18
1749261301,249.73000000,2.68900000,249.71
1749261301,249.72000000,1.86700000,249.71
1749261301,249.71000000,2.69500000,249.71
1749261301,249.70000000,2.30400000,249.71
1749261301,249.69000000,4.50200000,249.71
1749261301,249.68000000,17.22100000,249.71
1749261301,249.67000000,25.11400000,249.71
1749261301,249.66000000,5.89300000,249.71
1749261301,249.65000000,13.09000000,249.71
1749261301,249.64000000,0.06400000,249.71
1749261301,249.63000000,6.78500000,249.71
1749261301,249.62000000,12.99100000,249.71
1749261301,249.61000000,4.67700000,249.71
1749261301,249.60000000,4.24000000,249.71
1749261301,249.59000000,9.23100000,249.71
1749261301,249.58000000,38.03600000,249.71
1749261301,249.57000000,32.44400000,249.71
1749261301,249.56000000,58.51900000,249.71
1749261301,249.55000000,70.28200000,249.71
1749261301,249.54000000,183.07900000,249.71
1749261301,249.53000000,52.57600000,249.71
1749261301,249.52000000,17.53200000,249.71
1749261301,249.51000000,9.60600000,249.71
1749261301,249.50000000,28.50800000,249.71
1749261301,249.49000000,4.23700000,249.71
1749261301,249.48000000,37.76400000,249.71
1749261301,249.47000000,31.60900000,249.71
1749261301,249.46000000,11.12600000,249.71
1749261301,249.45000000,30.62500000,249.71
1749261301,249.44000000,23.98500000,249.71
1749261301,249.43000000,6.23600000,249.71
1749261301,249.42000000,12.89000000,249.71
1749261301,249.41000000,9.59000000,249.71
1749261301,249.40000000,5.16600000,249.71
1749261301,249.39000000,0.06600000,249.71
1749261301,249.38000000,4.20000000,249.71
1749261301,249.37000000,27.73900000,249.71
1749261301,249.36000000,15.76600000,249.71
1749261301,249.35000000,5.07300000,249.71
1749261301,249.34000000,0.04100000,249.71
1749261301,249.33000000,38.75300000,249.71
1749261301,249.32000000,14.02200000,249.71
1749261301,249.31000000,11.53400000,249.71
1749261301,249.30000000,36.43400000,249.71
1749261301,249.29000000,32.89000000,249.71
1749261301,249.28000000,27.18800000,249.71
1749261301,249.27000000,68.44100000,249.71
1749261301,249.26000000,100.68400000,249.71
1749261301,249.25000000,18.09200000,249.71
1749261301,249.24000000,17.55400000,249.71
1749261301,249.23000000,16.04100000,249.71
1749261301,249.22000000,16.24300000,249.71
1749261301,249.21000000,13.50300000,249.71
1749261301,249.20000000,8.34200000,249.71
1749261301,249.19000000,4.23800000,249.71
1749261301,249.18000000,5.19700000,249.71
1749261301,249.17000000,12.43500000,249.71
1749261301,249.16000000,16.12600000,249.71
1749261301,249.15000000,5.50600000,249.71
1749261301,249.14000000,0.09300000,249.71
1749261301,249.13000000,116.89300000,249.71
1749261301,249.12000000,11.81800000,249.71
1749261301,249.11000000,19.04200000,249.71
1749261301,249.10000000,0.07300000,249.71
1749261301,249.09000000,5.25300000,249.71
1749261301,249.08000000,2.25200000,249.71
1749261301,249.07000000,60.20200000,249.71
1749261301,249.06000000,22.76500000,249.71
1749261301,249.05000000,0.49400000,249.71
1749261301,249.04000000,180.83700000,249.71
1749261301,249.03000000,0.98600000,249.71
1749261301,249.02000000,0.04100000,249.71
1749261301,249.01000000,0.04100000,249.71
1749261301,249.00000000,36.60400000,249.71
1749261301,248.99000000,10.01900000,249.71
1749261301,248.98000000,0.04100000,249.71
1749261301,248.97000000,1.01700000,249.71
1749261301,248.96000000,20.58000000,249.71
1749261301,248.95000000,12.36900000,249.71
1749261301,248.94000000,0.94500000,249.71
1749261301,248.93000000,0.88500000,249.71
1749261301,248.91000000,0.94500000,249.71
1749261301,248.90000000,0.13900000,249.71
1749261301,248.88000000,1.76200000,249.71
1749261301,248.86000000,11.56200000,249.71
1749261301,248.85000000,227.34000000,249.71
1749261301,248.84000000,12.34700000,249.71
1749261301,248.82000000,4.15100000,249.71
1749261301,248.81000000,8.25400000,249.71
1749261301,248.80000000,4.19500000,249.71
1749261301,248.79000000,0.97000000,249.71
1749261301,248.77000000,0.03800000,249.71
1749261301,248.76000000,1.93400000,249.71
1749261301,248.75000000,8.23200000,249.71
1749261301,248.74000000,12.34700000,249.71
1749261301,248.73000000,0.97600000,249.71
1749261301,248.70000000,0.94500000,249.71
1749261301,248.67000000,5.82400000,249.71
1749261301,248.66000000,8.25500000,249.71
1749261301,248.64000000,26.55300000,249.71
1749261602,249.70000000,5.50800000,249.66
1749261602,249.68000000,0.06400000,249.66
1749261602,249.67000000,0.72600000,249.66
1749261602,249.66000000,0.72700000,249.66
1749261602,249.65000000,3.50200000,249.66
1749261602,249.64000000,0.72700000,249.66
1749261602,249.63000000,4.72500000,249.66
1749261602,249.62000000,10.75400000,249.66
1749261602,249.61000000,12.61500000,249.66
1749261602,249.60000000,4.24000000,249.66
1749261602,249.59000000,1.01700000,249.66
1749261602,249.58000000,7.48300000,249.66
1749261602,249.57000000,18.45300000,249.66
1749261602,249.56000000,55.60100000,249.66
1749261602,249.55000000,67.79000000,249.66
1749261602,249.54000000,28.32000000,249.66
1749261602,249.53000000,6.85100000,249.66
1749261602,249.52000000,11.66100000,249.66
1749261602,249.51000000,20.93000000,249.66
1749261602,249.50000000,62.48100000,249.66
1749261602,249.49000000,8.00000000,249.66
1749261602,249.48000000,14.02800000,249.66
1749261602,249.47000000,34.79100000,249.66
1749261602,249.46000000,19.73600000,249.66
1749261602,249.45000000,20.30600000,249.66
1749261602,249.44000000,14.35700000,249.66
1749261602,249.43000000,12.93300000,249.66
1749261602,249.42000000,17.98600000,249.66
1749261602,249.41000000,12.93300000,249.66
1749261602,249.40000000,5.16600000,249.66
1749261602,249.39000000,6.46100000,249.66
1749261602,249.38000000,11.99600000,249.66
1749261602,249.37000000,36.07900000,249.66
1749261602,249.36000000,31.86900000,249.66
1749261602,249.35000000,5.97800000,249.66
1749261602,249.34000000,31.52600000,249.66
1749261602,249.33000000,48.15200000,249.66
1749261602,249.32000000,31.15300000,249.66
1749261602,249.31000000,29.04800000,249.66
1749261602,249.30000000,26.66300000,249.66
1749261602,249.29000000,31.37200000,249.66
1749261602,249.28000000,26.53600000,249.66
1749261602,249.27000000,66.34300000,249.66
1749261602,249.26000000,55.51200000,249.66
1749261602,249.25000000,4.20100000,249.66
1749261602,249.24000000,15.67200000,249.66
1749261602,249.23000000,4.20100000,249.66
1749261602,249.22000000,0.09100000,249.66
1749261602,249.21000000,18.96900000,249.66
1749261602,249.20000000,8.34200000,249.66
1749261602,249.19000000,66.85200000,249.66
1749261602,249.18000000,135.10500000,249.66
1749261602,249.17000000,12.10800000,249.66
1749261602,249.16000000,19.63600000,249.66
1749261602,249.15000000,4.52900000,249.66
1749261602,249.14000000,1.07300000,249.66
1749261602,249.13000000,4.20400000,249.66
1749261602,249.12000000,14.34700000,249.66
1749261602,249.11000000,12.04000000,249.66
1749261602,249.10000000,4.23600000,249.66
1749261602,249.09000000,1.09000000,249.66
1749261602,249.08000000,3.88700000,249.66
1749261602,249.07000000,56.06100000,249.66
1749261602,249.06000000,22.76500000,249.66
1749261602,249.05000000,0.15900000,249.66
1749261602,249.04000000,180.83700000,249.66
1749261602,249.03000000,0.98600000,249.66
1749261602,249.02000000,0.04100000,249.66
1749261602,249.01000000,0.04100000,249.66
1749261602,249.00000000,36.60300000,249.66
1749261602,248.99000000,10.01900000,249.66
1749261602,248.98000000,0.04100000,249.66
1749261602,248.97000000,1.01700000,249.66
1749261602,248.96000000,20.62100000,249.66
1749261602,248.95000000,12.41000000,249.66
1749261602,248.94000000,0.98600000,249.66
1749261602,248.93000000,0.88500000,249.66
1749261602,248.91000000,0.94500000,249.66
1749261602,248.90000000,0.13900000,249.66
1749261602,248.88000000,1.76200000,249.66
1749261602,248.86000000,11.56200000,249.66
1749261602,248.85000000,227.67300000,249.66
1749261602,248.84000000,12.34700000,249.66
1749261602,248.82000000,2.68600000,249.66
1749261602,248.81000000,8.25400000,249.66
1749261602,248.80000000,4.19500000,249.66
1749261602,248.79000000,0.97000000,249.66
1749261602,248.78000000,3.46200000,249.66
1749261602,248.77000000,0.03800000,249.66
1749261602,248.76000000,1.93400000,249.66
1749261602,248.75000000,8.23200000,249.66
1749261602,248.74000000,12.34700000,249.66
1749261602,248.73000000,0.97600000,249.66
1749261602,248.70000000,0.94500000,249.66
1749261602,248.68000000,7.46700000,249.66
1749261602,248.67000000,5.06100000,249.66
1749261602,248.66000000,8.25500000,249.66
1749261602,248.65000000,0.76200000,249.66
1749261602,248.64000000,26.55300000,249.66
1749261602,248.63000000,1.20000000,249.66
1749261909,249.47000000,1.30500000,249.5
1749261909,249.46000000,1.30500000,249.5
1749261909,249.45000000,0.27900000,249.5
1749261909,249.44000000,2.11400000,249.5
1749261909,249.43000000,1.83600000,249.5
1749261909,249.42000000,3.01900000,249.5
1749261909,249.41000000,7.65400000,249.5
1749261909,249.40000000,0.74500000,249.5
1749261909,249.39000000,34.48000000,249.5
1749261909,249.38000000,1.00900000,249.5
1749261909,249.37000000,4.26300000,249.5
1749261909,249.36000000,7.14600000,249.5
1749261909,249.35000000,10.59500000,249.5
1749261909,249.34000000,0.06400000,249.5
1749261909,249.33000000,5.21700000,249.5
1749261909,249.32000000,17.15400000,249.5
1749261909,249.31000000,63.46500000,249.5
1749261909,249.30000000,7.69600000,249.5
1749261909,249.29000000,12.74800000,249.5
1749261909,249.28000000,40.18400000,249.5
1749261909,249.27000000,37.93100000,249.5
1749261909,249.26000000,55.99500000,249.5
1749261909,249.25000000,95.57600000,249.5
1749261909,249.24000000,29.03700000,249.5
1749261909,249.23000000,31.40300000,249.5
1749261909,249.22000000,15.38300000,249.5
1749261909,249.21000000,26.66500000,249.5
1749261909,249.20000000,27.20900000,249.5
1749261909,249.19000000,17.77100000,249.5
1749261909,249.18000000,26.93400000,249.5
1749261909,249.17000000,32.67100000,249.5
1749261909,249.16000000,31.05000000,249.5
1749261909,249.15000000,22.18200000,249.5
1749261909,249.14000000,13.12700000,249.5
1749261909,249.13000000,10.20000000,249.5
1749261909,249.12000000,20.39100000,249.5
1749261909,249.11000000,14.30700000,249.5
1749261909,249.10000000,25.63900000,249.5
1749261909,249.09000000,15.37500000,249.5
1749261909,249.08000000,16.91300000,249.5
1749261909,249.07000000,11.57400000,249.5
1749261909,249.06000000,25.49500000,249.5
1749261909,249.05000000,4.24300000,249.5
1749261909,249.04000000,25.12800000,249.5
1749261909,249.03000000,22.76200000,249.5
1749261909,249.02000000,35.09300000,249.5
1749261909,249.01000000,31.73800000,249.5
1749261909,249.00000000,17.24300000,249.5
1749261909,248.99000000,38.49900000,249.5
1749261909,248.98000000,33.18800000,249.5
1749261909,248.97000000,35.14000000,249.5
1749261909,248.96000000,79.23900000,249.5
1749261909,248.95000000,31.06500000,249.5
1749261909,248.94000000,29.99100000,249.5
1749261909,248.93000000,66.03100000,249.5
1749261909,248.92000000,112.73000000,249.5
1749261909,248.91000000,6.92900000,249.5
1749261909,248.90000000,4.34700000,249.5
1749261909,248.89000000,2.74300000,249.5
1749261909,248.88000000,5.97000000,249.5
1749261909,248.87000000,0.04100000,249.5
1749261909,248.86000000,12.44000000,249.5
1749261909,248.85000000,1.34900000,249.5
1749261909,248.84000000,16.55500000,249.5
1749261909,248.83000000,4.90200000,249.5
1749261909,248.82000000,5.15300000,249.5
1749261909,248.81000000,64.37000000,249.5
1749261909,248.80000000,4.23600000,249.5
1749261909,248.79000000,1.01100000,249.5
1749261909,248.78000000,4.30300000,249.5
1749261909,248.77000000,0.07900000,249.5
1749261909,248.76000000,1.97500000,249.5
1749261909,248.75000000,8.27300000,249.5
1749261909,248.74000000,12.38800000,249.5
1749261909,248.73000000,1.01700000,249.5
1749261909,248.72000000,0.04100000,249.5
1749261909,248.71000000,173.52100000,249.5
1749261909,248.70000000,1.27600000,249.5
1749261909,248.69000000,0.90900000,249.5
1749261909,248.67000000,5.06100000,249.5
1749261909,248.66000000,8.25500000,249.5
1749261909,248.65000000,0.80000000,249.5
1749261909,248.64000000,21.56800000,249.5
1749261909,248.63000000,1.20000000,249.5
1749261909,248.62000000,10.65000000,249.5
1749261909,248.61000000,1.02100000,249.5
1749261909,248.60000000,0.02100000,249.5
1749261909,248.58000000,1.84000000,249.5
1749261909,248.57000000,226.36400000,249.5
1749261909,248.56000000,1.76700000,249.5
1749261909,248.55000000,6.70800000,249.5
1749261909,248.54000000,8.23200000,249.5
1749261909,248.53000000,12.34700000,249.5
1749261909,248.52000000,1.74500000,249.5
1749261909,248.51000000,11.94600000,249.5
1749261909,248.50000000,1.04000000,249.5
1749261909,248.49000000,0.97600000,249.5
1749261909,248.47000000,3.24100000,249.5
1749261909,248.46000000,0.94500000,249.5
1749261909,248.45000000,7.47700000,249.5
1749262210,249.45000000,20.10900000,249.44
1749262210,249.44000000,10.82100000,249.44
1749262210,249.43000000,5.31100000,249.44
1749262210,249.42000000,4.76600000,249.44
1749262210,249.41000000,2.46300000,249.44
1749262210,249.40000000,3.25000000,249.44
1749262210,249.39000000,1.56900000,249.44
1749262210,249.38000000,17.92300000,249.44
1749262210,249.37000000,48.81700000,249.44
1749262210,249.36000000,50.28500000,249.44
1749262210,249.35000000,18.29700000,249.44
1749262210,249.34000000,11.88600000,249.44
1749262210,249.33000000,3.59000000,249.44
1749262210,249.32000000,30.07900000,249.44
1749262210,249.31000000,33.69500000,249.44
1749262210,249.30000000,45.84200000,249.44
1749262210,249.29000000,67.48900000,249.44
1749262210,249.28000000,17.25200000,249.44
1749262210,249.27000000,16.74700000,249.44
1749262210,249.26000000,11.54600000,249.44
1749262210,249.25000000,10.16100000,249.44
1749262210,249.24000000,16.37700000,249.44
1749262210,249.23000000,32.30400000,249.44
1749262210,249.22000000,4.40400000,249.44
1749262210,249.21000000,11.72000000,249.44
1749262210,249.20000000,11.57200000,249.44
1749262210,249.19000000,14.37300000,249.44
1749262210,249.18000000,17.44000000,249.44
1749262210,249.17000000,42.87500000,249.44
1749262210,249.16000000,47.06100000,249.44
1749262210,249.15000000,228.03500000,249.44
1749262210,249.14000000,48.99800000,249.44
1749262210,249.13000000,13.74900000,249.44
1749262210,249.12000000,12.69100000,249.44
1749262210,249.11000000,12.38600000,249.44
1749262210,249.10000000,12.82100000,249.44
1749262210,249.09000000,11.33500000,249.44
1749262210,249.08000000,13.18600000,249.44
1749262210,249.07000000,18.51900000,249.44
1749262210,249.06000000,29.42400000,249.44
1749262210,249.05000000,7.25800000,249.44
1749262210,249.04000000,10.16000000,249.44
1749262210,249.03000000,21.93200000,249.44
1749262210,249.02000000,4.20500000,249.44
1749262210,249.01000000,1.96500000,249.44
1749262210,249.00000000,17.24500000,249.44
1749262210,248.99000000,24.00900000,249.44
1749262210,248.98000000,5.09500000,249.44
1749262210,248.97000000,10.04000000,249.44
1749262210,248.96000000,20.62100000,249.44
1749262210,248.95000000,29.87100000,249.44
1749262210,248.94000000,14.80000000,249.44
1749262210,248.93000000,8.54600000,249.44
1749262210,248.92000000,4.20700000,249.44
1749262210,248.91000000,2.67500000,249.44
1749262210,248.90000000,4.34600000,249.44
1749262210,248.89000000,4.04700000,249.44
1749262210,248.88000000,5.96900000,249.44
1749262210,248.87000000,0.04100000,249.44
1749262210,248.86000000,12.48900000,249.44
1749262210,248.85000000,131.29300000,249.44
1749262210,248.84000000,130.94700000,249.44
1749262210,248.83000000,4.20900000,249.44
1749262210,248.82000000,1.00900000,249.44
1749262210,248.81000000,12.45800000,249.44
1749262210,248.80000000,4.23600000,249.44
1749262210,248.79000000,1.01100000,249.44
1749262210,248.78000000,0.84100000,249.44
1749262210,248.77000000,0.07900000,249.44
1749262210,248.76000000,1.99800000,249.44
1749262210,248.75000000,8.27300000,249.44
1749262210,248.74000000,12.38800000,249.44
1749262210,248.73000000,1.01700000,249.44
1749262210,248.72000000,0.04100000,249.44
1749262210,248.71000000,172.60500000,249.44
1749262210,248.70000000,1.31700000,249.44
1749262210,248.69000000,0.04100000,249.44
1749262210,248.67000000,5.97100000,249.44
1749262210,248.66000000,8.25500000,249.44
1749262210,248.65000000,0.80000000,249.44
1749262210,248.64000000,21.56800000,249.44
1749262210,248.63000000,1.20000000,249.44
1749262210,248.62000000,10.65000000,249.44
1749262210,248.61000000,1.02100000,249.44
1749262210,248.60000000,0.02100000,249.44
1749262210,248.58000000,1.84000000,249.44
1749262210,248.57000000,226.36400000,249.44
1749262210,248.55000000,5.94700000,249.44
1749262210,248.54000000,8.23200000,249.44
1749262210,248.53000000,12.34700000,249.44
1749262210,248.52000000,1.74500000,249.44
1749262210,248.51000000,11.94600000,249.44
1749262210,248.50000000,1.04000000,249.44
1749262210,248.49000000,0.97600000,249.44
1749262210,248.47000000,3.17300000,249.44
1749262210,248.46000000,0.94500000,249.44
1749262210,248.43000000,5.06100000,249.44
1749262210,248.42000000,0.76100000,249.44
1749262210,248.41000000,0.91700000,249.44
1749262210,248.40000000,1.01300000,249.44
1749262512,250.12000000,2.25000000,250.12
1749262512,250.11000000,1.34400000,250.12
1749262512,250.10000000,1.32500000,250.12
1749262512,250.09000000,1.78500000,250.12
1749262512,250.08000000,0.95500000,250.12
1749262512,250.07000000,3.12600000,250.12
1749262512,250.06000000,5.76300000,250.12
1749262512,250.05000000,10.01300000,250.12
1749262512,250.04000000,10.18000000,250.12
1749262512,250.03000000,28.46200000,250.12
1749262512,250.02000000,3.95200000,250.12
1749262512,250.01000000,7.50000000,250.12
1749262512,250.00000000,10.22800000,250.12
1749262512,249.99000000,27.07300000,250.12
1749262512,249.98000000,16.32700000,250.12
1749262512,249.97000000,24.99000000,250.12
1749262512,249.96000000,11.25500000,250.12
1749262512,249.95000000,12.29100000,250.12
1749262512,249.94000000,10.87900000,250.12
1749262512,249.93000000,33.75900000,250.12
1749262512,249.92000000,25.57000000,250.12
1749262512,249.91000000,5.03200000,250.12
1749262512,249.90000000,1.65500000,250.12
1749262512,249.89000000,12.15300000,250.12
1749262512,249.88000000,17.49700000,250.12
1749262512,249.87000000,11.10800000,250.12
1749262512,249.86000000,40.58400000,250.12
1749262512,249.85000000,32.42200000,250.12
1749262512,249.84000000,16.38100000,250.12
1749262512,249.83000000,51.98400000,250.12
1749262512,249.82000000,5.09100000,250.12
1749262512,249.81000000,24.56900000,250.12
1749262512,249.80000000,35.37300000,250.12
1749262512,249.79000000,47.53600000,250.12
1749262512,249.78000000,84.93100000,250.12
1749262512,249.77000000,12.79200000,250.12
1749262512,249.76000000,66.29500000,250.12
1749262512,249.75000000,56.26200000,250.12
1749262512,249.74000000,14.57200000,250.12
1749262512,249.73000000,27.76300000,250.12
1749262512,249.72000000,10.65400000,250.12
1749262512,249.71000000,28.29500000,250.12
1749262512,249.70000000,42.69900000,250.12
1749262512,249.69000000,10.63200000,250.12
1749262512,249.68000000,33.51700000,250.12
1749262512,249.67000000,8.64000000,250.12
1749262512,249.66000000,1.94300000,250.12
1749262512,249.65000000,17.80100000,250.12
1749262512,249.64000000,0.04100000,250.12
1749262512,249.63000000,12.43800000,250.12
1749262512,249.62000000,0.56400000,250.12
1749262512,249.61000000,18.48800000,250.12
1749262512,249.60000000,12.81100000,250.12
1749262512,249.59000000,0.04100000,250.12
1749262512,249.58000000,5.15100000,250.12
1749262512,249.57000000,74.17900000,250.12
1749262512,249.56000000,6.30500000,250.12
1749262512,249.55000000,20.68600000,250.12
1749262512,249.54000000,18.51700000,250.12
1749262512,249.53000000,17.88200000,250.12
1749262512,249.52000000,30.50800000,250.12
1749262512,249.51000000,34.61400000,250.12
1749262512,249.50000000,43.73200000,250.12
1749262512,249.49000000,44.38800000,250.12
1749262512,249.48000000,58.01800000,250.12
1749262512,249.47000000,2.46900000,250.12
1749262512,249.46000000,12.43000000,250.12
1749262512,249.45000000,0.19400000,250.12
1749262512,249.44000000,9.54800000,250.12
1749262512,249.43000000,0.04100000,250.12
1749262512,249.42000000,0.04100000,250.12
1749262512,249.41000000,4.15700000,250.12
1749262512,249.40000000,13.35400000,250.12
1749262512,249.39000000,23.00300000,250.12
1749262512,249.38000000,0.24100000,250.12
1749262512,249.37000000,10.01900000,250.12
1749262512,249.36000000,16.52800000,250.12
1749262512,249.35000000,0.94500000,250.12
1749262512,249.33000000,0.03100000,250.12
1749262512,249.32000000,0.94500000,250.12
1749262512,249.30000000,12.34700000,250.12
1749262512,249.29000000,0.90800000,250.12
1749262512,249.28000000,8.26700000,250.12
1749262512,249.27000000,9.13100000,250.12
1749262512,249.26000000,8.28500000,250.12
1749262512,249.24000000,5.06100000,250.12
1749262512,249.23000000,0.04400000,250.12
1749262512,249.22000000,0.05000000,250.12
1749262512,249.21000000,0.97600000,250.12
1749262512,249.20000000,8.30100000,250.12
1749262512,249.19000000,0.03600000,250.12
1749262512,249.18000000,0.97100000,250.12
1749262512,249.17000000,0.80000000,250.12
1749262512,249.16000000,20.61300000,250.12
1749262512,249.15000000,0.97200000,250.12
1749262512,249.13000000,9.51400000,250.12
1749262512,249.12000000,9.20000000,250.12
1749262512,249.11000000,4.23200000,250.12
1749262512,249.10000000,0.03200000,250.12
1749262512,249.09000000,2.81400000,250.12
1749262814,250.24000000,0.24700000,250.24
1749262814,250.22000000,2.22300000,250.24
1749262814,250.21000000,1.80000000,250.24
1749262814,250.20000000,0.30700000,250.24
1749262814,250.19000000,2.40100000,250.24
1749262814,250.18000000,3.20300000,250.24
1749262814,250.17000000,14.09600000,250.24
1749262814,250.16000000,37.74300000,250.24
1749262814,250.15000000,17.66100000,250.24
1749262814,250.14000000,12.31800000,250.24
1749262814,250.13000000,32.26800000,250.24
1749262814,250.12000000,1.40300000,250.24
1749262814,250.11000000,4.46800000,250.24
1749262814,250.10000000,5.96600000,250.24
1749262814,250.09000000,13.96500000,250.24
1749262814,250.08000000,5.73100000,250.24
1749262814,250.07000000,29.19200000,250.24
1749262814,250.06000000,42.36100000,250.24
1749262814,250.05000000,50.40500000,250.24
1749262814,250.04000000,16.88000000,250.24
1749262814,250.03000000,20.88100000,250.24
1749262814,250.02000000,38.50300000,250.24
1749262814,250.01000000,32.69500000,250.24
1749262814,250.00000000,38.27700000,250.24
1749262814,249.99000000,7.11300000,250.24
1749262814,249.98000000,5.17900000,250.24
1749262814,249.97000000,22.65400000,250.24
1749262814,249.96000000,22.23100000,250.24
1749262814,249.95000000,40.34100000,250.24
1749262814,249.94000000,54.93200000,250.24
1749262814,249.93000000,60.66400000,250.24
1749262814,249.92000000,23.77100000,250.24
1749262814,249.91000000,6.56400000,250.24
1749262814,249.90000000,15.71100000,250.24
1749262814,249.89000000,15.56400000,250.24
1749262814,249.88000000,13.67400000,250.24
1749262814,249.87000000,18.32500000,250.24
1749262814,249.86000000,24.43400000,250.24
1749262814,249.85000000,14.23400000,250.24
1749262814,249.84000000,47.68600000,250.24
1749262814,249.83000000,20.77200000,250.24
1749262814,249.82000000,6.98900000,250.24
1749262814,249.81000000,30.64200000,250.24
1749262814,249.80000000,37.36900000,250.24
1749262814,249.79000000,49.21600000,250.24
1749262814,249.78000000,4.79500000,250.24
1749262814,249.77000000,14.55300000,250.24
1749262814,249.76000000,18.60400000,250.24
1749262814,249.75000000,1.20600000,250.24
1749262814,249.74000000,28.51600000,250.24
1749262814,249.73000000,32.83700000,250.24
1749262814,249.72000000,33.10500000,250.24
1749262814,249.71000000,57.47300000,250.24
1749262814,249.70000000,12.42600000,250.24
1749262814,249.69000000,19.45700000,250.24
1749262814,249.68000000,0.04100000,250.24
1749262814,249.67000000,4.21600000,250.24
1749262814,249.66000000,5.16200000,250.24
1749262814,249.65000000,4.83300000,250.24
1749262814,249.64000000,122.89800000,250.24
1749262814,249.63000000,8.27300000,250.24
1749262814,249.62000000,4.19400000,250.24
1749262814,249.61000000,17.48600000,250.24
1749262814,249.60000000,123.31400000,250.24
1749262814,249.59000000,4.19400000,250.24
1749262814,249.58000000,0.98600000,250.24
1749262814,249.57000000,0.07200000,250.24
1749262814,249.56000000,0.04100000,250.24
1749262814,249.55000000,0.04100000,250.24
1749262814,249.54000000,5.10200000,250.24
1749262814,249.53000000,11.61800000,250.24
1749262814,249.52000000,11.28500000,250.24
1749262814,249.51000000,0.98600000,250.24
1749262814,249.50000000,12.38800000,250.24
1749262814,249.49000000,0.04100000,250.24
1749262814,249.48000000,0.04100000,250.24
1749262814,249.47000000,0.94500000,250.24
1749262814,249.46000000,8.23200000,250.24
1749262814,249.45000000,171.90300000,250.24
1749262814,249.44000000,9.50900000,250.24
1749262814,249.41000000,4.11600000,250.24
1749262814,249.40000000,13.31300000,250.24
1749262814,249.39000000,23.76200000,250.24
1749262814,249.38000000,0.20000000,250.24
1749262814,249.37000000,9.97800000,250.24
1749262814,249.36000000,16.48700000,250.24
1749262814,249.35000000,0.94500000,250.24
1749262814,249.33000000,0.03100000,250.24
1749262814,249.32000000,8.38400000,250.24
1749262814,249.31000000,0.88300000,250.24
1749262814,249.30000000,12.34700000,250.24
1749262814,249.28000000,9.17500000,250.24
1749262814,249.27000000,1.68600000,250.24
1749262814,249.26000000,236.83200000,250.24
1749262814,249.25000000,4.97300000,250.24
1749262814,249.24000000,5.06100000,250.24
1749262814,249.23000000,0.93700000,250.24
1749262814,249.22000000,0.05000000,250.24
1749262814,249.21000000,0.97600000,250.24
1749262814,249.20000000,9.21500000,250.24
1749263115,250.41000000,2.78800000,250.41
1749263115,250.40000000,2.01900000,250.41
1749263115,250.39000000,0.64400000,250.41
1749263115,250.38000000,1.36800000,250.41
1749263115,250.37000000,3.78000000,250.41
1749263115,250.36000000,3.54700000,250.41
1749263115,250.35000000,7.64300000,250.41
1749263115,250.34000000,6.61100000,250.41
1749263115,250.33000000,18.10300000,250.41
1749263115,250.32000000,31.04500000,250.41
1749263115,250.31000000,8.09700000,250.41
1749263115,250.30000000,5.49300000,250.41
1749263115,250.29000000,20.84300000,250.41
1749263115,250.28000000,25.83300000,250.41
1749263115,250.27000000,7.28000000,250.41
1749263115,250.26000000,12.51000000,250.41
1749263115,250.25000000,53.08000000,250.41
1749263115,250.24000000,101.48400000,250.41
1749263115,250.23000000,81.98700000,250.41
1749263115,250.22000000,39.03800000,250.41
1749263115,250.21000000,22.22600000,250.41
1749263115,250.20000000,23.68300000,250.41
1749263115,250.19000000,24.08800000,250.41
1749263115,250.18000000,9.64400000,250.41
1749263115,250.17000000,13.59100000,250.41
1749263115,250.16000000,10.43800000,250.41
1749263115,250.15000000,20.02700000,250.41
1749263115,250.14000000,16.16600000,250.41
1749263115,250.13000000,14.13100000,250.41
1749263115,250.12000000,9.26700000,250.41
1749263115,250.11000000,11.87500000,250.41
1749263115,250.10000000,19.25700000,250.41
1749263115,250.09000000,19.67200000,250.41
1749263115,250.08000000,36.21600000,250.41
1749263115,250.07000000,10.84300000,250.41
1749263115,250.06000000,29.41100000,250.41
1749263115,250.05000000,18.89500000,250.41
1749263115,250.04000000,12.95400000,250.41
1749263115,250.03000000,20.69200000,250.41
1749263115,250.02000000,35.97200000,250.41
1749263115,250.01000000,44.04400000,250.41
1749263115,250.00000000,115.83300000,250.41
1749263115,249.99000000,15.69200000,250.41
1749263115,249.98000000,10.59500000,250.41
1749263115,249.97000000,13.73400000,250.41
1749263115,249.96000000,54.76800000,250.41
1749263115,249.95000000,1.25600000,250.41
1749263115,249.94000000,9.65600000,250.41
1749263115,249.93000000,14.41500000,250.41
1749263115,249.92000000,17.81300000,250.41
1749263115,249.91000000,9.07300000,250.41
1749263115,249.90000000,4.73600000,250.41
1749263115,249.89000000,9.63000000,250.41
1749263115,249.88000000,15.01500000,250.41
1749263115,249.87000000,15.60000000,250.41
1749263115,249.86000000,10.24200000,250.41
1749263115,249.85000000,14.03200000,250.41
1749263115,249.84000000,17.80800000,250.41
1749263115,249.83000000,6.09800000,250.41
1749263115,249.82000000,4.19200000,250.41
1749263115,249.81000000,16.35100000,250.41
1749263115,249.80000000,25.17000000,250.41
1749263115,249.79000000,4.19200000,250.41
1749263115,249.78000000,116.98500000,250.41
1749263115,249.77000000,0.04100000,250.41
1749263115,249.76000000,4.83500000,250.41
1749263115,249.75000000,0.98600000,250.41
1749263115,249.74000000,10.19300000,250.41
1749263115,249.73000000,0.10100000,250.41
1749263115,249.72000000,1.03900000,250.41
1749263115,249.71000000,24.73600000,250.41
1749263115,249.70000000,8.27300000,250.41
1749263115,249.69000000,1.01700000,250.41
1749263115,249.68000000,117.75500000,250.41
1749263115,249.67000000,0.06300000,250.41
1749263115,249.66000000,0.98600000,250.41
1749263115,249.65000000,0.84100000,250.41
1749263115,249.63000000,8.23200000,250.41
1749263115,249.61000000,13.29200000,250.41
1749263115,249.60000000,8.60600000,250.41
1749263115,249.58000000,0.94500000,250.41
1749263115,249.57000000,0.03100000,250.41
1749263115,249.54000000,5.06100000,250.41
1749263115,249.53000000,8.23200000,250.41
1749263115,249.52000000,0.80000000,250.41
1749263115,249.51000000,0.94500000,250.41
1749263115,249.50000000,12.34700000,250.41
1749263115,249.47000000,0.94500000,250.41
1749263115,249.46000000,8.23200000,250.41
1749263115,249.45000000,171.90300000,250.41
1749263115,249.44000000,9.17700000,250.41
1749263115,249.42000000,7.43500000,250.41
1749263115,249.41000000,4.11600000,250.41
1749263115,249.40000000,13.31300000,250.41
1749263115,249.39000000,23.76200000,250.41
1749263115,249.38000000,0.20000000,250.41
1749263115,249.36000000,16.48700000,250.41
1749263115,249.35000000,0.94500000,250.41
1749263115,249.33000000,0.03100000,250.41
1749263115,249.32000000,0.94500000,250.41
1749263417,250.16000000,2.04900000,250.13
1749263417,250.15000000,0.73300000,250.13
1749263417,250.14000000,4.36300000,250.13
1749263417,250.13000000,5.55400000,250.13
1749263417,250.12000000,2.74300000,250.13
1749263417,250.11000000,5.32400000,250.13
1749263417,250.10000000,10.96700000,250.13
1749263417,250.09000000,1.67100000,250.13
1749263417,250.08000000,13.35900000,250.13
1749263417,250.07000000,6.39900000,250.13
1749263417,250.06000000,25.99700000,250.13
1749263417,250.05000000,13.93400000,250.13
1749263417,250.04000000,45.37300000,250.13
1749263417,250.03000000,46.19900000,250.13
1749263417,250.02000000,19.44000000,250.13
1749263417,250.01000000,17.52100000,250.13
1749263417,250.00000000,20.77700000,250.13
1749263417,249.99000000,23.23600000,250.13
1749263417,249.98000000,4.22200000,250.13
1749263417,249.97000000,18.66400000,250.13
1749263417,249.96000000,17.08600000,250.13
1749263417,249.95000000,27.60800000,250.13
1749263417,249.94000000,17.80700000,250.13
1749263417,249.93000000,29.34500000,250.13
1749263417,249.92000000,31.14500000,250.13
1749263417,249.91000000,21.76700000,250.13
1749263417,249.90000000,22.39500000,250.13
1749263417,249.89000000,10.37700000,250.13
1749263417,249.88000000,26.72900000,250.13
1749263417,249.87000000,13.76300000,250.13
1749263417,249.86000000,19.76400000,250.13
1749263417,249.85000000,10.52600000,250.13
1749263417,249.84000000,13.62800000,250.13
1749263417,249.83000000,27.97600000,250.13
1749263417,249.82000000,12.30700000,250.13
1749263417,249.81000000,57.83500000,250.13
1749263417,249.80000000,47.97400000,250.13
1749263417,249.79000000,23.74100000,250.13
1749263417,249.78000000,49.42200000,250.13
1749263417,249.77000000,32.40600000,250.13
1749263417,249.76000000,1.63800000,250.13
1749263417,249.75000000,5.13900000,250.13
1749263417,249.74000000,27.76300000,250.13
1749263417,249.73000000,20.62600000,250.13
1749263417,249.72000000,34.68900000,250.13
1749263417,249.71000000,216.51700000,250.13
1749263417,249.70000000,8.44700000,250.13
1749263417,249.69000000,18.09100000,250.13
1749263417,249.68000000,13.30900000,250.13
1749263417,249.67000000,32.34100000,250.13
1749263417,249.66000000,44.27200000,250.13
1749263417,249.65000000,41.23000000,250.13
1749263417,249.64000000,4.19500000,250.13
1749263417,249.63000000,21.36600000,250.13
1749263417,249.62000000,4.19500000,250.13
1749263417,249.61000000,17.32500000,250.13
1749263417,249.60000000,12.80500000,250.13
1749263417,249.59000000,4.91600000,250.13
1749263417,249.58000000,1.16600000,250.13
1749263417,249.57000000,4.22700000,250.13
1749263417,249.56000000,0.04100000,250.13
1749263417,249.55000000,6.69100000,250.13
1749263417,249.54000000,61.03300000,250.13
1749263417,249.53000000,12.42900000,250.13
1749263417,249.52000000,0.84100000,250.13
1749263417,249.51000000,5.14200000,250.13
1749263417,249.50000000,12.56900000,250.13
1749263417,249.49000000,0.04100000,250.13
1749263417,249.48000000,0.04100000,250.13
1749263417,249.47000000,1.01500000,250.13
1749263417,249.46000000,8.27300000,250.13
1749263417,249.45000000,171.94400000,250.13
1749263417,249.44000000,9.21800000,250.13
1749263417,249.43000000,0.04100000,250.13
1749263417,249.42000000,0.04100000,250.13
1749263417,249.41000000,4.15700000,250.13
1749263417,249.40000000,13.35400000,250.13
1749263417,249.39000000,23.76200000,250.13
1749263417,249.38000000,0.20000000,250.13
1749263417,249.37000000,9.97800000,250.13
1749263417,249.36000000,16.48700000,250.13
1749263417,249.35000000,0.94500000,250.13
1749263417,249.34000000,0.33300000,250.13
1749263417,249.33000000,0.03100000,250.13
1749263417,249.32000000,0.94500000,250.13
1749263417,249.31000000,0.88300000,250.13
1749263417,249.30000000,12.34700000,250.13
1749263417,249.28000000,9.17500000,250.13
1749263417,249.27000000,1.68600000,250.13
1749263417,249.26000000,236.83200000,250.13
1749263417,249.25000000,5.00200000,250.13
1749263417,249.24000000,5.06100000,250.13
1749263417,249.23000000,8.38100000,250.13
1749263417,249.22000000,0.05000000,250.13
1749263417,249.21000000,0.97600000,250.13
1749263417,249.20000000,9.21500000,250.13
1749263417,249.19000000,0.03600000,250.13
1749263417,249.18000000,0.97100000,250.13
1749263417,249.17000000,0.80000000,250.13
1749263417,249.16000000,20.61300000,250.13
1749263718,250.23000000,1.41700000,250.22
1749263718,250.22000000,2.71200000,250.22
1749263718,250.21000000,5.27700000,250.22
1749263718,250.20000000,6.51000000,250.22
1749263718,250.19000000,4.24200000,250.22
1749263718,250.18000000,6.17700000,250.22
1749263718,250.17000000,5.84900000,250.22
1749263718,250.16000000,15.65900000,250.22
1749263718,250.15000000,14.28500000,250.22
1749263718,250.14000000,8.41100000,250.22
1749263718,250.13000000,14.27700000,250.22
1749263718,250.12000000,41.57000000,250.22
1749263718,250.11000000,28.21600000,250.22
1749263718,250.10000000,3.92300000,250.22
1749263718,250.09000000,14.95200000,250.22
1749263718,250.08000000,24.53100000,250.22
1749263718,250.07000000,29.45800000,250.22
1749263718,250.06000000,29.64200000,250.22
1749263718,250.05000000,57.49200000,250.22
1749263718,250.04000000,53.36800000,250.22
1749263718,250.03000000,29.08100000,250.22
1749263718,250.02000000,6.56600000,250.22
1749263718,250.01000000,9.62300000,250.22
1749263718,250.00000000,4.26700000,250.22
1749263718,249.99000000,18.25800000,250.22
1749263718,249.98000000,66.64600000,250.22
1749263718,249.97000000,27.14200000,250.22
1749263718,249.96000000,62.05600000,250.22
1749263718,249.95000000,38.15200000,250.22
1749263718,249.94000000,59.14100000,250.22
1749263718,249.93000000,105.35400000,250.22
1749263718,249.92000000,59.66200000,250.22
1749263718,249.91000000,45.21600000,250.22
1749263718,249.90000000,17.46700000,250.22
1749263718,249.89000000,10.52400000,250.22
1749263718,249.88000000,15.91200000,250.22
1749263718,249.87000000,9.34100000,250.22
1749263718,249.86000000,10.15200000,250.22
1749263718,249.85000000,6.46800000,250.22
1749263718,249.84000000,21.10400000,250.22
1749263718,249.83000000,11.90200000,250.22
1749263718,249.82000000,4.19200000,250.22
1749263718,249.81000000,17.25100000,250.22
1749263718,249.80000000,17.88900000,250.22
1749263718,249.79000000,5.95000000,250.22
1749263718,249.78000000,18.63900000,250.22
1749263718,249.77000000,23.77800000,250.22
1749263718,249.76000000,8.21200000,250.22
1749263718,249.75000000,5.13900000,250.22
1749263718,249.74000000,14.17200000,250.22
1749263718,249.73000000,7.53300000,250.22
1749263718,249.72000000,18.08500000,250.22
1749263718,249.71000000,42.71100000,250.22
1749263718,249.70000000,62.12500000,250.22
1749263718,249.69000000,4.99800000,250.22
1749263718,249.68000000,0.21400000,250.22
1749263718,249.67000000,7.61500000,250.22
1749263718,249.66000000,7.68500000,250.22
1749263718,249.65000000,5.94400000,250.22
1749263718,249.64000000,9.19100000,250.22
1749263718,249.63000000,8.27300000,250.22
1749263718,249.62000000,18.56300000,250.22
1749263718,249.61000000,17.30900000,250.22
1749263718,249.60000000,68.24700000,250.22
1749263718,249.59000000,0.69300000,250.22
1749263718,249.58000000,56.90100000,250.22
1749263718,249.57000000,118.86600000,250.22
1749263718,249.56000000,0.04100000,250.22
1749263718,249.55000000,2.54500000,250.22
1749263718,249.54000000,5.12500000,250.22
1749263718,249.53000000,8.27300000,250.22
1749263718,249.52000000,0.84100000,250.22
1749263718,249.51000000,0.98600000,250.22
1749263718,249.50000000,12.38800000,250.22
1749263718,249.49000000,0.04100000,250.22
1749263718,249.48000000,0.04100000,250.22
1749263718,249.47000000,1.01500000,250.22
1749263718,249.46000000,8.23200000,250.22
1749263718,249.45000000,171.90300000,250.22
1749263718,249.44000000,9.20100000,250.22
1749263718,249.41000000,4.11600000,250.22
1749263718,249.40000000,13.31300000,250.22
1749263718,249.39000000,23.76200000,250.22
1749263718,249.38000000,0.20000000,250.22
1749263718,249.37000000,9.97800000,250.22
1749263718,249.36000000,16.48700000,250.22
1749263718,249.35000000,0.94500000,250.22
1749263718,249.34000000,0.33300000,250.22
1749263718,249.33000000,0.03100000,250.22
1749263718,249.32000000,0.94500000,250.22
1749263718,249.31000000,0.88300000,250.22
1749263718,249.30000000,12.34700000,250.22
1749263718,249.28000000,9.17500000,250.22
1749263718,249.27000000,1.68600000,250.22
1749263718,249.26000000,236.83200000,250.22
1749263718,249.25000000,0.02900000,250.22
1749263718,249.24000000,5.06100000,250.22
1749263718,249.23000000,0.93700000,250.22
1749263718,249.22000000,0.05000000,250.22
1749263718,249.21000000,0.97600000,250.22
1749264020,250.12000000,1.46400000,250.13
1749264020,250.11000000,0.51200000,250.13
1749264020,250.10000000,0.53200000,250.13
1749264020,250.09000000,1.76000000,250.13
1749264020,250.08000000,6.08100000,250.13
1749264020,250.07000000,10.31600000,250.13
1749264020,250.06000000,4.03300000,250.13
1749264020,250.05000000,5.58600000,250.13
1749264020,250.04000000,28.54000000,250.13
1749264020,250.03000000,46.47500000,250.13
1749264020,250.02000000,4.22000000,250.13
1749264020,250.01000000,11.88500000,250.13
1749264020,250.00000000,34.39900000,250.13
1749264020,249.99000000,26.49100000,250.13
1749264020,249.98000000,8.17400000,250.13
1749264020,249.97000000,11.25800000,250.13
1749264020,249.96000000,16.42400000,250.13
1749264020,249.95000000,22.13400000,250.13
1749264020,249.94000000,30.87100000,250.13
1749264020,249.93000000,48.66100000,250.13
1749264020,249.92000000,82.78500000,250.13
1749264020,249.91000000,48.70800000,250.13
1749264020,249.90000000,32.22100000,250.13
1749264020,249.89000000,18.17800000,250.13
1749264020,249.88000000,13.94300000,250.13
1749264020,249.87000000,11.58200000,250.13
1749264020,249.86000000,16.54800000,250.13
1749264020,249.85000000,6.43800000,250.13
1749264020,249.84000000,9.75800000,250.13
1749264020,249.83000000,25.92400000,250.13
1749264020,249.82000000,21.69800000,250.13
1749264020,249.81000000,22.74800000,250.13
1749264020,249.80000000,51.67000000,250.13
1749264020,249.79000000,31.50300000,250.13
1749264020,249.78000000,28.93200000,250.13
1749264020,249.77000000,12.63500000,250.13
1749264020,249.76000000,1.48900000,250.13
1749264020,249.75000000,31.72500000,250.13
1749264020,249.74000000,29.12800000,250.13
1749264020,249.73000000,28.14100000,250.13
1749264020,249.72000000,22.52600000,250.13
1749264020,249.71000000,54.45600000,250.13
1749264020,249.70000000,36.28200000,250.13
1749264020,249.69000000,55.33400000,250.13
1749264020,249.68000000,31.73100000,250.13
1749264020,249.67000000,0.06300000,250.13
1749264020,249.66000000,5.16200000,250.13
1749264020,249.65000000,16.45500000,250.13
1749264020,249.64000000,31.38200000,250.13
1749264020,249.63000000,107.80000000,250.13
1749264020,249.62000000,17.41300000,250.13
1749264020,249.61000000,26.42700000,250.13
1749264020,249.60000000,12.80400000,250.13
1749264020,249.59000000,4.19500000,250.13
1749264020,249.58000000,4.92600000,250.13
1749264020,249.57000000,122.62500000,250.13
1749264020,249.56000000,1.16400000,250.13
1749264020,249.55000000,60.10000000,250.13
1749264020,249.54000000,8.84800000,250.13
1749264020,249.53000000,12.70400000,250.13
1749264020,249.52000000,4.99700000,250.13
1749264020,249.51000000,6.04200000,250.13
1749264020,249.50000000,16.11000000,250.13
1749264020,249.49000000,0.47500000,250.13
1749264020,249.48000000,0.50000000,250.13
1749264020,249.47000000,1.01500000,250.13
1749264020,249.46000000,8.60200000,250.13
1749264020,249.45000000,171.94400000,250.13
1749264020,249.44000000,9.24200000,250.13
1749264020,249.43000000,0.04100000,250.13
1749264020,249.42000000,0.04100000,250.13
1749264020,249.41000000,4.15700000,250.13
1749264020,249.40000000,13.35400000,250.13
1749264020,249.39000000,23.80300000,250.13
1749264020,249.38000000,0.24100000,250.13
1749264020,249.37000000,10.91200000,250.13
1749264020,249.36000000,16.52800000,250.13
1749264020,249.35000000,0.94500000,250.13
1749264020,249.34000000,0.33300000,250.13
1749264020,249.33000000,0.03100000,250.13
1749264020,249.32000000,9.26900000,250.13
1749264020,249.30000000,12.34700000,250.13
1749264020,249.28000000,9.18100000,250.13
1749264020,249.27000000,1.68600000,250.13
1749264020,249.26000000,236.83200000,250.13
1749264020,249.25000000,0.02900000,250.13
1749264020,249.24000000,5.06100000,250.13
1749264020,249.23000000,0.04400000,250.13
1749264020,249.22000000,0.05000000,250.13
1749264020,249.21000000,0.97600000,250.13
1749264020,249.20000000,11.75700000,250.13
1749264020,249.19000000,0.03600000,250.13
1749264020,249.18000000,0.97100000,250.13
1749264020,249.16000000,20.61300000,250.13
1749264020,249.15000000,0.97200000,250.13
1749264020,249.12000000,9.20000000,250.13
1749264020,249.11000000,5.98700000,250.13
1749264020,249.10000000,0.03200000,250.13
1749264020,249.09000000,1.04900000,250.13
1749264020,249.08000000,1.41000000,250.13
1749264326,250.19000000,2.99400000,250.19
1749264326,250.18000000,11.23100000,250.19
1749264326,250.17000000,5.28800000,250.19
1749264326,250.16000000,13.18800000,250.19
1749264326,250.15000000,2.17200000,250.19
1749264326,250.14000000,2.53300000,250.19
1749264326,250.13000000,2.23000000,250.19
1749264326,250.12000000,10.72600000,250.19
1749264326,250.11000000,10.73800000,250.19
1749264326,250.10000000,0.93600000,250.19
1749264326,250.09000000,7.79400000,250.19
1749264326,250.08000000,10.05000000,250.19
1749264326,250.07000000,15.20700000,250.19
1749264326,250.06000000,13.36400000,250.19
1749264326,250.05000000,61.12700000,250.19
1749264326,250.04000000,61.72800000,250.19
1749264326,250.03000000,36.29500000,250.19
1749264326,250.02000000,31.08600000,250.19
1749264326,250.01000000,20.56800000,250.19
1749264326,250.00000000,22.56200000,250.19
1749264326,249.99000000,10.89200000,250.19
1749264326,249.98000000,35.23300000,250.19
1749264326,249.97000000,44.91400000,250.19
1749264326,249.96000000,32.28100000,250.19
1749264326,249.95000000,95.38500000,250.19
1749264326,249.94000000,87.98600000,250.19
1749264326,249.93000000,51.22300000,250.19
1749264326,249.92000000,38.74100000,250.19
1749264326,249.91000000,59.61200000,250.19
1749264326,249.90000000,26.85600000,250.19
1749264326,249.89000000,15.60500000,250.19
1749264326,249.88000000,20.93400000,250.19
1749264326,249.87000000,15.89700000,250.19
1749264326,249.86000000,12.36800000,250.19
1749264326,249.85000000,7.56100000,250.19
1749264326,249.84000000,12.04700000,250.19
1749264326,249.83000000,10.36400000,250.19
1749264326,249.82000000,25.81600000,250.19
1749264326,249.81000000,29.21400000,250.19
1749264326,249.80000000,30.48300000,250.19
1749264326,249.79000000,9.32000000,250.19
1749264326,249.78000000,6.44500000,250.19
1749264326,249.77000000,4.24000000,250.19
1749264326,249.76000000,14.68300000,250.19
1749264326,249.75000000,12.05400000,250.19
1749264326,249.74000000,27.20900000,250.19
1749264326,249.73000000,21.34300000,250.19
1749264326,249.72000000,34.75800000,250.19
1749264326,249.71000000,28.06800000,250.19
1749264326,249.70000000,48.92800000,250.19
1749264326,249.69000000,57.50900000,250.19
1749264326,249.68000000,60.28700000,250.19
1749264326,249.67000000,0.06300000,250.19
1749264326,249.66000000,5.16200000,250.19
1749264326,249.65000000,0.87000000,250.19
1749264326,249.64000000,4.19500000,250.19
1749264326,249.63000000,9.17300000,250.19
1749264326,249.62000000,4.21900000,250.19
1749264326,249.61000000,16.94800000,250.19
1749264326,249.60000000,27.53100000,250.19
1749264326,249.59000000,4.19500000,250.19
1749264326,249.58000000,60.53000000,250.19
1749264326,249.57000000,121.39900000,250.19
1749264326,249.56000000,0.61000000,250.19
1749264326,249.55000000,4.19600000,250.19
1749264326,249.54000000,10.47800000,250.19
1749264326,249.53000000,8.27300000,250.19
1749264326,249.52000000,4.99700000,250.19
1749264326,249.51000000,2.39900000,250.19
1749264326,249.50000000,12.38800000,250.19
1749264326,249.49000000,0.69400000,250.19
1749264326,249.48000000,0.06400000,250.19
1749264326,249.47000000,1.01500000,250.19
1749264326,249.46000000,8.27300000,250.19
1749264326,249.45000000,171.94400000,250.19
1749264326,249.44000000,9.24200000,250.19
1749264326,249.43000000,0.04100000,250.19
1749264326,249.41000000,4.11600000,250.19
1749264326,249.40000000,13.31300000,250.19
1749264326,249.39000000,23.76200000,250.19
1749264326,249.38000000,0.20000000,250.19
1749264326,249.37000000,9.97800000,250.19
1749264326,249.36000000,16.48700000,250.19
1749264326,249.35000000,0.94500000,250.19
1749264326,249.34000000,0.33300000,250.19
1749264326,249.33000000,0.03100000,250.19
1749264326,249.32000000,0.94500000,250.19
1749264326,249.30000000,12.34700000,250.19
1749264326,249.28000000,8.26700000,250.19
1749264326,249.27000000,1.68600000,250.19
1749264326,249.26000000,236.83200000,250.19
1749264326,249.25000000,0.02900000,250.19
1749264326,249.24000000,5.06100000,250.19
1749264326,249.23000000,0.04400000,250.19
1749264326,249.22000000,0.05000000,250.19
1749264326,249.21000000,0.97600000,250.19
1749264326,249.20000000,8.30100000,250.19
1749264326,249.19000000,0.03600000,250.19
1749264326,249.18000000,0.97100000,250.19
1749264326,249.16000000,20.61300000,250.19
1749264628,250.42000000,23.44500000,250.43
1749264628,250.41000000,3.42500000,250.43
1749264628,250.40000000,9.33000000,250.43
1749264628,250.39000000,3.01200000,250.43
1749264628,250.38000000,2.89900000,250.43
1749264628,250.37000000,4.31000000,250.43
1749264628,250.36000000,3.69600000,250.43
1749264628,250.35000000,0.66600000,250.43
1749264628,250.34000000,17.11600000,250.43
1749264628,250.33000000,9.53100000,250.43
1749264628,250.32000000,32.83500000,250.43
1749264628,250.31000000,14.88400000,250.43
1749264628,250.30000000,13.77800000,250.43
1749264628,250.29000000,39.63800000,250.43
1749264628,250.28000000,65.91300000,250.43
1749264628,250.27000000,23.39700000,250.43
1749264628,250.26000000,26.21400000,250.43
1749264628,250.25000000,29.32100000,250.43
1749264628,250.24000000,88.81400000,250.43
1749264628,250.23000000,31.48300000,250.43
1749264628,250.22000000,4.19600000,250.43
1749264628,250.21000000,13.98600000,250.43
1749264628,250.20000000,41.76100000,250.43
1749264628,250.19000000,39.79400000,250.43
1749264628,250.18000000,32.27400000,250.43
1749264628,250.17000000,19.29300000,250.43
1749264628,250.16000000,33.18800000,250.43
1749264628,250.15000000,8.72500000,250.43
1749264628,250.14000000,15.46800000,250.43
1749264628,250.13000000,26.93800000,250.43
1749264628,250.12000000,38.98000000,250.43
1749264628,250.11000000,19.24800000,250.43
1749264628,250.10000000,38.28900000,250.43
1749264628,250.09000000,40.72000000,250.43
1749264628,250.08000000,47.14700000,250.43
1749264628,250.07000000,10.22500000,250.43
1749264628,250.06000000,5.13800000,250.43
1749264628,250.05000000,8.52000000,250.43
1749264628,250.04000000,52.11700000,250.43
1749264628,250.03000000,100.13100000,250.43
1749264628,250.02000000,5.22300000,250.43
1749264628,250.01000000,28.75900000,250.43
1749264628,250.00000000,12.27000000,250.43
1749264628,249.99000000,0.98600000,250.43
1749264628,249.98000000,17.49400000,250.43
1749264628,249.97000000,53.21700000,250.43
1749264628,249.96000000,41.25200000,250.43
1749264628,249.95000000,7.86300000,250.43
1749264628,249.94000000,17.39400000,250.43
1749264628,249.93000000,13.36600000,250.43
1749264628,249.92000000,38.87400000,250.43
1749264628,249.91000000,14.61700000,250.43
1749264628,249.90000000,5.85200000,250.43
1749264628,249.89000000,5.13500000,250.43
1749264628,249.88000000,12.42300000,250.43
1749264628,249.87000000,0.09700000,250.43
1749264628,249.86000000,9.36800000,250.43
1749264628,249.85000000,55.90900000,250.43
1749264628,249.84000000,9.32100000,250.43
1749264628,249.83000000,0.98600000,250.43
1749264628,249.82000000,4.19200000,250.43
1749264628,249.81000000,12.75000000,250.43
1749264628,249.80000000,21.62200000,250.43
1749264628,249.79000000,4.25000000,250.43
1749264628,249.78000000,1.56500000,250.43
1749264628,249.77000000,4.24000000,250.43
1749264628,249.76000000,117.77900000,250.43
1749264628,249.75000000,5.13800000,250.43
1749264628,249.74000000,10.01900000,250.43
1749264628,249.73000000,4.25300000,250.43
1749264628,249.72000000,1.01600000,250.43
1749264628,249.71000000,24.73600000,250.43
1749264628,249.70000000,8.32700000,250.43
1749264628,249.69000000,1.04400000,250.43
1749264628,249.68000000,7.46800000,250.43
1749264628,249.67000000,0.06300000,250.43
1749264628,249.66000000,0.98600000,250.43
1749264628,249.65000000,0.82900000,250.43
1749264628,249.63000000,8.23200000,250.43
1749264628,249.62000000,0.02400000,250.43
1749264628,249.61000000,13.29200000,250.43
1749264628,249.60000000,8.60900000,250.43
1749264628,249.58000000,0.94500000,250.43
1749264628,249.57000000,0.03100000,250.43
1749264628,249.56000000,0.02700000,250.43
1749264628,249.54000000,5.06100000,250.43
1749264628,249.53000000,8.23200000,250.43
1749264628,249.52000000,0.80000000,250.43
1749264628,249.51000000,0.94500000,250.43
1749264628,249.50000000,12.34700000,250.43
1749264628,249.47000000,0.97400000,250.43
1749264628,249.46000000,8.23200000,250.43
1749264628,249.45000000,171.90300000,250.43
1749264628,249.44000000,9.20100000,250.43
1749264628,249.41000000,4.11600000,250.43
1749264628,249.40000000,13.29200000,250.43
1749264628,249.39000000,25.50900000,250.43
1749264628,249.38000000,0.20000000,250.43
1749264628,249.37000000,10.92300000,250.43
1749264628,249.36000000,16.48700000,250.43
1749264929,251.51000000,4.99400000,251.5
1749264929,251.50000000,2.89300000,251.5
1749264929,251.49000000,3.48600000,251.5
1749264929,251.48000000,8.88300000,251.5
1749264929,251.47000000,7.02800000,251.5
1749264929,251.46000000,1.18400000,251.5
1749264929,251.45000000,3.98400000,251.5
1749264929,251.44000000,8.85200000,251.5
1749264929,251.43000000,19.63500000,251.5
1749264929,251.42000000,5.87900000,251.5
1749264929,251.41000000,17.65600000,251.5
1749264929,251.40000000,47.77200000,251.5
1749264929,251.39000000,13.52900000,251.5
1749264929,251.38000000,8.14600000,251.5
1749264929,251.37000000,8.73500000,251.5
1749264929,251.36000000,15.71800000,251.5
1749264929,251.35000000,20.69900000,251.5
1749264929,251.34000000,28.02000000,251.5
1749264929,251.33000000,4.20600000,251.5
1749264929,251.32000000,11.78700000,251.5
1749264929,251.31000000,4.20600000,251.5
1749264929,251.30000000,3.10300000,251.5
1749264929,251.29000000,10.85100000,251.5
1749264929,251.28000000,16.34500000,251.5
1749264929,251.27000000,31.16500000,251.5
1749264929,251.26000000,41.57500000,251.5
1749264929,251.25000000,118.30100000,251.5
1749264929,251.24000000,121.39400000,251.5
1749264929,251.23000000,21.64300000,251.5
1749264929,251.22000000,39.36800000,251.5
1749264929,251.21000000,19.70600000,251.5
1749264929,251.20000000,20.29300000,251.5
1749264929,251.19000000,38.73600000,251.5
1749264929,251.18000000,31.68600000,251.5
1749264929,251.17000000,31.61900000,251.5
1749264929,251.16000000,32.44700000,251.5
1749264929,251.15000000,32.92400000,251.5
1749264929,251.14000000,43.71800000,251.5
1749264929,251.13000000,64.43900000,251.5
1749264929,251.12000000,11.44600000,251.5
1749264929,251.11000000,22.80500000,251.5
1749264929,251.10000000,4.03500000,251.5
1749264929,251.09000000,13.35700000,251.5
1749264929,251.08000000,4.18000000,251.5
1749264929,251.07000000,1.58400000,251.5
1749264929,251.06000000,5.12600000,251.5
1749264929,251.05000000,2.83000000,251.5
1749264929,251.04000000,16.89500000,251.5
1749264929,251.03000000,14.38400000,251.5
1749264929,251.02000000,39.50300000,251.5
1749264929,251.01000000,24.36300000,251.5
1749264929,251.00000000,31.13100000,251.5
1749264929,250.99000000,0.98500000,251.5
1749264929,250.98000000,60.29900000,251.5
1749264929,250.97000000,16.85000000,251.5
1749264929,250.96000000,12.41500000,251.5
1749264929,250.95000000,1.03900000,251.5
1749264929,250.94000000,5.72700000,251.5
1749264929,250.93000000,0.04000000,251.5
1749264929,250.92000000,28.96700000,251.5
1749264929,250.91000000,0.98500000,251.5
1749264929,250.90000000,23.50100000,251.5
1749264929,250.89000000,59.81600000,251.5
1749264929,250.88000000,8.27200000,251.5
1749264929,250.87000000,14.15000000,251.5
1749264929,250.86000000,4.17200000,251.5
1749264929,250.85000000,4.17200000,251.5
1749264929,250.84000000,8.16300000,251.5
1749264929,250.83000000,0.04000000,251.5
1749264929,250.82000000,4.17300000,251.5
1749264929,250.81000000,8.28900000,251.5
1749264929,250.80000000,8.31400000,251.5
1749264929,250.79000000,16.52000000,251.5
1749264929,250.78000000,12.40600000,251.5
1749264929,250.77000000,0.07000000,251.5
1749264929,250.76000000,4.17400000,251.5
1749264929,250.75000000,0.04000000,251.5
1749264929,250.72000000,8.93100000,251.5
1749264929,250.69000000,7.38000000,251.5
1749264929,250.68000000,12.34700000,251.5
1749264929,250.67000000,8.23200000,251.5
1749264929,250.65000000,0.03000000,251.5
1749264929,250.64000000,12.46200000,251.5
1749264929,250.60000000,0.84500000,251.5
1749264929,250.57000000,0.80000000,251.5
1749264929,250.56000000,0.96700000,251.5
1749264929,250.55000000,20.57900000,251.5
1749264929,250.53000000,0.03000000,251.5
1749264929,250.50000000,10.92700000,251.5
1749264929,250.49000000,14.09400000,251.5
1749264929,250.47000000,8.23200000,251.5
1749264929,250.46000000,0.94500000,251.5
1749264929,250.44000000,0.80000000,251.5
1749264929,250.41000000,25.85300000,251.5
1749264929,250.40000000,0.02000000,251.5
1749264929,250.39000000,20.60100000,251.5
1749264929,250.38000000,10.99000000,251.5
1749264929,250.37000000,0.03000000,251.5
1749264929,250.36000000,8.01900000,251.5
1749264929,250.35000000,1.21500000,251.5
1749265231,251.45000000,1.67400000,251.38
1749265231,251.44000000,0.02200000,251.38
1749265231,251.43000000,0.04000000,251.38
1749265231,251.42000000,0.06200000,251.38
1749265231,251.41000000,5.61000000,251.38
1749265231,251.40000000,1.02700000,251.38
1749265231,251.39000000,3.94200000,251.38
1749265231,251.38000000,8.49700000,251.38
1749265231,251.37000000,27.48600000,251.38
1749265231,251.36000000,64.39000000,251.38
1749265231,251.35000000,25.27000000,251.38
1749265231,251.34000000,15.25700000,251.38
1749265231,251.33000000,10.84200000,251.38
1749265231,251.32000000,32.41100000,251.38
1749265231,251.31000000,8.02500000,251.38
1749265231,251.30000000,8.27200000,251.38
1749265231,251.29000000,23.25400000,251.38
1749265231,251.28000000,32.07800000,251.38
1749265231,251.27000000,32.63400000,251.38
1749265231,251.26000000,28.60800000,251.38
1749265231,251.25000000,30.35000000,251.38
1749265231,251.24000000,4.44700000,251.38
1749265231,251.23000000,3.53300000,251.38
1749265231,251.22000000,15.84300000,251.38
1749265231,251.21000000,18.56300000,251.38
1749265231,251.20000000,11.07700000,251.38
1749265231,251.19000000,8.26900000,251.38
1749265231,251.18000000,14.56000000,251.38
1749265231,251.17000000,29.31300000,251.38
1749265231,251.16000000,33.25200000,251.38
1749265231,251.15000000,27.02500000,251.38
1749265231,251.14000000,42.03400000,251.38
1749265231,251.13000000,13.79600000,251.38
1749265231,251.12000000,47.69800000,251.38
1749265231,251.11000000,83.13300000,251.38
1749265231,251.10000000,42.76100000,251.38
1749265231,251.09000000,49.48200000,251.38
1749265231,251.08000000,23.38400000,251.38
1749265231,251.07000000,53.24500000,251.38
1749265231,251.06000000,28.88700000,251.38
1749265231,251.05000000,26.02800000,251.38
1749265231,251.04000000,17.19700000,251.38
1749265231,251.03000000,0.98500000,251.38
1749265231,251.02000000,24.09800000,251.38
1749265231,251.01000000,23.41000000,251.38
1749265231,251.00000000,31.70600000,251.38
1749265231,250.99000000,5.91400000,251.38
1749265231,250.98000000,71.62000000,251.38
1749265231,250.97000000,186.33900000,251.38
1749265231,250.96000000,27.93900000,251.38
1749265231,250.95000000,5.16800000,251.38
1749265231,250.94000000,1.75700000,251.38
1749265231,250.93000000,4.16900000,251.38
1749265231,250.92000000,27.54700000,251.38
1749265231,250.91000000,61.20900000,251.38
1749265231,250.90000000,25.07800000,251.38
1749265231,250.89000000,4.20100000,251.38
1749265231,250.88000000,10.93400000,251.38
1749265231,250.87000000,14.14900000,251.38
1749265231,250.86000000,4.85300000,251.38
1749265231,250.85000000,60.74500000,251.38
1749265231,250.84000000,0.04000000,251.38
1749265231,250.83000000,4.17200000,251.38
1749265231,250.82000000,0.98500000,251.38
1749265231,250.81000000,8.28800000,251.38
1749265231,250.80000000,12.50400000,251.38
1749265231,250.79000000,13.33200000,251.38
1749265231,250.78000000,12.40400000,251.38
1749265231,250.77000000,7.44600000,251.38
1749265231,250.76000000,5.11700000,251.38
1749265231,250.75000000,4.17200000,251.38
1749265231,250.74000000,4.17200000,251.38
1749265231,250.73000000,4.97300000,251.38
1749265231,250.72000000,13.10400000,251.38
1749265231,250.71000000,4.17300000,251.38
1749265231,250.70000000,4.17400000,251.38
1749265231,250.69000000,0.98500000,251.38
1749265231,250.68000000,16.48100000,251.38
1749265231,250.67000000,8.23200000,251.38
1749265231,250.66000000,5.07900000,251.38
1749265231,250.65000000,0.03000000,251.38
1749265231,250.64000000,12.46200000,251.38
1749265231,250.63000000,0.94500000,251.38
1749265231,250.61000000,0.69100000,251.38
1749265231,250.60000000,1.79000000,251.38
1749265231,250.57000000,172.67200000,251.38
1749265231,250.56000000,0.96700000,251.38
1749265231,250.55000000,20.57900000,251.38
1749265231,250.53000000,0.97500000,251.38
1749265231,250.50000000,10.91100000,251.38
1749265231,250.49000000,4.11600000,251.38
1749265231,250.47000000,8.23200000,251.38
1749265231,250.46000000,0.94500000,251.38
1749265231,250.44000000,0.80000000,251.38
1749265231,250.41000000,25.85300000,251.38
1749265231,250.40000000,0.02000000,251.38
1749265231,250.39000000,20.90500000,251.38
1749265231,250.38000000,9.53700000,251.38
1749265231,250.37000000,0.03000000,251.38
1749265231,250.36000000,0.03900000,251.38
1749265533,252.24000000,0.31600000,252.21
1749265533,252.23000000,3.44800000,252.21
1749265533,252.22000000,3.20300000,252.21
1749265533,252.21000000,1.37500000,252.21
1749265533,252.20000000,4.92000000,252.21
1749265533,252.19000000,9.85700000,252.21
1749265533,252.18000000,1.25900000,252.21
1749265533,252.17000000,13.39900000,252.21
1749265533,252.16000000,40.85100000,252.21
1749265533,252.15000000,8.96100000,252.21
1749265533,252.14000000,8.06000000,252.21
1749265533,252.13000000,17.00700000,252.21
1749265533,252.12000000,2.62900000,252.21
1749265533,252.11000000,8.94400000,252.21
1749265533,252.10000000,10.64000000,252.21
1749265533,252.09000000,36.99500000,252.21
1749265533,252.08000000,4.28900000,252.21
1749265533,252.07000000,11.59700000,252.21
1749265533,252.06000000,16.68500000,252.21
1749265533,252.05000000,25.37700000,252.21
1749265533,252.04000000,36.90400000,252.21
1749265533,252.03000000,33.93700000,252.21
1749265533,252.02000000,73.07900000,252.21
1749265533,252.01000000,120.05600000,252.21
1749265533,252.00000000,53.18300000,252.21
1749265533,251.99000000,42.68000000,252.21
1749265533,251.98000000,17.28500000,252.21
1749265533,251.97000000,39.36300000,252.21
1749265533,251.96000000,4.80500000,252.21
1749265533,251.95000000,10.36300000,252.21
1749265533,251.94000000,8.36400000,252.21
1749265533,251.93000000,20.63100000,252.21
1749265533,251.92000000,11.52300000,252.21
1749265533,251.91000000,14.29000000,252.21
1749265533,251.90000000,32.64600000,252.21
1749265533,251.89000000,10.86200000,252.21
1749265533,251.88000000,17.21000000,252.21
1749265533,251.87000000,10.67000000,252.21
1749265533,251.86000000,13.07900000,252.21
1749265533,251.85000000,27.96000000,252.21
1749265533,251.84000000,18.91400000,252.21
1749265533,251.83000000,5.74200000,252.21
1749265533,251.82000000,5.48100000,252.21
1749265533,251.81000000,18.50600000,252.21
1749265533,251.80000000,35.00400000,252.21
1749265533,251.79000000,24.84700000,252.21
1749265533,251.78000000,45.14800000,252.21
1749265533,251.77000000,53.21300000,252.21
1749265533,251.76000000,68.74200000,252.21
1749265533,251.75000000,31.90000000,252.21
1749265533,251.74000000,0.04000000,252.21
1749265533,251.73000000,18.54400000,252.21
1749265533,251.72000000,2.23600000,252.21
1749265533,251.71000000,4.17000000,252.21
1749265533,251.70000000,6.39300000,252.21
1749265533,251.69000000,17.44900000,252.21
1749265533,251.68000000,72.92800000,252.21
1749265533,251.67000000,8.27300000,252.21
1749265533,251.66000000,3.15100000,252.21
1749265533,251.65000000,4.15700000,252.21
1749265533,251.64000000,58.17300000,252.21
1749265533,251.63000000,4.15700000,252.21
1749265533,251.62000000,14.13600000,252.21
1749265533,251.61000000,0.07000000,252.21
1749265533,251.60000000,13.35500000,252.21
1749265533,251.59000000,4.15800000,252.21
1749265533,251.58000000,0.04000000,252.21
1749265533,251.57000000,17.45000000,252.21
1749265533,251.56000000,8.27200000,252.21
1749265533,251.55000000,4.15900000,252.21
1749265533,251.54000000,9.06900000,252.21
1749265533,251.53000000,4.16000000,252.21
1749265533,251.52000000,12.41400000,252.21
1749265533,251.51000000,0.98500000,252.21
1749265533,251.50000000,4.16000000,252.21
1749265533,251.49000000,4.18600000,252.21
1749265533,251.48000000,5.10600000,252.21
1749265533,251.47000000,4.12100000,252.21
1749265533,251.46000000,16.46800000,252.21
1749265533,251.45000000,13.29900000,252.21
1749265533,251.44000000,8.23200000,252.21
1749265533,251.43000000,28.87200000,252.21
1749265533,251.42000000,5.39700000,252.21
1749265533,251.40000000,0.02000000,252.21
1749265533,251.39000000,0.94500000,252.21
1749265533,251.38000000,0.02600000,252.21
1749265533,251.37000000,0.03000000,252.21
1749265533,251.36000000,9.17700000,252.21
1749265533,251.35000000,12.34700000,252.21
1749265533,251.34000000,8.23200000,252.21
1749265533,251.33000000,0.94500000,252.21
1749265533,251.32000000,4.11600000,252.21
1749265533,251.30000000,2.70800000,252.21
1749265533,251.29000000,0.03500000,252.21
1749265533,251.28000000,8.25400000,252.21
1749265533,251.27000000,0.94500000,252.21
1749265533,251.25000000,0.03000000,252.21
1749265533,251.24000000,10.92300000,252.21
1749265533,251.23000000,21.26900000,252.21
1749265533,251.21000000,0.94500000,252.21
1749265834,252.39000000,3.16900000,252.39
1749265834,252.38000000,0.24600000,252.39
1749265834,252.37000000,2.49000000,252.39
1749265834,252.36000000,5.71600000,252.39
1749265834,252.35000000,9.62300000,252.39
1749265834,252.34000000,5.62600000,252.39
1749265834,252.33000000,4.51400000,252.39
1749265834,252.32000000,6.23700000,252.39
1749265834,252.31000000,18.67100000,252.39
1749265834,252.30000000,12.92400000,252.39
1749265834,252.29000000,14.59200000,252.39
1749265834,252.28000000,52.01600000,252.39
1749265834,252.27000000,32.29000000,252.39
1749265834,252.26000000,19.76400000,252.39
1749265834,252.25000000,24.59300000,252.39
1749265834,252.24000000,21.53200000,252.39
1749265834,252.23000000,8.50900000,252.39
1749265834,252.22000000,9.44700000,252.39
1749265834,252.21000000,52.29400000,252.39
1749265834,252.20000000,53.17300000,252.39
1749265834,252.19000000,46.86500000,252.39
1749265834,252.18000000,41.69600000,252.39
1749265834,252.17000000,103.32800000,252.39
1749265834,252.16000000,86.55800000,252.39
1749265834,252.15000000,47.44100000,252.39
1749265834,252.14000000,7.33800000,252.39
1749265834,252.13000000,19.37200000,252.39
1749265834,252.12000000,1.59400000,252.39
1749265834,252.11000000,8.02500000,252.39
1749265834,252.10000000,16.18700000,252.39
1749265834,252.09000000,22.88400000,252.39
1749265834,252.08000000,7.55100000,252.39
1749265834,252.07000000,22.95200000,252.39
1749265834,252.06000000,15.51400000,252.39
1749265834,252.05000000,33.09500000,252.39
1749265834,252.04000000,9.68900000,252.39
1749265834,252.03000000,11.50600000,252.39
1749265834,252.02000000,23.90600000,252.39
1749265834,252.01000000,12.39800000,252.39
1749265834,252.00000000,12.05500000,252.39
1749265834,251.99000000,7.09100000,252.39
1749265834,251.98000000,24.45500000,252.39
1749265834,251.97000000,32.62900000,252.39
1749265834,251.96000000,46.24400000,252.39
1749265834,251.95000000,38.97700000,252.39
1749265834,251.94000000,54.57500000,252.39
1749265834,251.93000000,40.88400000,252.39
1749265834,251.92000000,13.93200000,252.39
1749265834,251.91000000,6.52900000,252.39
1749265834,251.90000000,16.51300000,252.39
1749265834,251.89000000,2.43800000,252.39
1749265834,251.88000000,6.58700000,252.39
1749265834,251.87000000,0.98500000,252.39
1749265834,251.86000000,10.27700000,252.39
1749265834,251.85000000,12.41700000,252.39
1749265834,251.84000000,10.63300000,252.39
1749265834,251.83000000,6.01400000,252.39
1749265834,251.82000000,4.17700000,252.39
1749265834,251.81000000,19.44500000,252.39
1749265834,251.80000000,8.31700000,252.39
1749265834,251.79000000,72.59700000,252.39
1749265834,251.78000000,5.10100000,252.39
1749265834,251.77000000,10.49300000,252.39
1749265834,251.76000000,4.17800000,252.39
1749265834,251.75000000,0.98500000,252.39
1749265834,251.74000000,8.12000000,252.39
1749265834,251.73000000,59.60900000,252.39
1749265834,251.72000000,5.10200000,252.39
1749265834,251.71000000,0.04000000,252.39
1749265834,251.70000000,4.17900000,252.39
1749265834,251.69000000,17.44900000,252.39
1749265834,251.68000000,134.54800000,252.39
1749265834,251.67000000,4.15600000,252.39
1749265834,251.66000000,4.15800000,252.39
1749265834,251.65000000,0.04000000,252.39
1749265834,251.64000000,5.10300000,252.39
1749265834,251.63000000,4.15800000,252.39
1749265834,251.62000000,14.09700000,252.39
1749265834,251.61000000,4.14900000,252.39
1749265834,251.60000000,13.31600000,252.39
1749265834,251.58000000,3.78600000,252.39
1749265834,251.57000000,13.29200000,252.39
1749265834,251.56000000,8.23200000,252.39
1749265834,251.54000000,0.94500000,252.39
1749265834,251.52000000,8.25400000,252.39
1749265834,251.51000000,172.81700000,252.39
1749265834,251.49000000,4.17600000,252.39
1749265834,251.48000000,0.94500000,252.39
1749265834,251.46000000,12.34700000,252.39
1749265834,251.45000000,236.92400000,252.39
1749265834,251.44000000,8.23200000,252.39
1749265834,251.43000000,24.75000000,252.39
1749265834,251.42000000,0.32800000,252.39
1749265834,251.40000000,0.04000000,252.39
1749265834,251.39000000,0.94500000,252.39
1749265834,251.38000000,0.02600000,252.39
1749265834,251.37000000,0.03000000,252.39
1749265834,251.36000000,9.17700000,252.39
1749265834,251.35000000,12.34700000,252.39
1749265834,251.34000000,8.23200000,252.39
1749266136,252.86000000,1.32700000,252.88
1749266136,252.84000000,1.57100000,252.88
1749266136,252.83000000,0.98500000,252.88
1749266136,252.82000000,1.80800000,252.88
1749266136,252.81000000,2.54600000,252.88
1749266136,252.80000000,6.16800000,252.88
1749266136,252.79000000,12.78600000,252.88
1749266136,252.78000000,17.90100000,252.88
1749266136,252.77000000,6.05800000,252.88
1749266136,252.76000000,7.05500000,252.88
1749266136,252.75000000,13.08800000,252.88
1749266136,252.74000000,41.33700000,252.88
1749266136,252.73000000,28.06500000,252.88
1749266136,252.72000000,9.18900000,252.88
1749266136,252.71000000,22.60600000,252.88
1749266136,252.70000000,24.67800000,252.88
1749266136,252.69000000,75.03300000,252.88
1749266136,252.68000000,55.09300000,252.88
1749266136,252.67000000,17.00300000,252.88
1749266136,252.66000000,34.69800000,252.88
1749266136,252.65000000,17.28100000,252.88
1749266136,252.64000000,4.29200000,252.88
1749266136,252.63000000,11.38200000,252.88
1749266136,252.62000000,5.97400000,252.88
1749266136,252.61000000,27.90400000,252.88
1749266136,252.60000000,37.84900000,252.88
1749266136,252.59000000,23.01200000,252.88
1749266136,252.58000000,26.00000000,252.88
1749266136,252.57000000,5.64400000,252.88
1749266136,252.56000000,14.37400000,252.88
1749266136,252.55000000,29.81900000,252.88
1749266136,252.54000000,40.33400000,252.88
1749266136,252.53000000,44.78200000,252.88
1749266136,252.52000000,37.29000000,252.88
1749266136,252.51000000,31.88300000,252.88
1749266136,252.50000000,47.88200000,252.88
1749266136,252.49000000,17.87900000,252.88
1749266136,252.48000000,12.06500000,252.88
1749266136,252.47000000,30.74900000,252.88
1749266136,252.46000000,25.78800000,252.88
1749266136,252.45000000,21.96800000,252.88
1749266136,252.44000000,14.38200000,252.88
1749266136,252.43000000,10.34100000,252.88
1749266136,252.42000000,25.81600000,252.88
1749266136,252.41000000,27.89600000,252.88
1749266136,252.40000000,62.58200000,252.88
1749266136,252.39000000,8.03900000,252.88
1749266136,252.38000000,22.47600000,252.88
1749266136,252.37000000,52.71200000,252.88
1749266136,252.36000000,40.94700000,252.88
1749266136,252.35000000,66.22400000,252.88
1749266136,252.34000000,81.92000000,252.88
1749266136,252.33000000,30.37500000,252.88
1749266136,252.32000000,0.04000000,252.88
1749266136,252.31000000,4.16100000,252.88
1749266136,252.30000000,0.06200000,252.88
1749266136,252.29000000,4.16100000,252.88
1749266136,252.28000000,1.50900000,252.88
1749266136,252.27000000,5.59300000,252.88
1749266136,252.26000000,8.27200000,252.88
1749266136,252.25000000,15.81500000,252.88
1749266136,252.24000000,12.40900000,252.88
1749266136,252.23000000,8.12500000,252.88
1749266136,252.22000000,0.04000000,252.88
1749266136,252.21000000,4.19200000,252.88
1749266136,252.20000000,5.45400000,252.88
1749266136,252.19000000,0.04000000,252.88
1749266136,252.18000000,4.16200000,252.88
1749266136,252.17000000,68.66700000,252.88
1749266136,252.16000000,4.15600000,252.88
1749266136,252.15000000,12.39500000,252.88
1749266136,252.14000000,5.09500000,252.88
1749266136,252.13000000,12.38700000,252.88
1749266136,252.12000000,4.15000000,252.88
1749266136,252.11000000,5.09500000,252.88
1749266136,252.10000000,2.82100000,252.88
1749266136,252.09000000,9.59100000,252.88
1749266136,252.08000000,5.05600000,252.88
1749266136,252.07000000,117.71400000,252.88
1749266136,252.06000000,4.11100000,252.88
1749266136,252.05000000,4.11100000,252.88
1749266136,252.04000000,8.23200000,252.88
1749266136,252.03000000,5.05600000,252.88
1749266136,252.02000000,16.45900000,252.88
1749266136,252.01000000,9.10300000,252.88
1749266136,252.00000000,16.34000000,252.88
1749266136,251.97000000,0.97500000,252.88
1749266136,251.94000000,24.71100000,252.88
1749266136,251.93000000,16.46400000,252.88
1749266136,251.91000000,0.94500000,252.88
1749266136,251.90000000,12.34700000,252.88
1749266136,251.87000000,0.94500000,252.88
1749266136,251.85000000,8.26200000,252.88
1749266136,251.84000000,6.79400000,252.88
1749266136,251.83000000,0.02200000,252.88
1749266136,251.81000000,0.94500000,252.88
1749266136,251.80000000,8.31500000,252.88
1749266136,251.79000000,192.13600000,252.88
1749266136,251.78000000,0.94500000,252.88
1749266136,251.77000000,8.23200000,252.88
1749266437,252.63000000,6.21200000,252.62
1749266437,252.62000000,3.42800000,252.62
1749266437,252.61000000,7.03400000,252.62
1749266437,252.60000000,12.12000000,252.62
1749266437,252.59000000,2.58300000,252.62
1749266437,252.58000000,29.83000000,252.62
1749266437,252.57000000,34.43000000,252.62
1749266437,252.56000000,4.62000000,252.62
1749266437,252.55000000,13.08500000,252.62
1749266437,252.54000000,1.05900000,252.62
1749266437,252.53000000,5.99100000,252.62
1749266437,252.52000000,7.76200000,252.62
1749266437,252.51000000,33.10100000,252.62
1749266437,252.50000000,33.41000000,252.62
1749266437,252.49000000,20.02400000,252.62
1749266437,252.48000000,5.91700000,252.62
1749266437,252.47000000,5.41000000,252.62
1749266437,252.46000000,24.04900000,252.62
1749266437,252.45000000,29.44200000,252.62
1749266437,252.44000000,32.67700000,252.62
1749266437,252.43000000,96.90100000,252.62
1749266437,252.42000000,196.85300000,252.62
1749266437,252.41000000,11.04500000,252.62
1749266437,252.40000000,11.11800000,252.62
1749266437,252.39000000,8.03600000,252.62
1749266437,252.38000000,17.71800000,252.62
1749266437,252.37000000,27.15100000,252.62
1749266437,252.36000000,54.12300000,252.62
1749266437,252.35000000,48.44900000,252.62
1749266437,252.34000000,53.41500000,252.62
1749266437,252.33000000,31.60900000,252.62
1749266437,252.32000000,21.40600000,252.62
1749266437,252.31000000,8.09100000,252.62
1749266437,252.30000000,9.60800000,252.62
1749266437,252.29000000,1.75500000,252.62
1749266437,252.28000000,5.61600000,252.62
1749266437,252.27000000,4.14800000,252.62
1749266437,252.26000000,14.50800000,252.62
1749266437,252.25000000,17.53200000,252.62
1749266437,252.24000000,43.70300000,252.62
1749266437,252.23000000,9.16200000,252.62
1749266437,252.22000000,17.75000000,252.62
1749266437,252.21000000,33.66000000,252.62
1749266437,252.20000000,53.14200000,252.62
1749266437,252.19000000,40.91600000,252.62
1749266437,252.18000000,19.06400000,252.62
1749266437,252.17000000,9.21700000,252.62
1749266437,252.16000000,8.26500000,252.62
1749266437,252.15000000,25.97300000,252.62
1749266437,252.14000000,2.21500000,252.62
1749266437,252.13000000,16.49800000,252.62
1749266437,252.12000000,1.36300000,252.62
1749266437,252.11000000,7.79400000,252.62
1749266437,252.10000000,18.49500000,252.62
1749266437,252.09000000,12.41300000,252.62
1749266437,252.08000000,0.98500000,252.62
1749266437,252.07000000,4.15100000,252.62
1749266437,252.06000000,5.47400000,252.62
1749266437,252.05000000,117.75400000,252.62
1749266437,252.04000000,12.38300000,252.62
1749266437,252.03000000,4.54000000,252.62
1749266437,252.02000000,16.49800000,252.62
1749266437,252.01000000,12.34300000,252.62
1749266437,252.00000000,82.94800000,252.62
1749266437,251.99000000,0.08200000,252.62
1749266437,251.98000000,4.15300000,252.62
1749266437,251.97000000,5.04600000,252.62
1749266437,251.96000000,4.07000000,252.62
1749266437,251.95000000,3.98900000,252.62
1749266437,251.94000000,24.93800000,252.62
1749266437,251.93000000,12.38600000,252.62
1749266437,251.92000000,0.04000000,252.62
1749266437,251.91000000,5.08700000,252.62
1749266437,251.90000000,67.77200000,252.62
1749266437,251.89000000,4.14200000,252.62
1749266437,251.88000000,0.04000000,252.62
1749266437,251.87000000,5.08700000,252.62
1749266437,251.86000000,175.73800000,252.62
1749266437,251.85000000,8.51100000,252.62
1749266437,251.84000000,9.16400000,252.62
1749266437,251.83000000,0.02200000,252.62
1749266437,251.82000000,4.11600000,252.62
1749266437,251.81000000,3.69700000,252.62
1749266437,251.80000000,11.53800000,252.62
1749266437,251.79000000,13.71200000,252.62
1749266437,251.78000000,0.94500000,252.62
1749266437,251.77000000,0.78400000,252.62
1749266437,251.76000000,0.02200000,252.62
1749266437,251.75000000,0.94500000,252.62
1749266437,251.73000000,0.33300000,252.62
1749266437,251.72000000,0.94500000,252.62
1749266437,251.69000000,17.40900000,252.62
1749266437,251.68000000,12.45000000,252.62
1749266437,251.67000000,4.11600000,252.62
1749266437,251.66000000,0.97700000,252.62
1749266437,251.63000000,0.98400000,252.62
1749266437,251.61000000,1.24500000,252.62
1749266437,251.60000000,0.96500000,252.62
1749266437,251.57000000,242.81900000,252.62
1749266437,251.56000000,8.23200000,252.62
1749266739,253.74000000,2.13800000,253.75
1749266739,253.71000000,12.88000000,253.75
1749266739,253.70000000,1.76000000,253.75
1749266739,253.69000000,0.38100000,253.75
1749266739,253.68000000,2.44900000,253.75
1749266739,253.67000000,10.23900000,253.75
1749266739,253.66000000,3.39400000,253.75
1749266739,253.65000000,31.81600000,253.75
1749266739,253.64000000,24.47900000,253.75
1749266739,253.63000000,5.88400000,253.75
1749266739,253.62000000,1.48100000,253.75
1749266739,253.61000000,7.97500000,253.75
1749266739,253.60000000,26.41900000,253.75
1749266739,253.59000000,25.19100000,253.75
1749266739,253.58000000,62.28500000,253.75
1749266739,253.57000000,58.36600000,253.75
1749266739,253.56000000,30.25100000,253.75
1749266739,253.55000000,8.08300000,253.75
1749266739,253.54000000,5.73900000,253.75
1749266739,253.53000000,4.25200000,253.75
1749266739,253.52000000,25.64000000,253.75
1749266739,253.51000000,34.41600000,253.75
1749266739,253.50000000,11.88600000,253.75
1749266739,253.49000000,8.53200000,253.75
1749266739,253.48000000,6.11900000,253.75
1749266739,253.47000000,6.25800000,253.75
1749266739,253.46000000,4.17200000,253.75
1749266739,253.45000000,32.44100000,253.75
1749266739,253.44000000,12.61100000,253.75
1749266739,253.43000000,14.79800000,253.75
1749266739,253.42000000,11.48300000,253.75
1749266739,253.41000000,6.46600000,253.75
1749266739,253.40000000,30.14000000,253.75
1749266739,253.39000000,11.63700000,253.75
1749266739,253.38000000,5.34800000,253.75
1749266739,253.37000000,8.59500000,253.75
1749266739,253.36000000,18.79700000,253.75
1749266739,253.35000000,66.81900000,253.75
1749266739,253.34000000,4.05900000,253.75
1749266739,253.33000000,107.84500000,253.75
1749266739,253.32000000,26.14900000,253.75
1749266739,253.31000000,18.10800000,253.75
1749266739,253.30000000,30.01900000,253.75
1749266739,253.29000000,39.41700000,253.75
1749266739,253.28000000,29.71800000,253.75
1749266739,253.27000000,0.04000000,253.75
1749266739,253.26000000,5.10000000,253.75
1749266739,253.25000000,4.63000000,253.75
1749266739,253.24000000,14.64900000,253.75
1749266739,253.23000000,5.07900000,253.75
1749266739,253.22000000,12.38700000,253.75
1749266739,253.21000000,26.71100000,253.75
1749266739,253.20000000,0.08200000,253.75
1749266739,253.19000000,12.01800000,253.75
1749266739,253.18000000,5.27700000,253.75
1749266739,253.17000000,4.66000000,253.75
1749266739,253.16000000,0.72800000,253.75
1749266739,253.15000000,7.43000000,253.75
1749266739,253.14000000,4.17800000,253.75
1749266739,253.13000000,22.34600000,253.75
1749266739,253.12000000,59.79700000,253.75
1749266739,253.11000000,2.21800000,253.75
1749266739,253.10000000,4.13700000,253.75
1749266739,253.09000000,16.05000000,253.75
1749266739,253.08000000,1.41900000,253.75
1749266739,253.07000000,4.43800000,253.75
1749266739,253.06000000,0.98500000,253.75
1749266739,253.05000000,4.16700000,253.75
1749266739,253.04000000,0.04000000,253.75
1749266739,253.03000000,5.37500000,253.75
1749266739,253.02000000,1.41700000,253.75
1749266739,253.01000000,0.47600000,253.75
1749266739,253.00000000,2.40800000,253.75
1749266739,252.99000000,9.65200000,253.75
1749266739,252.98000000,1.16700000,253.75
1749266739,252.97000000,16.46400000,253.75
1749266739,252.96000000,22.71800000,253.75
1749266739,252.94000000,0.03100000,253.75
1749266739,252.93000000,0.97500000,253.75
1749266739,252.92000000,12.34700000,253.75
1749266739,252.90000000,0.03900000,253.75
1749266739,252.89000000,0.94500000,253.75
1749266739,252.88000000,1.21500000,253.75
1749266739,252.87000000,55.11900000,253.75
1749266739,252.86000000,19.92700000,253.75
1749266739,252.85000000,4.91600000,253.75
1749266739,252.82000000,0.94500000,253.75
1749266739,252.81000000,12.43400000,253.75
1749266739,252.80000000,0.02000000,253.75
1749266739,252.77000000,0.94500000,253.75
1749266739,252.75000000,9.97800000,253.75
1749266739,252.73000000,0.94500000,253.75
1749266739,252.72000000,1.15000000,253.75
1749266739,252.71000000,8.23200000,253.75
1749266739,252.70000000,13.29200000,253.75
1749266739,252.69000000,0.03000000,253.75
1749266739,252.67000000,8.23200000,253.75
1749266739,252.66000000,4.22600000,253.75
1749266739,252.60000000,0.03000000,253.75
1749266739,252.59000000,13.14700000,253.75
1749267040,253.66000000,2.04900000,253.66
1749267040,253.65000000,1.51400000,253.66
1749267040,253.64000000,0.06200000,253.66
1749267040,253.63000000,0.04000000,253.66
1749267040,253.62000000,1.24200000,253.66
1749267040,253.61000000,12.46600000,253.66
1749267040,253.60000000,0.08200000,253.66
1749267040,253.59000000,2.11400000,253.66
1749267040,253.58000000,10.97600000,253.66
1749267040,253.57000000,27.83000000,253.66
1749267040,253.56000000,12.03300000,253.66
1749267040,253.55000000,17.86900000,253.66
1749267040,253.54000000,69.30400000,253.66
1749267040,253.53000000,40.67200000,253.66
1749267040,253.52000000,14.07800000,253.66
1749267040,253.51000000,0.98500000,253.66
1749267040,253.50000000,63.29600000,253.66
1749267040,253.49000000,32.22600000,253.66
1749267040,253.48000000,13.64900000,253.66
1749267040,253.47000000,11.03400000,253.66
1749267040,253.46000000,14.44400000,253.66
1749267040,253.45000000,16.86700000,253.66
1749267040,253.44000000,20.61000000,253.66
1749267040,253.43000000,22.53100000,253.66
1749267040,253.42000000,21.18000000,253.66
1749267040,253.41000000,5.74600000,253.66
1749267040,253.40000000,16.38400000,253.66
1749267040,253.39000000,15.19500000,253.66
1749267040,253.38000000,23.22900000,253.66
1749267040,253.37000000,28.42800000,253.66
1749267040,253.36000000,0.04000000,253.66
1749267040,253.35000000,12.88400000,253.66
1749267040,253.34000000,23.46200000,253.66
1749267040,253.33000000,15.23200000,253.66
1749267040,253.32000000,18.50800000,253.66
1749267040,253.31000000,17.58300000,253.66
1749267040,253.30000000,38.64800000,253.66
1749267040,253.29000000,1.03700000,253.66
1749267040,253.28000000,49.12900000,253.66
1749267040,253.27000000,94.95300000,253.66
1749267040,253.26000000,5.62400000,253.66
1749267040,253.25000000,20.72900000,253.66
1749267040,253.24000000,2.82200000,253.66
1749267040,253.23000000,18.26900000,253.66
1749267040,253.22000000,14.21700000,253.66
1749267040,253.21000000,28.60200000,253.66
1749267040,253.20000000,24.58100000,253.66
1749267040,253.19000000,17.35600000,253.66
1749267040,253.18000000,16.63700000,253.66
1749267040,253.17000000,32.45900000,253.66
1749267040,253.16000000,1.22800000,253.66
1749267040,253.15000000,4.60600000,253.66
1749267040,253.14000000,4.17800000,253.66
1749267040,253.13000000,22.34600000,253.66
1749267040,253.12000000,60.32100000,253.66
1749267040,253.11000000,11.16300000,253.66
1749267040,253.10000000,22.07400000,253.66
1749267040,253.09000000,16.99000000,253.66
1749267040,253.08000000,1.44100000,253.66
1749267040,253.07000000,4.43800000,253.66
1749267040,253.06000000,0.98500000,253.66
1749267040,253.05000000,130.11300000,253.66
1749267040,253.04000000,0.04000000,253.66
1749267040,253.03000000,5.08200000,253.66
1749267040,253.02000000,3.72700000,253.66
1749267040,253.01000000,0.47600000,253.66
1749267040,253.00000000,6.50600000,253.66
1749267040,252.99000000,8.29300000,253.66
1749267040,252.98000000,1.83100000,253.66
1749267040,252.97000000,16.94600000,253.66
1749267040,252.96000000,25.28800000,253.66
1749267040,252.95000000,4.13800000,253.66
1749267040,252.94000000,55.24700000,253.66
1749267040,252.93000000,5.11300000,253.66
1749267040,252.92000000,12.38700000,253.66
1749267040,252.91000000,4.13800000,253.66
1749267040,252.90000000,3.84700000,253.66
1749267040,252.89000000,12.94200000,253.66
1749267040,252.88000000,1.54800000,253.66
1749267040,252.87000000,0.66600000,253.66
1749267040,252.86000000,9.17700000,253.66
1749267040,252.85000000,4.91600000,253.66
1749267040,252.83000000,0.68600000,253.66
1749267040,252.82000000,0.94500000,253.66
1749267040,252.81000000,12.46100000,253.66
1749267040,252.80000000,0.02000000,253.66
1749267040,252.78000000,8.23200000,253.66
1749267040,252.77000000,0.94500000,253.66
1749267040,252.75000000,181.85000000,253.66
1749267040,252.73000000,0.94500000,253.66
1749267040,252.72000000,1.15000000,253.66
1749267040,252.71000000,8.23200000,253.66
1749267040,252.70000000,241.03900000,253.66
1749267040,252.69000000,0.03000000,253.66
1749267040,252.67000000,9.17700000,253.66
1749267040,252.66000000,4.22600000,253.66
1749267040,252.64000000,0.94500000,253.66
1749267040,252.60000000,1.80900000,253.66
1749267040,252.59000000,13.14700000,253.66
1749267040,252.57000000,0.05100000,253.66
1749267342,253.63000000,5.95600000,253.63
1749267342,253.62000000,0.52600000,253.63
1749267342,253.61000000,3.55200000,253.63
1749267342,253.60000000,2.52500000,253.63
1749267342,253.59000000,1.54100000,253.63
1749267342,253.58000000,1.47200000,253.63
1749267342,253.57000000,30.71800000,253.63
1749267342,253.56000000,0.06200000,253.63
1749267342,253.55000000,0.26600000,253.63
1749267342,253.54000000,18.09000000,253.63
1749267342,253.53000000,3.01200000,253.63
1749267342,253.52000000,20.12300000,253.63
1749267342,253.51000000,33.21400000,253.63
1749267342,253.50000000,6.54900000,253.63
1749267342,253.49000000,3.75400000,253.63
1749267342,253.48000000,9.04200000,253.63
1749267342,253.47000000,1.50900000,253.63
1749267342,253.46000000,15.11800000,253.63
1749267342,253.45000000,36.03800000,253.63
1749267342,253.44000000,18.89100000,253.63
1749267342,253.43000000,18.67700000,253.63
1749267342,253.42000000,12.95100000,253.63
1749267342,253.41000000,23.69300000,253.63
1749267342,253.40000000,15.77800000,253.63
1749267342,253.39000000,18.90200000,253.63
1749267342,253.38000000,5.17700000,253.63
1749267342,253.37000000,16.97500000,253.63
1749267342,253.36000000,4.39500000,253.63
1749267342,253.35000000,8.00300000,253.63
1749267342,253.34000000,27.73000000,253.63
1749267342,253.33000000,29.71900000,253.63
1749267342,253.32000000,12.75700000,253.63
1749267342,253.31000000,130.75900000,253.63
1749267342,253.30000000,31.88900000,253.63
1749267342,253.29000000,23.13800000,253.63
1749267342,253.28000000,69.13200000,253.63
1749267342,253.27000000,14.90500000,253.63
1749267342,253.26000000,13.58300000,253.63
1749267342,253.25000000,7.53900000,253.63
1749267342,253.24000000,7.12800000,253.63
1749267342,253.23000000,23.79500000,253.63
1749267342,253.22000000,40.90700000,253.63
1749267342,253.21000000,17.22700000,253.63
1749267342,253.20000000,24.48300000,253.63
1749267342,253.19000000,8.10600000,253.63
1749267342,253.18000000,25.03600000,253.63
1749267342,253.17000000,18.49800000,253.63
1749267342,253.16000000,6.63400000,253.63
1749267342,253.15000000,57.15700000,253.63
1749267342,253.14000000,4.17800000,253.63
1749267342,253.13000000,48.16100000,253.63
1749267342,253.12000000,30.21400000,253.63
1749267342,253.11000000,3.58200000,253.63
1749267342,253.10000000,19.40000000,253.63
1749267342,253.09000000,72.14400000,253.63
1749267342,253.08000000,14.93500000,253.63
1749267342,253.07000000,4.46800000,253.63
1749267342,253.06000000,10.00600000,253.63
1749267342,253.05000000,13.11200000,253.63
1749267342,253.04000000,0.04000000,253.63
1749267342,253.03000000,5.08200000,253.63
1749267342,253.02000000,3.74900000,253.63
1749267342,253.01000000,0.47600000,253.63
1749267342,253.00000000,7.15700000,253.63
1749267342,252.99000000,14.80500000,253.63
1749267342,252.98000000,1.83100000,253.63
1749267342,252.97000000,12.98800000,253.63
1749267342,252.96000000,25.20900000,253.63
1749267342,252.95000000,4.13800000,253.63
1749267342,252.94000000,0.07100000,253.63
1749267342,252.93000000,5.11300000,253.63
1749267342,252.92000000,12.38700000,253.63
1749267342,252.91000000,12.37000000,253.63
1749267342,252.90000000,121.55700000,253.63
1749267342,252.89000000,4.74800000,253.63
1749267342,252.88000000,1.59000000,253.63
1749267342,252.87000000,4.13900000,253.63
1749267342,252.86000000,9.17700000,253.63
1749267342,252.85000000,9.01500000,253.63
1749267342,252.83000000,4.10000000,253.63
1749267342,252.82000000,4.37000000,253.63
1749267342,252.81000000,71.72800000,253.63
1749267342,252.80000000,0.02000000,253.63
1749267342,252.79000000,4.09900000,253.63
1749267342,252.78000000,12.33100000,253.63
1749267342,252.77000000,5.04400000,253.63
1749267342,252.76000000,4.10000000,253.63
1749267342,252.75000000,185.95000000,253.63
1749267342,252.74000000,4.10000000,253.63
1749267342,252.73000000,0.94500000,253.63
1749267342,252.72000000,1.15000000,253.63
1749267342,252.71000000,8.23200000,253.63
1749267342,252.70000000,13.29200000,253.63
1749267342,252.69000000,0.03000000,253.63
1749267342,252.67000000,9.17700000,253.63
1749267342,252.66000000,4.22600000,253.63
1749267342,252.64000000,0.94500000,253.63
1749267342,252.60000000,1.82900000,253.63
1749267342,252.59000000,13.14700000,253.63
1749267342,252.57000000,0.05100000,253.63
