timestamp,price,volume,current_price
1749254453,0.65520000,5349.30000000,0.6552
1749254453,0.65510000,25388.80000000,0.6552
1749254453,0.65500000,57120.70000000,0.6552
1749254453,0.65490000,29815.00000000,0.6552
1749254453,0.65480000,18847.20000000,0.6552
1749254453,0.65470000,47377.20000000,0.6552
1749254453,0.65460000,21701.40000000,0.6552
1749254453,0.65450000,35784.80000000,0.6552
1749254453,0.65440000,63347.30000000,0.6552
1749254453,0.65430000,57660.40000000,0.6552
1749254453,0.65420000,60120.50000000,0.6552
1749254453,0.65410000,70933.10000000,0.6552
1749254453,0.65400000,52550.10000000,0.6552
1749254453,0.65390000,13055.90000000,0.6552
1749254453,0.65380000,21048.70000000,0.6552
1749254453,0.65370000,13816.30000000,0.6552
1749254453,0.65360000,9586.50000000,0.6552
1749254453,0.65350000,15326.60000000,0.6552
1749254453,0.65340000,44372.50000000,0.6552
1749254453,0.65330000,10950.90000000,0.6552
1749254453,0.65320000,66094.00000000,0.6552
1749254453,0.65310000,5119.20000000,0.6552
1749254453,0.65300000,2438.60000000,0.6552
1749254453,0.65290000,7250.00000000,0.6552
1749254453,0.65280000,130507.30000000,0.6552
1749254453,0.65270000,7862.20000000,0.6552
1749254453,0.65260000,8259.90000000,0.6552
1749254453,0.65250000,23863.90000000,0.6552
1749254453,0.65240000,5479.50000000,0.6552
1749254453,0.65230000,3045.80000000,0.6552
1749254453,0.65220000,6908.80000000,0.6552
1749254453,0.65210000,21715.20000000,0.6552
1749254453,0.65200000,5253.00000000,0.6552
1749254453,0.65190000,3082.70000000,0.6552
1749254453,0.65180000,5757.90000000,0.6552
1749254453,0.65170000,115462.40000000,0.6552
1749254453,0.65160000,2466.50000000,0.6552
1749254453,0.65150000,5469.70000000,0.6552
1749254453,0.65140000,2461.10000000,0.6552
1749254453,0.65130000,2359.90000000,0.6552
1749254453,0.65120000,4733.90000000,0.6552
1749254453,0.65110000,17426.80000000,0.6552
1749254453,0.65100000,144394.70000000,0.6552
1749254453,0.65090000,4902.10000000,0.6552
1749254453,0.65080000,437.60000000,0.6552
1749254453,0.65070000,5366.60000000,0.6552
1749254453,0.65060000,4775.70000000,0.6552
1749254453,0.65050000,1095.10000000,0.6552
1749254453,0.65040000,183.10000000,0.6552
1749254453,0.65030000,3505.40000000,0.6552
1749254453,0.65020000,218.80000000,0.6552
1749254453,0.65010000,4146.20000000,0.6552
1749254453,0.65000000,162080.20000000,0.6552
1749254453,0.64990000,283.00000000,0.6552
1749254453,0.64980000,5700.40000000,0.6552
1749254453,0.64970000,179.40000000,0.6552
1749254453,0.64960000,404.50000000,0.6552
1749254453,0.64950000,1111.60000000,0.6552
1749254453,0.64940000,12495.10000000,0.6552
1749254453,0.64930000,687.90000000,0.6552
1749254453,0.64920000,2112.40000000,0.6552
1749254453,0.64910000,1823.10000000,0.6552
1749254453,0.64900000,7372.30000000,0.6552
1749254453,0.64890000,2538.20000000,0.6552
1749254453,0.64880000,48.50000000,0.6552
1749254453,0.64870000,4284.70000000,0.6552
1749254453,0.64860000,234.40000000,0.6552
1749254453,0.64850000,114.20000000,0.6552
1749254453,0.64840000,23682.70000000,0.6552
1749254453,0.64830000,112648.70000000,0.6552
1749254453,0.64820000,1476.50000000,0.6552
1749254453,0.64810000,1790.20000000,0.6552
1749254453,0.64800000,3813.70000000,0.6552
1749254453,0.64790000,1292.30000000,0.6552
1749254453,0.64780000,1192.90000000,0.6552
1749254453,0.64770000,608.50000000,0.6552
1749254453,0.64760000,242.80000000,0.6552
1749254453,0.64750000,2529.50000000,0.6552
1749254453,0.64740000,1260.50000000,0.6552
1749254453,0.64730000,10807.60000000,0.6552
1749254453,0.64720000,373.10000000,0.6552
1749254453,0.64710000,882.00000000,0.6552
1749254453,0.64700000,27265.50000000,0.6552
1749254453,0.64690000,151.40000000,0.6552
1749254453,0.64680000,91.00000000,0.6552
1749254453,0.64670000,43.20000000,0.6552
1749254453,0.64660000,170.20000000,0.6552
1749254453,0.64650000,16335.30000000,0.6552
1749254453,0.64640000,332.70000000,0.6552
1749254453,0.64630000,11717.30000000,0.6552
1749254453,0.64620000,510.00000000,0.6552
1749254453,0.64610000,30351.50000000,0.6552
1749254453,0.64600000,39764.80000000,0.6552
1749254453,0.64590000,70862.30000000,0.6552
1749254453,0.64580000,763.80000000,0.6552
1749254453,0.64570000,231.60000000,0.6552
1749254453,0.64560000,2892.60000000,0.6552
1749254453,0.64550000,605.50000000,0.6552
1749254453,0.64540000,268.40000000,0.6552
1749254453,0.64530000,30.70000000,0.6552
1749254754,0.65570000,16976.10000000,0.6558
1749254754,0.65560000,32453.30000000,0.6558
1749254754,0.65550000,62678.90000000,0.6558
1749254754,0.65540000,51970.40000000,0.6558
1749254754,0.65530000,63308.80000000,0.6558
1749254754,0.65520000,59036.90000000,0.6558
1749254754,0.65510000,23005.80000000,0.6558
1749254754,0.65500000,48142.10000000,0.6558
1749254754,0.65490000,29902.20000000,0.6558
1749254754,0.65480000,51790.50000000,0.6558
1749254754,0.65470000,66649.20000000,0.6558
1749254754,0.65460000,59860.70000000,0.6558
1749254754,0.65450000,45698.90000000,0.6558
1749254754,0.65440000,24917.40000000,0.6558
1749254754,0.65430000,30534.40000000,0.6558
1749254754,0.65420000,34937.10000000,0.6558
1749254754,0.65410000,12042.60000000,0.6558
1749254754,0.65400000,12484.70000000,0.6558
1749254754,0.65390000,3960.20000000,0.6558
1749254754,0.65380000,41372.50000000,0.6558
1749254754,0.65370000,10159.20000000,0.6558
1749254754,0.65360000,6923.80000000,0.6558
1749254754,0.65350000,12663.90000000,0.6558
1749254754,0.65340000,10208.60000000,0.6558
1749254754,0.65330000,11676.80000000,0.6558
1749254754,0.65320000,68421.20000000,0.6558
1749254754,0.65310000,4773.10000000,0.6558
1749254754,0.65300000,6748.10000000,0.6558
1749254754,0.65290000,8009.20000000,0.6558
1749254754,0.65280000,89192.60000000,0.6558
1749254754,0.65270000,8755.30000000,0.6558
1749254754,0.65260000,8503.30000000,0.6558
1749254754,0.65250000,17568.20000000,0.6558
1749254754,0.65240000,16262.50000000,0.6558
1749254754,0.65230000,3045.80000000,0.6558
1749254754,0.65220000,6908.80000000,0.6558
1749254754,0.65210000,21715.20000000,0.6558
1749254754,0.65200000,5235.50000000,0.6558
1749254754,0.65190000,3030.80000000,0.6558
1749254754,0.65180000,20643.00000000,0.6558
1749254754,0.65170000,115372.90000000,0.6558
1749254754,0.65160000,503.30000000,0.6558
1749254754,0.65150000,3178.90000000,0.6558
1749254754,0.65140000,170.30000000,0.6558
1749254754,0.65130000,237.10000000,0.6558
1749254754,0.65120000,2420.50000000,0.6558
1749254754,0.65110000,38548.80000000,0.6558
1749254754,0.65100000,144394.70000000,0.6558
1749254754,0.65090000,4902.10000000,0.6558
1749254754,0.65080000,437.60000000,0.6558
1749254754,0.65070000,5366.60000000,0.6558
1749254754,0.65060000,3242.70000000,0.6558
1749254754,0.65050000,2628.00000000,0.6558
1749254754,0.65040000,183.10000000,0.6558
1749254754,0.65030000,3505.40000000,0.6558
1749254754,0.65020000,218.80000000,0.6558
1749254754,0.65010000,26668.70000000,0.6558
1749254754,0.65000000,163538.30000000,0.6558
1749254754,0.64990000,5582.20000000,0.6558
1749254754,0.64980000,400.40000000,0.6558
1749254754,0.64970000,179.40000000,0.6558
1749254754,0.64960000,404.50000000,0.6558
1749254754,0.64950000,6193.30000000,0.6558
1749254754,0.64940000,12500.10000000,0.6558
1749254754,0.64930000,1507.20000000,0.6558
1749254754,0.64920000,1617.60000000,0.6558
1749254754,0.64910000,3870.70000000,0.6558
1749254754,0.64900000,7372.30000000,0.6558
1749254754,0.64890000,1800.70000000,0.6558
1749254754,0.64880000,645.40000000,0.6558
1749254754,0.64870000,2271.30000000,0.6558
1749254754,0.64860000,234.40000000,0.6558
1749254754,0.64850000,114.20000000,0.6558
1749254754,0.64840000,32088.60000000,0.6558
1749254754,0.64830000,111840.80000000,0.6558
1749254754,0.64820000,9077.40000000,0.6558
1749254754,0.64810000,1774.90000000,0.6558
1749254754,0.64800000,3798.40000000,0.6558
1749254754,0.64790000,1277.00000000,0.6558
1749254754,0.64780000,1177.60000000,0.6558
1749254754,0.64770000,593.20000000,0.6558
1749254754,0.64760000,250.60000000,0.6558
1749254754,0.64750000,2567.60000000,0.6558
1749254754,0.64740000,1260.50000000,0.6558
1749254754,0.64730000,7723.30000000,0.6558
1749254754,0.64720000,373.10000000,0.6558
1749254754,0.64710000,882.00000000,0.6558
1749254754,0.64700000,27227.50000000,0.6558
1749254754,0.64690000,151.40000000,0.6558
1749254754,0.64680000,91.00000000,0.6558
1749254754,0.64670000,43.20000000,0.6558
1749254754,0.64660000,170.20000000,0.6558
1749254754,0.64650000,16335.30000000,0.6558
1749254754,0.64640000,332.70000000,0.6558
1749254754,0.64630000,11717.30000000,0.6558
1749254754,0.64620000,510.00000000,0.6558
1749254754,0.64610000,231.00000000,0.6558
1749254754,0.64600000,77609.20000000,0.6558
1749254754,0.64590000,72175.90000000,0.6558
1749254754,0.64580000,763.80000000,0.6558
1749255085,0.65390000,17623.00000000,0.654
1749255085,0.65380000,26252.00000000,0.654
1749255085,0.65370000,17104.90000000,0.654
1749255085,0.65360000,48486.70000000,0.654
1749255085,0.65350000,66291.10000000,0.654
1749255085,0.65340000,71183.00000000,0.654
1749255085,0.65330000,49678.20000000,0.654
1749255085,0.65320000,32918.60000000,0.654
1749255085,0.65310000,47079.80000000,0.654
1749255085,0.65300000,43074.10000000,0.654
1749255085,0.65290000,64284.10000000,0.654
1749255085,0.65280000,58327.70000000,0.654
1749255085,0.65270000,40040.00000000,0.654
1749255085,0.65260000,42999.30000000,0.654
1749255085,0.65250000,20596.30000000,0.654
1749255085,0.65240000,14442.50000000,0.654
1749255085,0.65230000,8120.60000000,0.654
1749255085,0.65220000,14280.00000000,0.654
1749255085,0.65210000,11706.60000000,0.654
1749255085,0.65200000,43337.80000000,0.654
1749255085,0.65190000,3030.80000000,0.654
1749255085,0.65180000,69371.70000000,0.654
1749255085,0.65170000,2623.80000000,0.654
1749255085,0.65160000,2500.20000000,0.654
1749255085,0.65150000,10257.40000000,0.654
1749255085,0.65140000,3116.70000000,0.654
1749255085,0.65130000,13140.00000000,0.654
1749255085,0.65120000,17463.70000000,0.654
1749255085,0.65110000,124253.40000000,0.654
1749255085,0.65100000,3631.50000000,0.654
1749255085,0.65090000,13541.30000000,0.654
1749255085,0.65080000,3565.50000000,0.654
1749255085,0.65070000,136033.70000000,0.654
1749255085,0.65060000,5408.50000000,0.654
1749255085,0.65050000,4793.80000000,0.654
1749255085,0.65040000,3303.20000000,0.654
1749255085,0.65030000,4906.40000000,0.654
1749255085,0.65020000,6759.70000000,0.654
1749255085,0.65010000,4268.80000000,0.654
1749255085,0.65000000,167985.80000000,0.654
1749255085,0.64990000,3320.20000000,0.654
1749255085,0.64980000,159086.90000000,0.654
1749255085,0.64970000,979.90000000,0.654
1749255085,0.64960000,404.50000000,0.654
1749255085,0.64950000,244.00000000,0.654
1749255085,0.64940000,12500.10000000,0.654
1749255085,0.64930000,1507.20000000,0.654
1749255085,0.64920000,1617.60000000,0.654
1749255085,0.64910000,3543.30000000,0.654
1749255085,0.64900000,7372.30000000,0.654
1749255085,0.64890000,2129.00000000,0.654
1749255085,0.64880000,5917.50000000,0.654
1749255085,0.64870000,1296.00000000,0.654
1749255085,0.64860000,3421.90000000,0.654
1749255085,0.64850000,114.20000000,0.654
1749255085,0.64840000,31453.50000000,0.654
1749255085,0.64830000,114479.00000000,0.654
1749255085,0.64820000,454.90000000,0.654
1749255085,0.64810000,1790.20000000,0.654
1749255085,0.64800000,5431.20000000,0.654
1749255085,0.64790000,1292.30000000,0.654
1749255085,0.64780000,1192.90000000,0.654
1749255085,0.64770000,608.50000000,0.654
1749255085,0.64760000,265.90000000,0.654
1749255085,0.64750000,4527.30000000,0.654
1749255085,0.64740000,1275.80000000,0.654
1749255085,0.64730000,1005.40000000,0.654
1749255085,0.64720000,396.20000000,0.654
1749255085,0.64710000,905.10000000,0.654
1749255085,0.64700000,119.50000000,0.654
1749255085,0.64690000,7118.50000000,0.654
1749255085,0.64680000,114.10000000,0.654
1749255085,0.64670000,58.50000000,0.654
1749255085,0.64660000,7814.50000000,0.654
1749255085,0.64650000,16350.60000000,0.654
1749255085,0.64640000,348.00000000,0.654
1749255085,0.64630000,12741.90000000,0.654
1749255085,0.64620000,510.00000000,0.654
1749255085,0.64610000,231.00000000,0.654
1749255085,0.64600000,54700.40000000,0.654
1749255085,0.64590000,70862.30000000,0.654
1749255085,0.64580000,763.80000000,0.654
1749255085,0.64570000,231.60000000,0.654
1749255085,0.64560000,132.40000000,0.654
1749255085,0.64550000,605.50000000,0.654
1749255085,0.64540000,268.40000000,0.654
1749255085,0.64530000,30.70000000,0.654
1749255085,0.64520000,171.60000000,0.654
1749255085,0.64510000,383.20000000,0.654
1749255085,0.64500000,7674.30000000,0.654
1749255085,0.64490000,120.40000000,0.654
1749255085,0.64480000,94.90000000,0.654
1749255085,0.64470000,3509.70000000,0.654
1749255085,0.64460000,27.40000000,0.654
1749255085,0.64450000,279.70000000,0.654
1749255085,0.64440000,1846.20000000,0.654
1749255085,0.64430000,244.40000000,0.654
1749255085,0.64420000,87.20000000,0.654
1749255085,0.64410000,166.50000000,0.654
1749255085,0.64400000,3954.20000000,0.654
