timestamp,price,volume,current_price
1749260638,0.65540000,4025.10000000,0.6554
1749260638,0.65530000,68204.50000000,0.6554
1749260638,0.65520000,39138.00000000,0.6554
1749260638,0.65510000,22620.80000000,0.6554
1749260638,0.65500000,66362.30000000,0.6554
1749260638,0.65490000,45177.80000000,0.6554
1749260638,0.65480000,33502.20000000,0.6554
1749260638,0.65470000,52054.70000000,0.6554
1749260638,0.65460000,79838.00000000,0.6554
1749260638,0.65450000,106314.30000000,0.6554
1749260638,0.65440000,69825.80000000,0.6554
1749260638,0.65430000,35800.90000000,0.6554
1749260638,0.65420000,54428.30000000,0.6554
1749260638,0.65410000,14349.70000000,0.6554
1749260638,0.65400000,19845.90000000,0.6554
1749260638,0.65390000,6053.10000000,0.6554
1749260638,0.65380000,19586.40000000,0.6554
1749260638,0.65370000,10461.30000000,0.6554
1749260638,0.65360000,15408.00000000,0.6554
1749260638,0.65350000,10589.30000000,0.6554
1749260638,0.65340000,16402.30000000,0.6554
1749260638,0.65330000,98508.20000000,0.6554
1749260638,0.65320000,8272.70000000,0.6554
1749260638,0.65310000,22224.50000000,0.6554
1749260638,0.65300000,15097.40000000,0.6554
1749260638,0.65290000,5851.10000000,0.6554
1749260638,0.65280000,14952.90000000,0.6554
1749260638,0.65270000,5662.20000000,0.6554
1749260638,0.65260000,5201.00000000,0.6554
1749260638,0.65250000,20405.50000000,0.6554
1749260638,0.65240000,6594.40000000,0.6554
1749260638,0.65230000,88184.20000000,0.6554
1749260638,0.65220000,7868.00000000,0.6554
1749260638,0.65210000,5769.90000000,0.6554
1749260638,0.65200000,12859.80000000,0.6554
1749260638,0.65190000,22479.70000000,0.6554
1749260638,0.65180000,120146.80000000,0.6554
1749260638,0.65170000,44182.90000000,0.6554
1749260638,0.65160000,817.90000000,0.6554
1749260638,0.65150000,3069.70000000,0.6554
1749260638,0.65140000,6204.60000000,0.6554
1749260638,0.65130000,536.80000000,0.6554
1749260638,0.65120000,94.20000000,0.6554
1749260638,0.65110000,19615.10000000,0.6554
1749260638,0.65100000,143598.90000000,0.6554
1749260638,0.65090000,962.70000000,0.6554
1749260638,0.65080000,369.80000000,0.6554
1749260638,0.65070000,194.90000000,0.6554
1749260638,0.65060000,66.80000000,0.6554
1749260638,0.65050000,2260.90000000,0.6554
1749260638,0.65040000,871.90000000,0.6554
1749260638,0.65030000,2921.70000000,0.6554
1749260638,0.65020000,3203.00000000,0.6554
1749260638,0.65010000,512.60000000,0.6554
1749260638,0.65000000,20592.00000000,0.6554
1749260638,0.64990000,2135.20000000,0.6554
1749260638,0.64980000,1665.90000000,0.6554
1749260638,0.64970000,83.60000000,0.6554
1749260638,0.64960000,280.80000000,0.6554
1749260638,0.64950000,3395.70000000,0.6554
1749260638,0.64940000,8977.50000000,0.6554
1749260638,0.64930000,680.10000000,0.6554
1749260638,0.64920000,3496.70000000,0.6554
1749260638,0.64910000,24368.90000000,0.6554
1749260638,0.64900000,119319.70000000,0.6554
1749260638,0.64890000,1035.80000000,0.6554
1749260638,0.64880000,34119.20000000,0.6554
1749260638,0.64870000,153.30000000,0.6554
1749260638,0.64860000,28.20000000,0.6554
1749260638,0.64850000,2109.20000000,0.6554
1749260638,0.64840000,251.40000000,0.6554
1749260638,0.64830000,65.60000000,0.6554
1749260638,0.64820000,3475.80000000,0.6554
1749260638,0.64810000,300.10000000,0.6554
1749260638,0.64800000,4805.90000000,0.6554
1749260638,0.64790000,2893.30000000,0.6554
1749260638,0.64780000,2131.10000000,0.6554
1749260638,0.64770000,209.20000000,0.6554
1749260638,0.64760000,10208.00000000,0.6554
1749260638,0.64750000,2529.50000000,0.6554
1749260638,0.64740000,28407.40000000,0.6554
1749260638,0.64730000,9657.50000000,0.6554
1749260638,0.64720000,218.90000000,0.6554
1749260638,0.64710000,699.50000000,0.6554
1749260638,0.64700000,3132.90000000,0.6554
1749260638,0.64690000,273.80000000,0.6554
1749260638,0.64680000,91.00000000,0.6554
1749260638,0.64670000,43.20000000,0.6554
1749260638,0.64660000,170.20000000,0.6554
1749260638,0.64650000,16319.70000000,0.6554
1749260638,0.64640000,332.70000000,0.6554
1749260638,0.64630000,11871.20000000,0.6554
1749260638,0.64620000,188.20000000,0.6554
1749260638,0.64610000,231.00000000,0.6554
1749260638,0.64600000,2116.50000000,0.6554
1749260638,0.64590000,68708.40000000,0.6554
1749260638,0.64580000,72230.30000000,0.6554
1749260638,0.64570000,2386.10000000,0.6554
1749260638,0.64560000,132.40000000,0.6554
1749260638,0.64550000,450.90000000,0.6554
1749260941,0.65540000,23483.90000000,0.6554
1749260941,0.65530000,15529.40000000,0.6554
1749260941,0.65520000,34835.50000000,0.6554
1749260941,0.65510000,42004.70000000,0.6554
1749260941,0.65500000,58646.30000000,0.6554
1749260941,0.65490000,52290.20000000,0.6554
1749260941,0.65480000,44886.30000000,0.6554
1749260941,0.65470000,94867.20000000,0.6554
1749260941,0.65460000,98245.80000000,0.6554
1749260941,0.65450000,37824.80000000,0.6554
1749260941,0.65440000,41111.10000000,0.6554
1749260941,0.65430000,29178.40000000,0.6554
1749260941,0.65420000,47760.80000000,0.6554
1749260941,0.65410000,41261.60000000,0.6554
1749260941,0.65400000,33442.30000000,0.6554
1749260941,0.65390000,12939.10000000,0.6554
1749260941,0.65380000,99765.30000000,0.6554
1749260941,0.65370000,8661.30000000,0.6554
1749260941,0.65360000,16471.20000000,0.6554
1749260941,0.65350000,5962.50000000,0.6554
1749260941,0.65340000,15629.60000000,0.6554
1749260941,0.65330000,7158.20000000,0.6554
1749260941,0.65320000,7924.20000000,0.6554
1749260941,0.65310000,22223.20000000,0.6554
1749260941,0.65300000,15607.30000000,0.6554
1749260941,0.65290000,5850.50000000,0.6554
1749260941,0.65280000,96669.90000000,0.6554
1749260941,0.65270000,5662.50000000,0.6554
1749260941,0.65260000,5685.40000000,0.6554
1749260941,0.65250000,20852.10000000,0.6554
1749260941,0.65240000,4091.40000000,0.6554
1749260941,0.65230000,113485.50000000,0.6554
1749260941,0.65220000,4719.30000000,0.6554
1749260941,0.65210000,4100.10000000,0.6554
1749260941,0.65200000,14118.30000000,0.6554
1749260941,0.65190000,15508.10000000,0.6554
1749260941,0.65180000,4763.10000000,0.6554
1749260941,0.65170000,38535.20000000,0.6554
1749260941,0.65160000,2244.30000000,0.6554
1749260941,0.65150000,160054.30000000,0.6554
1749260941,0.65140000,1649.10000000,0.6554
1749260941,0.65130000,70.30000000,0.6554
1749260941,0.65120000,85.70000000,0.6554
1749260941,0.65110000,467.10000000,0.6554
1749260941,0.65100000,2153.20000000,0.6554
1749260941,0.65090000,138.50000000,0.6554
1749260941,0.65080000,369.80000000,0.6554
1749260941,0.65070000,194.90000000,0.6554
1749260941,0.65060000,448.00000000,0.6554
1749260941,0.65050000,2260.90000000,0.6554
1749260941,0.65040000,36.80000000,0.6554
1749260941,0.65030000,8217.60000000,0.6554
1749260941,0.65020000,3203.00000000,0.6554
1749260941,0.65010000,512.60000000,0.6554
1749260941,0.65000000,15293.60000000,0.6554
1749260941,0.64990000,96.80000000,0.6554
1749260941,0.64980000,1665.90000000,0.6554
1749260941,0.64970000,83.60000000,0.6554
1749260941,0.64960000,22803.30000000,0.6554
1749260941,0.64950000,114375.30000000,0.6554
1749260941,0.64940000,11560.40000000,0.6554
1749260941,0.64930000,2021.50000000,0.6554
1749260941,0.64920000,4354.20000000,0.6554
1749260941,0.64910000,17343.50000000,0.6554
1749260941,0.64900000,6716.70000000,0.6554
1749260941,0.64890000,653.60000000,0.6554
1749260941,0.64880000,68833.70000000,0.6554
1749260941,0.64870000,366.10000000,0.6554
1749260941,0.64860000,28.20000000,0.6554
1749260941,0.64850000,2109.20000000,0.6554
1749260941,0.64840000,267.40000000,0.6554
1749260941,0.64830000,65.60000000,0.6554
1749260941,0.64820000,3475.80000000,0.6554
1749260941,0.64810000,101.60000000,0.6554
1749260941,0.64800000,4805.90000000,0.6554
1749260941,0.64790000,2893.30000000,0.6554
1749260941,0.64780000,2283.90000000,0.6554
1749260941,0.64770000,209.20000000,0.6554
1749260941,0.64760000,3271.50000000,0.6554
1749260941,0.64750000,2529.50000000,0.6554
1749260941,0.64740000,210.00000000,0.6554
1749260941,0.64730000,1934.80000000,0.6554
1749260941,0.64720000,218.90000000,0.6554
1749260941,0.64710000,699.50000000,0.6554
1749260941,0.64700000,10075.90000000,0.6554
1749260941,0.64690000,259.20000000,0.6554
1749260941,0.64680000,91.00000000,0.6554
1749260941,0.64670000,43.20000000,0.6554
1749260941,0.64660000,30290.70000000,0.6554
1749260941,0.64650000,43533.80000000,0.6554
1749260941,0.64640000,38040.10000000,0.6554
1749260941,0.64630000,82496.40000000,0.6554
1749260941,0.64620000,188.20000000,0.6554
1749260941,0.64610000,231.00000000,0.6554
1749260941,0.64600000,2116.50000000,0.6554
1749260941,0.64590000,880.50000000,0.6554
1749260941,0.64580000,949.60000000,0.6554
1749260941,0.64570000,2231.60000000,0.6554
1749260941,0.64560000,132.40000000,0.6554
1749260941,0.64550000,450.90000000,0.6554
1749261242,0.65550000,16104.00000000,0.6555
1749261242,0.65540000,26048.80000000,0.6555
1749261242,0.65530000,34474.40000000,0.6555
1749261242,0.65520000,35256.10000000,0.6555
1749261242,0.65510000,44454.50000000,0.6555
1749261242,0.65500000,36899.00000000,0.6555
1749261242,0.65490000,37571.00000000,0.6555
1749261242,0.65480000,32103.80000000,0.6555
1749261242,0.65470000,30954.50000000,0.6555
1749261242,0.65460000,54084.50000000,0.6555
1749261242,0.65450000,41373.20000000,0.6555
1749261242,0.65440000,33348.20000000,0.6555
1749261242,0.65430000,22598.00000000,0.6555
1749261242,0.65420000,40289.10000000,0.6555
1749261242,0.65410000,45397.60000000,0.6555
1749261242,0.65400000,26737.50000000,0.6555
1749261242,0.65390000,12109.50000000,0.6555
1749261242,0.65380000,17581.00000000,0.6555
1749261242,0.65370000,20565.90000000,0.6555
1749261242,0.65360000,16439.30000000,0.6555
1749261242,0.65350000,5962.50000000,0.6555
1749261242,0.65340000,75047.90000000,0.6555
1749261242,0.65330000,35296.20000000,0.6555
1749261242,0.65320000,4872.20000000,0.6555
1749261242,0.65310000,28854.70000000,0.6555
1749261242,0.65300000,19751.40000000,0.6555
1749261242,0.65290000,8901.50000000,0.6555
1749261242,0.65280000,95730.80000000,0.6555
1749261242,0.65270000,5060.10000000,0.6555
1749261242,0.65260000,6022.70000000,0.6555
1749261242,0.65250000,19640.80000000,0.6555
1749261242,0.65240000,6739.00000000,0.6555
1749261242,0.65230000,113834.00000000,0.6555
1749261242,0.65220000,7374.30000000,0.6555
1749261242,0.65210000,4100.10000000,0.6555
1749261242,0.65200000,13669.70000000,0.6555
1749261242,0.65190000,15508.10000000,0.6555
1749261242,0.65180000,5215.80000000,0.6555
1749261242,0.65170000,39476.20000000,0.6555
1749261242,0.65160000,17066.30000000,0.6555
1749261242,0.65150000,145079.80000000,0.6555
1749261242,0.65140000,1649.10000000,0.6555
1749261242,0.65130000,70.30000000,0.6555
1749261242,0.65120000,94.20000000,0.6555
1749261242,0.65110000,467.10000000,0.6555
1749261242,0.65100000,2153.20000000,0.6555
1749261242,0.65090000,138.50000000,0.6555
1749261242,0.65080000,369.80000000,0.6555
1749261242,0.65070000,194.90000000,0.6555
1749261242,0.65060000,448.00000000,0.6555
1749261242,0.65050000,2260.90000000,0.6555
1749261242,0.65040000,36.80000000,0.6555
1749261242,0.65030000,2921.70000000,0.6555
1749261242,0.65020000,3203.00000000,0.6555
1749261242,0.65010000,512.60000000,0.6555
1749261242,0.65000000,20592.00000000,0.6555
1749261242,0.64990000,96.80000000,0.6555
1749261242,0.64980000,1665.90000000,0.6555
1749261242,0.64970000,83.60000000,0.6555
1749261242,0.64960000,22803.30000000,0.6555
1749261242,0.64950000,114375.30000000,0.6555
1749261242,0.64940000,8594.50000000,0.6555
1749261242,0.64930000,680.10000000,0.6555
1749261242,0.64920000,3496.70000000,0.6555
1749261242,0.64910000,15156.80000000,0.6555
1749261242,0.64900000,6724.50000000,0.6555
1749261242,0.64890000,653.60000000,0.6555
1749261242,0.64880000,61236.80000000,0.6555
1749261242,0.64870000,366.10000000,0.6555
1749261242,0.64860000,28.20000000,0.6555
1749261242,0.64850000,2109.20000000,0.6555
1749261242,0.64840000,267.40000000,0.6555
1749261242,0.64830000,65.60000000,0.6555
1749261242,0.64820000,3475.80000000,0.6555
1749261242,0.64810000,101.60000000,0.6555
1749261242,0.64800000,4805.90000000,0.6555
1749261242,0.64790000,2878.00000000,0.6555
1749261242,0.64780000,2283.90000000,0.6555
1749261242,0.64770000,209.20000000,0.6555
1749261242,0.64760000,3271.50000000,0.6555
1749261242,0.64750000,2529.50000000,0.6555
1749261242,0.64740000,7148.70000000,0.6555
1749261242,0.64730000,9712.00000000,0.6555
1749261242,0.64720000,218.90000000,0.6555
1749261242,0.64710000,214.60000000,0.6555
1749261242,0.64700000,3132.90000000,0.6555
1749261242,0.64690000,259.20000000,0.6555
1749261242,0.64680000,91.00000000,0.6555
1749261242,0.64670000,43.20000000,0.6555
1749261242,0.64660000,170.20000000,0.6555
1749261242,0.64650000,16319.70000000,0.6555
1749261242,0.64640000,68160.60000000,0.6555
1749261242,0.64630000,82496.40000000,0.6555
1749261242,0.64620000,188.20000000,0.6555
1749261242,0.64610000,231.00000000,0.6555
1749261242,0.64600000,2116.50000000,0.6555
1749261242,0.64590000,204.70000000,0.6555
1749261242,0.64580000,949.60000000,0.6555
1749261242,0.64570000,2231.60000000,0.6555
1749261242,0.64560000,132.40000000,0.6555
1749261543,0.65560000,6562.10000000,0.6556
1749261543,0.65550000,14896.80000000,0.6556
1749261543,0.65540000,25522.40000000,0.6556
1749261543,0.65530000,60573.00000000,0.6556
1749261543,0.65520000,30724.10000000,0.6556
1749261543,0.65510000,42409.80000000,0.6556
1749261543,0.65500000,42147.00000000,0.6556
1749261543,0.65490000,58395.60000000,0.6556
1749261543,0.65480000,92719.80000000,0.6556
1749261543,0.65470000,46083.40000000,0.6556
1749261543,0.65460000,51429.30000000,0.6556
1749261543,0.65450000,19376.60000000,0.6556
1749261543,0.65440000,32045.80000000,0.6556
1749261543,0.65430000,21724.90000000,0.6556
1749261543,0.65420000,25480.00000000,0.6556
1749261543,0.65410000,40198.50000000,0.6556
1749261543,0.65400000,16125.00000000,0.6556
1749261543,0.65390000,64351.60000000,0.6556
1749261543,0.65380000,13653.10000000,0.6556
1749261543,0.65370000,8508.50000000,0.6556
1749261543,0.65360000,16133.70000000,0.6556
1749261543,0.65350000,7467.50000000,0.6556
1749261543,0.65340000,18527.80000000,0.6556
1749261543,0.65330000,5856.10000000,0.6556
1749261543,0.65320000,4856.40000000,0.6556
1749261543,0.65310000,22223.10000000,0.6556
1749261543,0.65300000,8499.60000000,0.6556
1749261543,0.65290000,12477.40000000,0.6556
1749261543,0.65280000,96669.50000000,0.6556
1749261543,0.65270000,5661.40000000,0.6556
1749261543,0.65260000,3214.70000000,0.6556
1749261543,0.65250000,16985.40000000,0.6556
1749261543,0.65240000,4083.20000000,0.6556
1749261543,0.65230000,113835.10000000,0.6556
1749261543,0.65220000,4719.30000000,0.6556
1749261543,0.65210000,4092.50000000,0.6556
1749261543,0.65200000,9355.40000000,0.6556
1749261543,0.65190000,19824.70000000,0.6556
1749261543,0.65180000,19714.60000000,0.6556
1749261543,0.65170000,38542.90000000,0.6556
1749261543,0.65160000,58.70000000,0.6556
1749261543,0.65150000,145541.50000000,0.6556
1749261543,0.65140000,1656.80000000,0.6556
1749261543,0.65130000,70.30000000,0.6556
1749261543,0.65120000,85.70000000,0.6556
1749261543,0.65110000,459.30000000,0.6556
1749261543,0.65100000,2160.90000000,0.6556
1749261543,0.65090000,138.50000000,0.6556
1749261543,0.65080000,362.00000000,0.6556
1749261543,0.65070000,202.60000000,0.6556
1749261543,0.65060000,448.10000000,0.6556
1749261543,0.65050000,2261.00000000,0.6556
1749261543,0.65040000,36.80000000,0.6556
1749261543,0.65030000,2921.70000000,0.6556
1749261543,0.65020000,3203.10000000,0.6556
1749261543,0.65010000,512.60000000,0.6556
1749261543,0.65000000,15293.70000000,0.6556
1749261543,0.64990000,2135.20000000,0.6556
1749261543,0.64980000,1665.90000000,0.6556
1749261543,0.64970000,83.60000000,0.6556
1749261543,0.64960000,22803.30000000,0.6556
1749261543,0.64950000,114375.30000000,0.6556
1749261543,0.64940000,8594.50000000,0.6556
1749261543,0.64930000,680.10000000,0.6556
1749261543,0.64920000,3496.70000000,0.6556
1749261543,0.64910000,15156.80000000,0.6556
1749261543,0.64900000,6716.70000000,0.6556
1749261543,0.64890000,30774.10000000,0.6556
1749261543,0.64880000,61422.10000000,0.6556
1749261543,0.64870000,366.10000000,0.6556
1749261543,0.64860000,28.20000000,0.6556
1749261543,0.64850000,2109.20000000,0.6556
1749261543,0.64840000,267.40000000,0.6556
1749261543,0.64830000,65.60000000,0.6556
1749261543,0.64820000,10405.90000000,0.6556
1749261543,0.64810000,101.60000000,0.6556
1749261543,0.64800000,4790.60000000,0.6556
1749261543,0.64790000,2878.00000000,0.6556
1749261543,0.64780000,2283.90000000,0.6556
1749261543,0.64770000,209.20000000,0.6556
1749261543,0.64760000,3271.50000000,0.6556
1749261543,0.64750000,2529.50000000,0.6556
1749261543,0.64740000,210.00000000,0.6556
1749261543,0.64730000,9712.00000000,0.6556
1749261543,0.64720000,218.90000000,0.6556
1749261543,0.64710000,214.60000000,0.6556
1749261543,0.64700000,3132.90000000,0.6556
1749261543,0.64690000,259.20000000,0.6556
1749261543,0.64680000,91.00000000,0.6556
1749261543,0.64670000,43.20000000,0.6556
1749261543,0.64660000,170.20000000,0.6556
1749261543,0.64650000,16319.70000000,0.6556
1749261543,0.64640000,38040.10000000,0.6556
1749261543,0.64630000,82496.40000000,0.6556
1749261543,0.64620000,188.20000000,0.6556
1749261543,0.64610000,231.00000000,0.6556
1749261543,0.64600000,2116.50000000,0.6556
1749261543,0.64590000,204.70000000,0.6556
1749261543,0.64580000,763.80000000,0.6556
1749261543,0.64570000,2231.60000000,0.6556
1749261845,0.65380000,13767.10000000,0.6539
1749261845,0.65370000,24687.00000000,0.6539
1749261845,0.65360000,46246.60000000,0.6539
1749261845,0.65350000,29864.60000000,0.6539
1749261845,0.65340000,83394.90000000,0.6539
1749261845,0.65330000,41474.60000000,0.6539
1749261845,0.65320000,29682.10000000,0.6539
1749261845,0.65310000,56562.40000000,0.6539
1749261845,0.65300000,72270.60000000,0.6539
1749261845,0.65290000,89759.40000000,0.6539
1749261845,0.65280000,82165.80000000,0.6539
1749261845,0.65270000,45259.80000000,0.6539
1749261845,0.65260000,16059.70000000,0.6539
1749261845,0.65250000,24120.70000000,0.6539
1749261845,0.65240000,16341.40000000,0.6539
1749261845,0.65230000,11036.20000000,0.6539
1749261845,0.65220000,72734.70000000,0.6539
1749261845,0.65210000,36409.10000000,0.6539
1749261845,0.65200000,14332.00000000,0.6539
1749261845,0.65190000,6324.50000000,0.6539
1749261845,0.65180000,20099.30000000,0.6539
1749261845,0.65170000,4871.30000000,0.6539
1749261845,0.65160000,94532.20000000,0.6539
1749261845,0.65150000,15733.20000000,0.6539
1749261845,0.65140000,117132.90000000,0.6539
1749261845,0.65130000,9869.70000000,0.6539
1749261845,0.65120000,11201.60000000,0.6539
1749261845,0.65110000,5358.40000000,0.6539
1749261845,0.65100000,8872.20000000,0.6539
1749261845,0.65090000,2965.90000000,0.6539
1749261845,0.65080000,3133.50000000,0.6539
1749261845,0.65070000,5206.30000000,0.6539
1749261845,0.65060000,6780.10000000,0.6539
1749261845,0.65050000,160171.40000000,0.6539
1749261845,0.65040000,5359.80000000,0.6539
1749261845,0.65030000,2921.70000000,0.6539
1749261845,0.65020000,3203.10000000,0.6539
1749261845,0.65010000,665.30000000,0.6539
1749261845,0.65000000,9199.20000000,0.6539
1749261845,0.64990000,55543.30000000,0.6539
1749261845,0.64980000,1665.90000000,0.6539
1749261845,0.64970000,83.60000000,0.6539
1749261845,0.64960000,280.80000000,0.6539
1749261845,0.64950000,114375.30000000,0.6539
1749261845,0.64940000,8977.50000000,0.6539
1749261845,0.64930000,687.90000000,0.6539
1749261845,0.64920000,3504.50000000,0.6539
1749261845,0.64910000,22573.60000000,0.6539
1749261845,0.64900000,6724.50000000,0.6539
1749261845,0.64890000,661.40000000,0.6539
1749261845,0.64880000,34320.10000000,0.6539
1749261845,0.64870000,153.30000000,0.6539
1749261845,0.64860000,36.00000000,0.6539
1749261845,0.64850000,2117.00000000,0.6539
1749261845,0.64840000,267.40000000,0.6539
1749261845,0.64830000,5341.70000000,0.6539
1749261845,0.64820000,3483.60000000,0.6539
1749261845,0.64810000,101.60000000,0.6539
1749261845,0.64800000,5152.10000000,0.6539
1749261845,0.64790000,2901.10000000,0.6539
1749261845,0.64780000,2154.20000000,0.6539
1749261845,0.64770000,224.50000000,0.6539
1749261845,0.64760000,3294.60000000,0.6539
1749261845,0.64750000,2552.60000000,0.6539
1749261845,0.64740000,1445.10000000,0.6539
1749261845,0.64730000,13301.90000000,0.6539
1749261845,0.64720000,27426.70000000,0.6539
1749261845,0.64710000,237.70000000,0.6539
1749261845,0.64700000,3162.80000000,0.6539
1749261845,0.64690000,274.50000000,0.6539
1749261845,0.64680000,106.30000000,0.6539
1749261845,0.64670000,58.50000000,0.6539
1749261845,0.64660000,185.50000000,0.6539
1749261845,0.64650000,16335.00000000,0.6539
1749261845,0.64640000,52991.00000000,0.6539
1749261845,0.64630000,82511.70000000,0.6539
1749261845,0.64620000,188.20000000,0.6539
1749261845,0.64610000,7415.00000000,0.6539
1749261845,0.64600000,2116.50000000,0.6539
1749261845,0.64590000,204.70000000,0.6539
1749261845,0.64580000,917.00000000,0.6539
1749261845,0.64570000,2386.10000000,0.6539
1749261845,0.64560000,132.40000000,0.6539
1749261845,0.64550000,450.90000000,0.6539
1749261845,0.64540000,268.40000000,0.6539
1749261845,0.64530000,84.90000000,0.6539
1749261845,0.64520000,180.80000000,0.6539
1749261845,0.64510000,383.20000000,0.6539
1749261845,0.64500000,8901.60000000,0.6539
1749261845,0.64490000,120.40000000,0.6539
1749261845,0.64480000,572.80000000,0.6539
1749261845,0.64470000,3509.70000000,0.6539
1749261845,0.64460000,27.40000000,0.6539
1749261845,0.64450000,279.70000000,0.6539
1749261845,0.64440000,1853.00000000,0.6539
1749261845,0.64430000,1716.00000000,0.6539
1749261845,0.64420000,87.20000000,0.6539
1749261845,0.64410000,320.40000000,0.6539
1749261845,0.64400000,3954.20000000,0.6539
1749261845,0.64390000,687.50000000,0.6539
1749262147,0.65280000,11693.50000000,0.6529
1749262147,0.65270000,33266.90000000,0.6529
1749262147,0.65260000,52074.10000000,0.6529
1749262147,0.65250000,36024.90000000,0.6529
1749262147,0.65240000,71510.70000000,0.6529
1749262147,0.65230000,28511.30000000,0.6529
1749262147,0.65220000,36290.80000000,0.6529
1749262147,0.65210000,24368.60000000,0.6529
1749262147,0.65200000,32621.80000000,0.6529
1749262147,0.65190000,80827.00000000,0.6529
1749262147,0.65180000,88994.50000000,0.6529
1749262147,0.65170000,69077.00000000,0.6529
1749262147,0.65160000,29196.10000000,0.6529
1749262147,0.65150000,20183.40000000,0.6529
1749262147,0.65140000,18615.50000000,0.6529
1749262147,0.65130000,13789.30000000,0.6529
1749262147,0.65120000,13781.80000000,0.6529
1749262147,0.65110000,63652.30000000,0.6529
1749262147,0.65100000,23522.70000000,0.6529
1749262147,0.65090000,7833.70000000,0.6529
1749262147,0.65080000,11944.60000000,0.6529
1749262147,0.65070000,19224.90000000,0.6529
1749262147,0.65060000,37170.70000000,0.6529
1749262147,0.65050000,22618.30000000,0.6529
1749262147,0.65040000,98019.60000000,0.6529
1749262147,0.65030000,4285.50000000,0.6529
1749262147,0.65020000,6052.60000000,0.6529
1749262147,0.65010000,7266.80000000,0.6529
1749262147,0.65000000,14302.70000000,0.6529
1749262147,0.64990000,150956.40000000,0.6529
1749262147,0.64980000,8995.30000000,0.6529
1749262147,0.64970000,2697.10000000,0.6529
1749262147,0.64960000,10693.20000000,0.6529
1749262147,0.64950000,146112.70000000,0.6529
1749262147,0.64940000,9608.40000000,0.6529
1749262147,0.64930000,687.90000000,0.6529
1749262147,0.64920000,12985.70000000,0.6529
1749262147,0.64910000,14171.10000000,0.6529
1749262147,0.64900000,6877.50000000,0.6529
1749262147,0.64890000,1043.60000000,0.6529
1749262147,0.64880000,34143.30000000,0.6529
1749262147,0.64870000,153.30000000,0.6529
1749262147,0.64860000,36.00000000,0.6529
1749262147,0.64850000,2117.00000000,0.6529
1749262147,0.64840000,267.40000000,0.6529
1749262147,0.64830000,1117.70000000,0.6529
1749262147,0.64820000,3483.60000000,0.6529
1749262147,0.64810000,2298.90000000,0.6529
1749262147,0.64800000,19787.40000000,0.6529
1749262147,0.64790000,119196.20000000,0.6529
1749262147,0.64780000,1131.90000000,0.6529
1749262147,0.64770000,224.50000000,0.6529
1749262147,0.64760000,5935.70000000,0.6529
1749262147,0.64750000,2552.60000000,0.6529
1749262147,0.64740000,1246.40000000,0.6529
1749262147,0.64730000,1957.90000000,0.6529
1749262147,0.64720000,27434.50000000,0.6529
1749262147,0.64710000,237.70000000,0.6529
1749262147,0.64700000,3162.80000000,0.6529
1749262147,0.64690000,8677.60000000,0.6529
1749262147,0.64680000,114.10000000,0.6529
1749262147,0.64670000,2130.50000000,0.6529
1749262147,0.64660000,204.80000000,0.6529
1749262147,0.64650000,18058.20000000,0.6529
1749262147,0.64640000,22878.30000000,0.6529
1749262147,0.64630000,82511.70000000,0.6529
1749262147,0.64620000,211.30000000,0.6529
1749262147,0.64610000,4773.60000000,0.6529
1749262147,0.64600000,2331.00000000,0.6529
1749262147,0.64590000,227.90000000,0.6529
1749262147,0.64580000,8750.90000000,0.6529
1749262147,0.64570000,2247.00000000,0.6529
1749262147,0.64560000,147.80000000,0.6529
1749262147,0.64550000,466.30000000,0.6529
1749262147,0.64540000,283.80000000,0.6529
1749262147,0.64530000,100.30000000,0.6529
1749262147,0.64520000,180.80000000,0.6529
1749262147,0.64510000,383.20000000,0.6529
1749262147,0.64500000,35866.10000000,0.6529
1749262147,0.64490000,120.40000000,0.6529
1749262147,0.64480000,572.80000000,0.6529
1749262147,0.64470000,3509.70000000,0.6529
1749262147,0.64460000,27.40000000,0.6529
1749262147,0.64450000,279.70000000,0.6529
1749262147,0.64440000,1853.00000000,0.6529
1749262147,0.64430000,1716.00000000,0.6529
1749262147,0.64420000,87.20000000,0.6529
1749262147,0.64410000,320.40000000,0.6529
1749262147,0.64400000,3954.20000000,0.6529
1749262147,0.64390000,687.50000000,0.6529
1749262147,0.64380000,128.20000000,0.6529
1749262147,0.64370000,3363.00000000,0.6529
1749262147,0.64360000,675.10000000,0.6529
1749262147,0.64350000,148.90000000,0.6529
1749262147,0.64340000,378.30000000,0.6529
1749262147,0.64330000,163.20000000,0.6529
1749262147,0.64320000,356.80000000,0.6529
1749262147,0.64310000,11735.60000000,0.6529
1749262147,0.64300000,11984.30000000,0.6529
1749262147,0.64290000,451.60000000,0.6529
1749262448,0.65470000,7822.50000000,0.6548
1749262448,0.65460000,20781.40000000,0.6548
1749262448,0.65450000,33213.60000000,0.6548
1749262448,0.65440000,35523.60000000,0.6548
1749262448,0.65430000,58115.30000000,0.6548
1749262448,0.65420000,77530.50000000,0.6548
1749262448,0.65410000,59568.00000000,0.6548
1749262448,0.65400000,45936.30000000,0.6548
1749262448,0.65390000,49145.50000000,0.6548
1749262448,0.65380000,100114.00000000,0.6548
1749262448,0.65370000,47754.00000000,0.6548
1749262448,0.65360000,36496.00000000,0.6548
1749262448,0.65350000,15725.30000000,0.6548
1749262448,0.65340000,21688.50000000,0.6548
1749262448,0.65330000,12455.80000000,0.6548
1749262448,0.65320000,11820.80000000,0.6548
1749262448,0.65310000,8559.20000000,0.6548
1749262448,0.65300000,24734.30000000,0.6548
1749262448,0.65290000,6394.40000000,0.6548
1749262448,0.65280000,18157.80000000,0.6548
1749262448,0.65270000,66090.80000000,0.6548
1749262448,0.65260000,101590.10000000,0.6548
1749262448,0.65250000,14527.10000000,0.6548
1749262448,0.65240000,48893.60000000,0.6548
1749262448,0.65230000,14719.10000000,0.6548
1749262448,0.65220000,14680.90000000,0.6548
1749262448,0.65210000,129647.60000000,0.6548
1749262448,0.65200000,36222.20000000,0.6548
1749262448,0.65190000,15103.90000000,0.6548
1749262448,0.65180000,12715.50000000,0.6548
1749262448,0.65170000,2990.80000000,0.6548
1749262448,0.65160000,6601.70000000,0.6548
1749262448,0.65150000,5872.30000000,0.6548
1749262448,0.65140000,4000.40000000,0.6548
1749262448,0.65130000,9671.90000000,0.6548
1749262448,0.65120000,3914.10000000,0.6548
1749262448,0.65110000,4559.50000000,0.6548
1749262448,0.65100000,6383.30000000,0.6548
1749262448,0.65090000,3999.70000000,0.6548
1749262448,0.65080000,1290.20000000,0.6548
1749262448,0.65070000,7670.40000000,0.6548
1749262448,0.65060000,4244.30000000,0.6548
1749262448,0.65050000,17619.90000000,0.6548
1749262448,0.65040000,888.20000000,0.6548
1749262448,0.65030000,283.90000000,0.6548
1749262448,0.65020000,3203.10000000,0.6548
1749262448,0.65010000,552.60000000,0.6548
1749262448,0.65000000,25050.20000000,0.6548
1749262448,0.64990000,38530.40000000,0.6548
1749262448,0.64980000,3712.50000000,0.6548
1749262448,0.64970000,5376.70000000,0.6548
1749262448,0.64960000,280.80000000,0.6548
1749262448,0.64950000,145429.50000000,0.6548
1749262448,0.64940000,9455.40000000,0.6548
1749262448,0.64930000,687.90000000,0.6548
1749262448,0.64920000,3504.50000000,0.6548
1749262448,0.64910000,14171.10000000,0.6548
1749262448,0.64900000,6724.50000000,0.6548
1749262448,0.64890000,23183.90000000,0.6548
1749262448,0.64880000,34134.80000000,0.6548
1749262448,0.64870000,153.30000000,0.6548
1749262448,0.64860000,27162.00000000,0.6548
1749262448,0.64850000,2117.00000000,0.6548
1749262448,0.64840000,267.40000000,0.6548
1749262448,0.64830000,1609.80000000,0.6548
1749262448,0.64820000,5365.50000000,0.6548
1749262448,0.64810000,101.60000000,0.6548
1749262448,0.64800000,4730.60000000,0.6548
1749262448,0.64790000,143993.40000000,0.6548
1749262448,0.64780000,1124.10000000,0.6548
1749262448,0.64770000,224.50000000,0.6548
1749262448,0.64760000,5927.90000000,0.6548
1749262448,0.64750000,2698.90000000,0.6548
1749262448,0.64740000,1246.40000000,0.6548
1749262448,0.64730000,9827.00000000,0.6548
1749262448,0.64720000,234.20000000,0.6548
1749262448,0.64710000,214.60000000,0.6548
1749262448,0.64700000,3147.50000000,0.6548
1749262448,0.64690000,8500.20000000,0.6548
1749262448,0.64680000,91.00000000,0.6548
1749262448,0.64670000,43.20000000,0.6548
1749262448,0.64660000,181.70000000,0.6548
1749262448,0.64650000,16319.70000000,0.6548
1749262448,0.64640000,38040.10000000,0.6548
1749262448,0.64630000,82496.40000000,0.6548
1749262448,0.64620000,188.20000000,0.6548
1749262448,0.64610000,1487.40000000,0.6548
1749262448,0.64600000,2116.50000000,0.6548
1749262448,0.64590000,204.70000000,0.6548
1749262448,0.64580000,917.00000000,0.6548
1749262448,0.64570000,2231.60000000,0.6548
1749262448,0.64560000,7090.40000000,0.6548
1749262448,0.64550000,450.90000000,0.6548
1749262448,0.64540000,268.40000000,0.6548
1749262448,0.64530000,84.90000000,0.6548
1749262448,0.64520000,180.80000000,0.6548
1749262448,0.64510000,383.20000000,0.6548
1749262448,0.64500000,28901.60000000,0.6548
1749262448,0.64490000,120.40000000,0.6548
1749262448,0.64480000,759.10000000,0.6548
1749262750,0.65560000,4765.10000000,0.6557
1749262750,0.65550000,26459.50000000,0.6557
1749262750,0.65540000,40444.30000000,0.6557
1749262750,0.65530000,44965.20000000,0.6557
1749262750,0.65520000,48894.50000000,0.6557
1749262750,0.65510000,48709.70000000,0.6557
1749262750,0.65500000,37526.30000000,0.6557
1749262750,0.65490000,19737.60000000,0.6557
1749262750,0.65480000,23736.20000000,0.6557
1749262750,0.65470000,19269.50000000,0.6557
1749262750,0.65460000,38587.70000000,0.6557
1749262750,0.65450000,46525.10000000,0.6557
1749262750,0.65440000,32085.40000000,0.6557
1749262750,0.65430000,28033.30000000,0.6557
1749262750,0.65420000,18087.40000000,0.6557
1749262750,0.65410000,39048.30000000,0.6557
1749262750,0.65400000,70629.00000000,0.6557
1749262750,0.65390000,13198.90000000,0.6557
1749262750,0.65380000,10509.30000000,0.6557
1749262750,0.65370000,14926.30000000,0.6557
1749262750,0.65360000,41277.30000000,0.6557
1749262750,0.65350000,6788.20000000,0.6557
1749262750,0.65340000,204880.10000000,0.6557
1749262750,0.65330000,14189.20000000,0.6557
1749262750,0.65320000,16014.70000000,0.6557
1749262750,0.65310000,6458.60000000,0.6557
1749262750,0.65300000,13429.30000000,0.6557
1749262750,0.65290000,3739.40000000,0.6557
1749262750,0.65280000,8407.40000000,0.6557
1749262750,0.65270000,5476.40000000,0.6557
1749262750,0.65260000,14584.70000000,0.6557
1749262750,0.65250000,19756.40000000,0.6557
1749262750,0.65240000,17008.70000000,0.6557
1749262750,0.65230000,8591.40000000,0.6557
1749262750,0.65220000,14306.90000000,0.6557
1749262750,0.65210000,11174.50000000,0.6557
1749262750,0.65200000,38651.50000000,0.6557
1749262750,0.65190000,5695.50000000,0.6557
1749262750,0.65180000,21632.30000000,0.6557
1749262750,0.65170000,981.90000000,0.6557
1749262750,0.65160000,15033.20000000,0.6557
1749262750,0.65150000,41407.60000000,0.6557
1749262750,0.65140000,1649.10000000,0.6557
1749262750,0.65130000,70.30000000,0.6557
1749262750,0.65120000,3146.40000000,0.6557
1749262750,0.65110000,85.10000000,0.6557
1749262750,0.65100000,1675.30000000,0.6557
1749262750,0.65090000,1429.20000000,0.6557
1749262750,0.65080000,142379.90000000,0.6557
1749262750,0.65070000,267.70000000,0.6557
1749262750,0.65060000,448.10000000,0.6557
1749262750,0.65050000,2261.00000000,0.6557
1749262750,0.65040000,44.60000000,0.6557
1749262750,0.65030000,283.90000000,0.6557
1749262750,0.65020000,3203.10000000,0.6557
1749262750,0.65010000,552.60000000,0.6557
1749262750,0.65000000,8080.20000000,0.6557
1749262750,0.64990000,96.80000000,0.6557
1749262750,0.64980000,9004.70000000,0.6557
1749262750,0.64970000,83.60000000,0.6557
1749262750,0.64960000,618.40000000,0.6557
1749262750,0.64950000,3411.70000000,0.6557
1749262750,0.64940000,9455.40000000,0.6557
1749262750,0.64930000,3558.00000000,0.6557
1749262750,0.64920000,5837.70000000,0.6557
1749262750,0.64910000,18857.20000000,0.6557
1749262750,0.64900000,8596.30000000,0.6557
1749262750,0.64890000,23176.10000000,0.6557
1749262750,0.64880000,34119.20000000,0.6557
1749262750,0.64870000,167.80000000,0.6557
1749262750,0.64860000,27154.20000000,0.6557
1749262750,0.64850000,2109.20000000,0.6557
1749262750,0.64840000,267.40000000,0.6557
1749262750,0.64830000,65.60000000,0.6557
1749262750,0.64820000,3475.80000000,0.6557
1749262750,0.64810000,255.60000000,0.6557
1749262750,0.64800000,34835.80000000,0.6557
1749262750,0.64790000,113857.60000000,0.6557
1749262750,0.64780000,2316.80000000,0.6557
1749262750,0.64770000,209.20000000,0.6557
1749262750,0.64760000,5912.60000000,0.6557
1749262750,0.64750000,2529.50000000,0.6557
1749262750,0.64740000,1231.10000000,0.6557
1749262750,0.64730000,9811.70000000,0.6557
1749262750,0.64720000,7159.70000000,0.6557
1749262750,0.64710000,214.60000000,0.6557
1749262750,0.64700000,3132.90000000,0.6557
1749262750,0.64690000,259.20000000,0.6557
1749262750,0.64680000,91.00000000,0.6557
1749262750,0.64670000,43.20000000,0.6557
1749262750,0.64660000,181.70000000,0.6557
1749262750,0.64650000,16319.70000000,0.6557
1749262750,0.64640000,38040.10000000,0.6557
1749262750,0.64630000,82496.40000000,0.6557
1749262750,0.64620000,188.20000000,0.6557
1749262750,0.64610000,462.40000000,0.6557
1749262750,0.64600000,2116.50000000,0.6557
1749262750,0.64590000,204.70000000,0.6557
1749262750,0.64580000,917.00000000,0.6557
1749262750,0.64570000,2384.90000000,0.6557
1749263052,0.65580000,4619.80000000,0.6558
1749263052,0.65570000,28401.00000000,0.6558
1749263052,0.65560000,66082.70000000,0.6558
1749263052,0.65550000,35605.30000000,0.6558
1749263052,0.65540000,26275.20000000,0.6558
1749263052,0.65530000,29157.80000000,0.6558
1749263052,0.65520000,54137.70000000,0.6558
1749263052,0.65510000,31084.00000000,0.6558
1749263052,0.65500000,24903.00000000,0.6558
1749263052,0.65490000,45063.80000000,0.6558
1749263052,0.65480000,44536.20000000,0.6558
1749263052,0.65470000,28143.60000000,0.6558
1749263052,0.65460000,17145.90000000,0.6558
1749263052,0.65450000,26056.10000000,0.6558
1749263052,0.65440000,24671.90000000,0.6558
1749263052,0.65430000,35602.00000000,0.6558
1749263052,0.65420000,35790.60000000,0.6558
1749263052,0.65410000,45388.40000000,0.6558
1749263052,0.65400000,63688.20000000,0.6558
1749263052,0.65390000,96322.60000000,0.6558
1749263052,0.65380000,5557.40000000,0.6558
1749263052,0.65370000,15049.90000000,0.6558
1749263052,0.65360000,13344.10000000,0.6558
1749263052,0.65350000,3669.60000000,0.6558
1749263052,0.65340000,9465.40000000,0.6558
1749263052,0.65330000,11500.30000000,0.6558
1749263052,0.65320000,16014.60000000,0.6558
1749263052,0.65310000,12453.20000000,0.6558
1749263052,0.65300000,9631.60000000,0.6558
1749263052,0.65290000,4302.10000000,0.6558
1749263052,0.65280000,8946.40000000,0.6558
1749263052,0.65270000,5809.30000000,0.6558
1749263052,0.65260000,128197.50000000,0.6558
1749263052,0.65250000,12220.30000000,0.6558
1749263052,0.65240000,16576.00000000,0.6558
1749263052,0.65230000,5585.70000000,0.6558
1749263052,0.65220000,6409.00000000,0.6558
1749263052,0.65210000,6580.00000000,0.6558
1749263052,0.65200000,6733.60000000,0.6558
1749263052,0.65190000,1099.70000000,0.6558
1749263052,0.65180000,19925.10000000,0.6558
1749263052,0.65170000,277.90000000,0.6558
1749263052,0.65160000,15033.20000000,0.6558
1749263052,0.65150000,184354.60000000,0.6558
1749263052,0.65140000,1649.10000000,0.6558
1749263052,0.65130000,70.30000000,0.6558
1749263052,0.65120000,3146.40000000,0.6558
1749263052,0.65110000,85.10000000,0.6558
1749263052,0.65100000,1675.30000000,0.6558
1749263052,0.65090000,962.70000000,0.6558
1749263052,0.65080000,369.80000000,0.6558
1749263052,0.65070000,267.70000000,0.6558
1749263052,0.65060000,448.10000000,0.6558
1749263052,0.65050000,2261.00000000,0.6558
1749263052,0.65040000,44.60000000,0.6558
1749263052,0.65030000,283.90000000,0.6558
1749263052,0.65020000,3203.00000000,0.6558
1749263052,0.65010000,5842.30000000,0.6558
1749263052,0.65000000,8709.70000000,0.6558
1749263052,0.64990000,96.80000000,0.6558
1749263052,0.64980000,3704.70000000,0.6558
1749263052,0.64970000,75.90000000,0.6558
1749263052,0.64960000,26041.10000000,0.6558
1749263052,0.64950000,116141.40000000,0.6558
1749263052,0.64940000,14809.30000000,0.6558
1749263052,0.64930000,680.10000000,0.6558
1749263052,0.64920000,3496.70000000,0.6558
1749263052,0.64910000,22268.40000000,0.6558
1749263052,0.64900000,7392.50000000,0.6558
1749263052,0.64890000,653.60000000,0.6558
1749263052,0.64880000,34119.20000000,0.6558
1749263052,0.64870000,167.80000000,0.6558
1749263052,0.64860000,27352.60000000,0.6558
1749263052,0.64850000,2109.20000000,0.6558
1749263052,0.64840000,267.40000000,0.6558
1749263052,0.64830000,65.60000000,0.6558
1749263052,0.64820000,3460.50000000,0.6558
1749263052,0.64810000,86.30000000,0.6558
1749263052,0.64800000,11647.60000000,0.6558
1749263052,0.64790000,2878.00000000,0.6558
1749263052,0.64780000,2316.80000000,0.6558
1749263052,0.64770000,209.20000000,0.6558
1749263052,0.64760000,5912.60000000,0.6558
1749263052,0.64750000,2529.50000000,0.6558
1749263052,0.64740000,1231.10000000,0.6558
1749263052,0.64730000,9612.90000000,0.6558
1749263052,0.64720000,218.90000000,0.6558
1749263052,0.64710000,214.60000000,0.6558
1749263052,0.64700000,3132.90000000,0.6558
1749263052,0.64690000,259.20000000,0.6558
1749263052,0.64680000,91.00000000,0.6558
1749263052,0.64670000,197.50000000,0.6558
1749263052,0.64660000,181.70000000,0.6558
1749263052,0.64650000,16319.70000000,0.6558
1749263052,0.64640000,68160.60000000,0.6558
1749263052,0.64630000,80552.20000000,0.6558
1749263052,0.64620000,188.20000000,0.6558
1749263052,0.64610000,462.40000000,0.6558
1749263052,0.64600000,3070.60000000,0.6558
1749263052,0.64590000,204.70000000,0.6558
1749263353,0.65680000,5799.00000000,0.6568
1749263353,0.65670000,28658.70000000,0.6568
1749263353,0.65660000,43936.80000000,0.6568
1749263353,0.65650000,54788.70000000,0.6568
1749263353,0.65640000,47536.80000000,0.6568
1749263353,0.65630000,53096.70000000,0.6568
1749263353,0.65620000,37810.60000000,0.6568
1749263353,0.65610000,53843.90000000,0.6568
1749263353,0.65600000,38307.50000000,0.6568
1749263353,0.65590000,93493.90000000,0.6568
1749263353,0.65580000,90974.30000000,0.6568
1749263353,0.65570000,32467.50000000,0.6568
1749263353,0.65560000,38368.90000000,0.6568
1749263353,0.65550000,31962.10000000,0.6568
1749263353,0.65540000,20949.00000000,0.6568
1749263353,0.65530000,26211.60000000,0.6568
1749263353,0.65520000,5186.50000000,0.6568
1749263353,0.65510000,22454.80000000,0.6568
1749263353,0.65500000,10281.30000000,0.6568
1749263353,0.65490000,14594.40000000,0.6568
1749263353,0.65480000,7732.60000000,0.6568
1749263353,0.65470000,48967.40000000,0.6568
1749263353,0.65460000,6230.50000000,0.6568
1749263353,0.65450000,17805.00000000,0.6568
1749263353,0.65440000,7138.40000000,0.6568
1749263353,0.65430000,13091.70000000,0.6568
1749263353,0.65420000,39009.60000000,0.6568
1749263353,0.65410000,15687.50000000,0.6568
1749263353,0.65400000,61033.50000000,0.6568
1749263353,0.65390000,93667.60000000,0.6568
1749263353,0.65380000,8749.20000000,0.6568
1749263353,0.65370000,5982.50000000,0.6568
1749263353,0.65360000,9789.10000000,0.6568
1749263353,0.65350000,4025.30000000,0.6568
1749263353,0.65340000,9534.40000000,0.6568
1749263353,0.65330000,12711.70000000,0.6568
1749263353,0.65320000,6376.00000000,0.6568
1749263353,0.65310000,3853.30000000,0.6568
1749263353,0.65300000,22960.50000000,0.6568
1749263353,0.65290000,3876.30000000,0.6568
1749263353,0.65280000,6505.90000000,0.6568
1749263353,0.65270000,18786.10000000,0.6568
1749263353,0.65260000,117337.40000000,0.6568
1749263353,0.65250000,9125.70000000,0.6568
1749263353,0.65240000,4982.00000000,0.6568
1749263353,0.65230000,309.30000000,0.6568
1749263353,0.65220000,1700.50000000,0.6568
1749263353,0.65210000,5820.80000000,0.6568
1749263353,0.65200000,466.20000000,0.6568
1749263353,0.65190000,977.30000000,0.6568
1749263353,0.65180000,4595.50000000,0.6568
1749263353,0.65170000,277.90000000,0.6568
1749263353,0.65160000,50.20000000,0.6568
1749263353,0.65150000,186603.80000000,0.6568
1749263353,0.65140000,1649.10000000,0.6568
1749263353,0.65130000,70.30000000,0.6568
1749263353,0.65120000,109.40000000,0.6568
1749263353,0.65110000,459.30000000,0.6568
1749263353,0.65100000,1683.00000000,0.6568
1749263353,0.65090000,3582.70000000,0.6568
1749263353,0.65080000,362.00000000,0.6568
1749263353,0.65070000,267.70000000,0.6568
1749263353,0.65060000,7246.20000000,0.6568
1749263353,0.65050000,3392.70000000,0.6568
1749263353,0.65040000,5810.90000000,0.6568
1749263353,0.65030000,3661.00000000,0.6568
1749263353,0.65020000,3195.30000000,0.6568
1749263353,0.65010000,27608.20000000,0.6568
1749263353,0.65000000,8702.00000000,0.6568
1749263353,0.64990000,287.10000000,0.6568
1749263353,0.64980000,3704.70000000,0.6568
1749263353,0.64970000,75.90000000,0.6568
1749263353,0.64960000,52916.10000000,0.6568
1749263353,0.64950000,116141.40000000,0.6568
1749263353,0.64940000,9072.40000000,0.6568
1749263353,0.64930000,680.10000000,0.6568
1749263353,0.64920000,3481.40000000,0.6568
1749263353,0.64910000,15141.50000000,0.6568
1749263353,0.64900000,6701.40000000,0.6568
1749263353,0.64890000,8306.90000000,0.6568
1749263353,0.64880000,34103.90000000,0.6568
1749263353,0.64870000,152.50000000,0.6568
1749263353,0.64860000,12.90000000,0.6568
1749263353,0.64850000,2093.90000000,0.6568
1749263353,0.64840000,252.10000000,0.6568
1749263353,0.64830000,50.30000000,0.6568
1749263353,0.64820000,3460.50000000,0.6568
1749263353,0.64810000,7017.50000000,0.6568
1749263353,0.64800000,4715.30000000,0.6568
1749263353,0.64790000,2878.00000000,0.6568
1749263353,0.64780000,2470.80000000,0.6568
1749263353,0.64770000,209.20000000,0.6568
1749263353,0.64760000,3271.50000000,0.6568
1749263353,0.64750000,2529.50000000,0.6568
1749263353,0.64740000,210.00000000,0.6568
1749263353,0.64730000,1934.80000000,0.6568
1749263353,0.64720000,218.90000000,0.6568
1749263353,0.64710000,214.60000000,0.6568
1749263353,0.64700000,3132.90000000,0.6568
1749263353,0.64690000,259.20000000,0.6568
1749263655,0.65590000,25383.30000000,0.6559
1749263655,0.65580000,35326.20000000,0.6559
1749263655,0.65570000,43221.60000000,0.6559
1749263655,0.65560000,38470.80000000,0.6559
1749263655,0.65550000,65193.80000000,0.6559
1749263655,0.65540000,37634.50000000,0.6559
1749263655,0.65530000,18574.40000000,0.6559
1749263655,0.65520000,19493.30000000,0.6559
1749263655,0.65510000,42566.40000000,0.6559
1749263655,0.65500000,41573.10000000,0.6559
1749263655,0.65490000,57802.50000000,0.6559
1749263655,0.65480000,33052.80000000,0.6559
1749263655,0.65470000,18897.80000000,0.6559
1749263655,0.65460000,22675.10000000,0.6559
1749263655,0.65450000,35602.40000000,0.6559
1749263655,0.65440000,43436.80000000,0.6559
1749263655,0.65430000,75778.60000000,0.6559
1749263655,0.65420000,35274.80000000,0.6559
1749263655,0.65410000,38551.80000000,0.6559
1749263655,0.65400000,14648.40000000,0.6559
1749263655,0.65390000,14016.20000000,0.6559
1749263655,0.65380000,4930.10000000,0.6559
1749263655,0.65370000,8645.20000000,0.6559
1749263655,0.65360000,40422.50000000,0.6559
1749263655,0.65350000,12459.10000000,0.6559
1749263655,0.65340000,92862.80000000,0.6559
1749263655,0.65330000,11753.30000000,0.6559
1749263655,0.65320000,11026.90000000,0.6559
1749263655,0.65310000,5873.20000000,0.6559
1749263655,0.65300000,9665.70000000,0.6559
1749263655,0.65290000,3995.10000000,0.6559
1749263655,0.65280000,124498.80000000,0.6559
1749263655,0.65270000,5303.70000000,0.6559
1749263655,0.65260000,9884.50000000,0.6559
1749263655,0.65250000,16016.30000000,0.6559
1749263655,0.65240000,6980.00000000,0.6559
1749263655,0.65230000,6173.90000000,0.6559
1749263655,0.65220000,6597.40000000,0.6559
1749263655,0.65210000,5973.20000000,0.6559
1749263655,0.65200000,627.10000000,0.6559
1749263655,0.65190000,5173.00000000,0.6559
1749263655,0.65180000,5536.80000000,0.6559
1749263655,0.65170000,514.50000000,0.6559
1749263655,0.65160000,30519.00000000,0.6559
1749263655,0.65150000,183049.10000000,0.6559
1749263655,0.65140000,1649.10000000,0.6559
1749263655,0.65130000,70.30000000,0.6559
1749263655,0.65120000,117.90000000,0.6559
1749263655,0.65110000,459.30000000,0.6559
1749263655,0.65100000,1683.00000000,0.6559
1749263655,0.65090000,3590.40000000,0.6559
1749263655,0.65080000,362.00000000,0.6559
1749263655,0.65070000,275.40000000,0.6559
1749263655,0.65060000,448.00000000,0.6559
1749263655,0.65050000,2253.20000000,0.6559
1749263655,0.65040000,36.80000000,0.6559
1749263655,0.65030000,283.90000000,0.6559
1749263655,0.65020000,3195.30000000,0.6559
1749263655,0.65010000,5842.30000000,0.6559
1749263655,0.65000000,8080.20000000,0.6559
1749263655,0.64990000,89.10000000,0.6559
1749263655,0.64980000,3704.70000000,0.6559
1749263655,0.64970000,5998.80000000,0.6559
1749263655,0.64960000,25231.40000000,0.6559
1749263655,0.64950000,116141.40000000,0.6559
1749263655,0.64940000,9072.40000000,0.6559
1749263655,0.64930000,680.10000000,0.6559
1749263655,0.64920000,3496.70000000,0.6559
1749263655,0.64910000,15156.80000000,0.6559
1749263655,0.64900000,13553.50000000,0.6559
1749263655,0.64890000,653.60000000,0.6559
1749263655,0.64880000,34119.20000000,0.6559
1749263655,0.64870000,167.80000000,0.6559
1749263655,0.64860000,412.10000000,0.6559
1749263655,0.64850000,2109.20000000,0.6559
1749263655,0.64840000,27401.80000000,0.6559
1749263655,0.64830000,50.30000000,0.6559
1749263655,0.64820000,3460.50000000,0.6559
1749263655,0.64810000,86.30000000,0.6559
1749263655,0.64800000,4715.30000000,0.6559
1749263655,0.64790000,2878.00000000,0.6559
1749263655,0.64780000,2131.10000000,0.6559
1749263655,0.64770000,209.20000000,0.6559
1749263655,0.64760000,10208.00000000,0.6559
1749263655,0.64750000,2529.50000000,0.6559
1749263655,0.64740000,7917.20000000,0.6559
1749263655,0.64730000,1934.80000000,0.6559
1749263655,0.64720000,218.90000000,0.6559
1749263655,0.64710000,214.60000000,0.6559
1749263655,0.64700000,3132.90000000,0.6559
1749263655,0.64690000,259.20000000,0.6559
1749263655,0.64680000,91.00000000,0.6559
1749263655,0.64670000,43.20000000,0.6559
1749263655,0.64660000,181.70000000,0.6559
1749263655,0.64650000,16319.70000000,0.6559
1749263655,0.64640000,68315.00000000,0.6559
1749263655,0.64630000,80552.20000000,0.6559
1749263655,0.64620000,188.20000000,0.6559
1749263655,0.64610000,462.40000000,0.6559
1749263655,0.64600000,2132.00000000,0.6559
1749263956,0.65710000,10318.60000000,0.6572
1749263956,0.65700000,45760.20000000,0.6572
1749263956,0.65690000,43266.20000000,0.6572
1749263956,0.65680000,37305.20000000,0.6572
1749263956,0.65670000,19110.40000000,0.6572
1749263956,0.65660000,43178.60000000,0.6572
1749263956,0.65650000,20504.10000000,0.6572
1749263956,0.65640000,35871.10000000,0.6572
1749263956,0.65630000,101331.40000000,0.6572
1749263956,0.65620000,81874.40000000,0.6572
1749263956,0.65610000,41305.20000000,0.6572
1749263956,0.65600000,56526.10000000,0.6572
1749263956,0.65590000,30212.60000000,0.6572
1749263956,0.65580000,25234.50000000,0.6572
1749263956,0.65570000,36811.00000000,0.6572
1749263956,0.65560000,21051.20000000,0.6572
1749263956,0.65550000,16811.30000000,0.6572
1749263956,0.65540000,10086.80000000,0.6572
1749263956,0.65530000,10081.60000000,0.6572
1749263956,0.65520000,23832.80000000,0.6572
1749263956,0.65510000,6192.80000000,0.6572
1749263956,0.65500000,17365.60000000,0.6572
1749263956,0.65490000,40031.70000000,0.6572
1749263956,0.65480000,10918.00000000,0.6572
1749263956,0.65470000,10030.10000000,0.6572
1749263956,0.65460000,3024.50000000,0.6572
1749263956,0.65450000,17593.80000000,0.6572
1749263956,0.65440000,11689.00000000,0.6572
1749263956,0.65430000,12168.80000000,0.6572
1749263956,0.65420000,12625.80000000,0.6572
1749263956,0.65410000,39199.30000000,0.6572
1749263956,0.65400000,5855.20000000,0.6572
1749263956,0.65390000,66618.60000000,0.6572
1749263956,0.65380000,2140.00000000,0.6572
1749263956,0.65370000,5982.50000000,0.6572
1749263956,0.65360000,10919.90000000,0.6572
1749263956,0.65350000,6552.00000000,0.6572
1749263956,0.65340000,89387.40000000,0.6572
1749263956,0.65330000,8203.30000000,0.6572
1749263956,0.65320000,6376.00000000,0.6572
1749263956,0.65310000,3853.30000000,0.6572
1749263956,0.65300000,7812.70000000,0.6572
1749263956,0.65290000,16216.70000000,0.6572
1749263956,0.65280000,132255.10000000,0.6572
1749263956,0.65270000,3071.20000000,0.6572
1749263956,0.65260000,7888.30000000,0.6572
1749263956,0.65250000,9125.70000000,0.6572
1749263956,0.65240000,4973.50000000,0.6572
1749263956,0.65230000,705.30000000,0.6572
1749263956,0.65220000,1700.50000000,0.6572
1749263956,0.65210000,6644.00000000,0.6572
1749263956,0.65200000,466.20000000,0.6572
1749263956,0.65190000,977.30000000,0.6572
1749263956,0.65180000,4587.70000000,0.6572
1749263956,0.65170000,301.40000000,0.6572
1749263956,0.65160000,42.50000000,0.6572
1749263956,0.65150000,203832.30000000,0.6572
1749263956,0.65140000,1649.10000000,0.6572
1749263956,0.65130000,62.60000000,0.6572
1749263956,0.65120000,101.70000000,0.6572
1749263956,0.65110000,5748.70000000,0.6572
1749263956,0.65100000,2715.20000000,0.6572
1749263956,0.65090000,2758.50000000,0.6572
1749263956,0.65080000,362.00000000,0.6572
1749263956,0.65070000,267.70000000,0.6572
1749263956,0.65060000,59.10000000,0.6572
1749263956,0.65050000,3804.60000000,0.6572
1749263956,0.65040000,3747.80000000,0.6572
1749263956,0.65030000,283.90000000,0.6572
1749263956,0.65020000,4807.30000000,0.6572
1749263956,0.65010000,28748.40000000,0.6572
1749263956,0.65000000,8516.50000000,0.6572
1749263956,0.64990000,89.10000000,0.6572
1749263956,0.64980000,6400.60000000,0.6572
1749263956,0.64970000,75.90000000,0.6572
1749263956,0.64960000,30393.60000000,0.6572
1749263956,0.64950000,116126.10000000,0.6572
1749263956,0.64940000,9057.10000000,0.6572
1749263956,0.64930000,664.80000000,0.6572
1749263956,0.64920000,3481.40000000,0.6572
1749263956,0.64910000,22062.00000000,0.6572
1749263956,0.64900000,6701.40000000,0.6572
1749263956,0.64890000,8254.70000000,0.6572
1749263956,0.64880000,34103.90000000,0.6572
1749263956,0.64870000,152.50000000,0.6572
1749263956,0.64860000,396.80000000,0.6572
1749263956,0.64850000,2093.90000000,0.6572
1749263956,0.64840000,252.10000000,0.6572
1749263956,0.64830000,50.30000000,0.6572
1749263956,0.64820000,3460.50000000,0.6572
1749263956,0.64810000,86.30000000,0.6572
1749263956,0.64800000,4715.30000000,0.6572
1749263956,0.64790000,2878.00000000,0.6572
1749263956,0.64780000,2131.10000000,0.6572
1749263956,0.64770000,209.20000000,0.6572
1749263956,0.64760000,3271.50000000,0.6572
1749263956,0.64750000,2529.50000000,0.6572
1749263956,0.64740000,210.00000000,0.6572
1749263956,0.64730000,1934.80000000,0.6572
1749263956,0.64720000,373.10000000,0.6572
1749264258,0.65660000,10809.50000000,0.6567
1749264258,0.65650000,18497.30000000,0.6567
1749264258,0.65640000,53386.90000000,0.6567
1749264258,0.65630000,29963.30000000,0.6567
1749264258,0.65620000,44067.00000000,0.6567
1749264258,0.65610000,56803.60000000,0.6567
1749264258,0.65600000,59163.40000000,0.6567
1749264258,0.65590000,46212.40000000,0.6567
1749264258,0.65580000,53944.30000000,0.6567
1749264258,0.65570000,47035.20000000,0.6567
1749264258,0.65560000,43216.30000000,0.6567
1749264258,0.65550000,15531.30000000,0.6567
1749264258,0.65540000,19085.30000000,0.6567
1749264258,0.65530000,26107.30000000,0.6567
1749264258,0.65520000,27303.10000000,0.6567
1749264258,0.65510000,14182.20000000,0.6567
1749264258,0.65500000,16797.10000000,0.6567
1749264258,0.65490000,92547.20000000,0.6567
1749264258,0.65480000,7876.70000000,0.6567
1749264258,0.65470000,10030.10000000,0.6567
1749264258,0.65460000,2288.90000000,0.6567
1749264258,0.65450000,18200.50000000,0.6567
1749264258,0.65440000,4482.20000000,0.6567
1749264258,0.65430000,10447.50000000,0.6567
1749264258,0.65420000,5264.20000000,0.6567
1749264258,0.65410000,108723.80000000,0.6567
1749264258,0.65400000,2065.30000000,0.6567
1749264258,0.65390000,12109.80000000,0.6567
1749264258,0.65380000,3553.10000000,0.6567
1749264258,0.65370000,115436.40000000,0.6567
1749264258,0.65360000,9779.10000000,0.6567
1749264258,0.65350000,3687.50000000,0.6567
1749264258,0.65340000,8249.60000000,0.6567
1749264258,0.65330000,10368.00000000,0.6567
1749264258,0.65320000,10429.50000000,0.6567
1749264258,0.65310000,47639.80000000,0.6567
1749264258,0.65300000,3692.40000000,0.6567
1749264258,0.65290000,500.80000000,0.6567
1749264258,0.65280000,145491.40000000,0.6567
1749264258,0.65270000,3087.20000000,0.6567
1749264258,0.65260000,7888.30000000,0.6567
1749264258,0.65250000,9125.70000000,0.6567
1749264258,0.65240000,4973.50000000,0.6567
1749264258,0.65230000,857.50000000,0.6567
1749264258,0.65220000,1700.50000000,0.6567
1749264258,0.65210000,1943.10000000,0.6567
1749264258,0.65200000,473.90000000,0.6567
1749264258,0.65190000,977.30000000,0.6567
1749264258,0.65180000,1550.70000000,0.6567
1749264258,0.65170000,301.40000000,0.6567
1749264258,0.65160000,5335.60000000,0.6567
1749264258,0.65150000,25.00000000,0.6567
1749264258,0.65140000,1656.80000000,0.6567
1749264258,0.65130000,70.30000000,0.6567
1749264258,0.65120000,101.70000000,0.6567
1749264258,0.65110000,1339.90000000,0.6567
1749264258,0.65100000,7139.30000000,0.6567
1749264258,0.65090000,2758.50000000,0.6567
1749264258,0.65080000,362.00000000,0.6567
1749264258,0.65070000,267.70000000,0.6567
1749264258,0.65060000,59.10000000,0.6567
1749264258,0.65050000,3804.60000000,0.6567
1749264258,0.65040000,864.20000000,0.6567
1749264258,0.65030000,1109.40000000,0.6567
1749264258,0.65020000,10022.50000000,0.6567
1749264258,0.65010000,544.80000000,0.6567
1749264258,0.65000000,7853.00000000,0.6567
1749264258,0.64990000,287.10000000,0.6567
1749264258,0.64980000,3704.70000000,0.6567
1749264258,0.64970000,15050.40000000,0.6567
1749264258,0.64960000,52916.10000000,0.6567
1749264258,0.64950000,123057.60000000,0.6567
1749264258,0.64940000,9072.40000000,0.6567
1749264258,0.64930000,680.10000000,0.6567
1749264258,0.64920000,3496.70000000,0.6567
1749264258,0.64910000,15156.80000000,0.6567
1749264258,0.64900000,6701.40000000,0.6567
1749264258,0.64890000,8254.70000000,0.6567
1749264258,0.64880000,61221.50000000,0.6567
1749264258,0.64870000,152.50000000,0.6567
1749264258,0.64860000,198.40000000,0.6567
1749264258,0.64850000,2093.90000000,0.6567
1749264258,0.64840000,406.00000000,0.6567
1749264258,0.64830000,50.30000000,0.6567
1749264258,0.64820000,3460.50000000,0.6567
1749264258,0.64810000,86.30000000,0.6567
1749264258,0.64800000,4715.30000000,0.6567
1749264258,0.64790000,2878.00000000,0.6567
1749264258,0.64780000,2131.10000000,0.6567
1749264258,0.64770000,209.20000000,0.6567
1749264258,0.64760000,3271.50000000,0.6567
1749264258,0.64750000,2683.60000000,0.6567
1749264258,0.64740000,210.00000000,0.6567
1749264258,0.64730000,1934.80000000,0.6567
1749264258,0.64720000,218.90000000,0.6567
1749264258,0.64710000,214.60000000,0.6567
1749264258,0.64700000,3132.90000000,0.6567
1749264258,0.64690000,259.20000000,0.6567
1749264258,0.64680000,91.00000000,0.6567
1749264258,0.64670000,43.20000000,0.6567
1749264562,0.65700000,18459.20000000,0.657
1749264562,0.65690000,39762.40000000,0.657
1749264562,0.65680000,59565.10000000,0.657
1749264562,0.65670000,46137.10000000,0.657
1749264562,0.65660000,60830.10000000,0.657
1749264562,0.65650000,47575.20000000,0.657
1749264562,0.65640000,36621.90000000,0.657
1749264562,0.65630000,59874.40000000,0.657
1749264562,0.65620000,37178.30000000,0.657
1749264562,0.65610000,33154.60000000,0.657
1749264562,0.65600000,40600.90000000,0.657
1749264562,0.65590000,19770.50000000,0.657
1749264562,0.65580000,18436.30000000,0.657
1749264562,0.65570000,19071.20000000,0.657
1749264562,0.65560000,26271.70000000,0.657
1749264562,0.65550000,30680.50000000,0.657
1749264562,0.65540000,40317.10000000,0.657
1749264562,0.65530000,4862.30000000,0.657
1749264562,0.65520000,17757.30000000,0.657
1749264562,0.65510000,7092.70000000,0.657
1749264562,0.65500000,97132.60000000,0.657
1749264562,0.65490000,12653.30000000,0.657
1749264562,0.65480000,91456.00000000,0.657
1749264562,0.65470000,14570.10000000,0.657
1749264562,0.65460000,2288.90000000,0.657
1749264562,0.65450000,18229.80000000,0.657
1749264562,0.65440000,4828.00000000,0.657
1749264562,0.65430000,7403.50000000,0.657
1749264562,0.65420000,5725.40000000,0.657
1749264562,0.65410000,10381.50000000,0.657
1749264562,0.65400000,2405.80000000,0.657
1749264562,0.65390000,11667.80000000,0.657
1749264562,0.65380000,2137.10000000,0.657
1749264562,0.65370000,115428.70000000,0.657
1749264562,0.65360000,9779.10000000,0.657
1749264562,0.65350000,7993.90000000,0.657
1749264562,0.65340000,7189.00000000,0.657
1749264562,0.65330000,8394.60000000,0.657
1749264562,0.65320000,1819.70000000,0.657
1749264562,0.65310000,41338.20000000,0.657
1749264562,0.65300000,3442.60000000,0.657
1749264562,0.65290000,15475.20000000,0.657
1749264562,0.65280000,145491.40000000,0.657
1749264562,0.65270000,18394.70000000,0.657
1749264562,0.65260000,7917.60000000,0.657
1749264562,0.65250000,9125.70000000,0.657
1749264562,0.65240000,4973.50000000,0.657
1749264562,0.65230000,705.30000000,0.657
1749264562,0.65220000,1678.10000000,0.657
1749264562,0.65210000,1943.10000000,0.657
1749264562,0.65200000,473.90000000,0.657
1749264562,0.65190000,977.30000000,0.657
1749264562,0.65180000,1550.70000000,0.657
1749264562,0.65170000,5585.90000000,0.657
1749264562,0.65160000,42.50000000,0.657
1749264562,0.65150000,25.00000000,0.657
1749264562,0.65140000,1649.10000000,0.657
1749264562,0.65130000,62.60000000,0.657
1749264562,0.65120000,101.70000000,0.657
1749264562,0.65110000,459.30000000,0.657
1749264562,0.65100000,2715.20000000,0.657
1749264562,0.65090000,2758.50000000,0.657
1749264562,0.65080000,362.00000000,0.657
1749264562,0.65070000,3831.30000000,0.657
1749264562,0.65060000,59.10000000,0.657
1749264562,0.65050000,2253.20000000,0.657
1749264562,0.65040000,2475.70000000,0.657
1749264562,0.65030000,1109.40000000,0.657
1749264562,0.65020000,3195.30000000,0.657
1749264562,0.65010000,544.80000000,0.657
1749264562,0.65000000,7953.00000000,0.657
1749264562,0.64990000,287.10000000,0.657
1749264562,0.64980000,3704.70000000,0.657
1749264562,0.64970000,75.90000000,0.657
1749264562,0.64960000,52916.10000000,0.657
1749264562,0.64950000,116141.40000000,0.657
1749264562,0.64940000,9057.10000000,0.657
1749264562,0.64930000,664.80000000,0.657
1749264562,0.64920000,10400.80000000,0.657
1749264562,0.64910000,15141.50000000,0.657
1749264562,0.64900000,6701.40000000,0.657
1749264562,0.64890000,8254.70000000,0.657
1749264562,0.64880000,61221.50000000,0.657
1749264562,0.64870000,152.50000000,0.657
1749264562,0.64860000,198.40000000,0.657
1749264562,0.64850000,2093.90000000,0.657
1749264562,0.64840000,406.00000000,0.657
1749264562,0.64830000,50.30000000,0.657
1749264562,0.64820000,3460.50000000,0.657
1749264562,0.64810000,86.30000000,0.657
1749264562,0.64800000,4715.30000000,0.657
1749264562,0.64790000,2878.00000000,0.657
1749264562,0.64780000,2131.10000000,0.657
1749264562,0.64770000,209.20000000,0.657
1749264562,0.64760000,3271.50000000,0.657
1749264562,0.64750000,2683.60000000,0.657
1749264562,0.64740000,210.00000000,0.657
1749264562,0.64730000,1934.80000000,0.657
1749264562,0.64720000,218.90000000,0.657
1749264562,0.64710000,214.60000000,0.657
1749264864,0.65850000,6340.40000000,0.6585
1749264864,0.65840000,34783.90000000,0.6585
1749264864,0.65830000,53808.50000000,0.6585
1749264864,0.65820000,73451.20000000,0.6585
1749264864,0.65810000,60710.70000000,0.6585
1749264864,0.65800000,17304.60000000,0.6585
1749264864,0.65790000,36042.10000000,0.6585
1749264864,0.65780000,63541.90000000,0.6585
1749264864,0.65770000,36591.80000000,0.6585
1749264864,0.65760000,31713.00000000,0.6585
1749264864,0.65750000,51598.60000000,0.6585
1749264864,0.65740000,28135.80000000,0.6585
1749264864,0.65730000,27934.30000000,0.6585
1749264864,0.65720000,40054.20000000,0.6585
1749264864,0.65710000,25759.30000000,0.6585
1749264864,0.65700000,37061.50000000,0.6585
1749264864,0.65690000,16299.60000000,0.6585
1749264864,0.65680000,26280.10000000,0.6585
1749264864,0.65670000,16677.30000000,0.6585
1749264864,0.65660000,10167.50000000,0.6585
1749264864,0.65650000,15573.20000000,0.6585
1749264864,0.65640000,10297.10000000,0.6585
1749264864,0.65630000,45053.20000000,0.6585
1749264864,0.65620000,17676.20000000,0.6585
1749264864,0.65610000,2172.60000000,0.6585
1749264864,0.65600000,15569.90000000,0.6585
1749264864,0.65590000,9041.00000000,0.6585
1749264864,0.65580000,17999.40000000,0.6585
1749264864,0.65570000,3849.80000000,0.6585
1749264864,0.65560000,16877.40000000,0.6585
1749264864,0.65550000,59269.50000000,0.6585
1749264864,0.65540000,38366.90000000,0.6585
1749264864,0.65530000,2213.80000000,0.6585
1749264864,0.65520000,15438.90000000,0.6585
1749264864,0.65510000,4852.10000000,0.6585
1749264864,0.65500000,4177.40000000,0.6585
1749264864,0.65490000,15245.20000000,0.6585
1749264864,0.65480000,88413.00000000,0.6585
1749264864,0.65470000,9701.80000000,0.6585
1749264864,0.65460000,111777.70000000,0.6585
1749264864,0.65450000,10589.20000000,0.6585
1749264864,0.65440000,4822.90000000,0.6585
1749264864,0.65430000,853.50000000,0.6585
1749264864,0.65420000,3108.40000000,0.6585
1749264864,0.65410000,5011.80000000,0.6585
1749264864,0.65400000,15408.00000000,0.6585
1749264864,0.65390000,3186.40000000,0.6585
1749264864,0.65380000,15117.80000000,0.6585
1749264864,0.65370000,3073.60000000,0.6585
1749264864,0.65360000,3581.70000000,0.6585
1749264864,0.65350000,933.90000000,0.6585
1749264864,0.65340000,1699.10000000,0.6585
1749264864,0.65330000,3359.10000000,0.6585
1749264864,0.65320000,1659.20000000,0.6585
1749264864,0.65310000,41330.40000000,0.6585
1749264864,0.65300000,68.10000000,0.6585
1749264864,0.65290000,340.80000000,0.6585
1749264864,0.65280000,145856.10000000,0.6585
1749264864,0.65270000,88.80000000,0.6585
1749264864,0.65260000,7909.80000000,0.6585
1749264864,0.65250000,14581.00000000,0.6585
1749264864,0.65240000,36.60000000,0.6585
1749264864,0.65230000,697.60000000,0.6585
1749264864,0.65220000,1670.40000000,0.6585
1749264864,0.65210000,2929.00000000,0.6585
1749264864,0.65200000,1281.80000000,0.6585
1749264864,0.65190000,2564.10000000,0.6585
1749264864,0.65180000,24073.20000000,0.6585
1749264864,0.65170000,116552.20000000,0.6585
1749264864,0.65160000,2075.60000000,0.6585
1749264864,0.65150000,25.00000000,0.6585
1749264864,0.65140000,1649.10000000,0.6585
1749264864,0.65130000,1718.70000000,0.6585
1749264864,0.65120000,7121.00000000,0.6585
1749264864,0.65110000,77.30000000,0.6585
1749264864,0.65100000,2715.20000000,0.6585
1749264864,0.65090000,2743.30000000,0.6585
1749264864,0.65080000,346.80000000,0.6585
1749264864,0.65070000,252.50000000,0.6585
1749264864,0.65060000,43.90000000,0.6585
1749264864,0.65050000,29284.80000000,0.6585
1749264864,0.65040000,7747.80000000,0.6585
1749264864,0.65030000,268.70000000,0.6585
1749264864,0.65020000,3180.10000000,0.6585
1749264864,0.65010000,529.50000000,0.6585
1749264864,0.65000000,7937.70000000,0.6585
1749264864,0.64990000,271.80000000,0.6585
1749264864,0.64980000,1650.60000000,0.6585
1749264864,0.64970000,60.60000000,0.6585
1749264864,0.64960000,257.80000000,0.6585
1749264864,0.64950000,3396.40000000,0.6585
1749264864,0.64940000,9057.10000000,0.6585
1749264864,0.64930000,664.80000000,0.6585
1749264864,0.64920000,3481.40000000,0.6585
1749264864,0.64910000,15141.50000000,0.6585
1749264864,0.64900000,13623.00000000,0.6585
1749264864,0.64890000,638.30000000,0.6585
1749264864,0.64880000,34103.90000000,0.6585
1749264864,0.64870000,27259.80000000,0.6585
1749264864,0.64860000,198.40000000,0.6585
1749265166,0.65840000,8030.10000000,0.6585
1749265166,0.65830000,44197.30000000,0.6585
1749265166,0.65820000,62165.70000000,0.6585
1749265166,0.65810000,28766.10000000,0.6585
1749265166,0.65800000,40147.20000000,0.6585
1749265166,0.65790000,22741.30000000,0.6585
1749265166,0.65780000,61842.90000000,0.6585
1749265166,0.65770000,30122.30000000,0.6585
1749265166,0.65760000,68298.40000000,0.6585
1749265166,0.65750000,86839.60000000,0.6585
1749265166,0.65740000,44284.40000000,0.6585
1749265166,0.65730000,18635.10000000,0.6585
1749265166,0.65720000,35280.90000000,0.6585
1749265166,0.65710000,14431.10000000,0.6585
1749265166,0.65700000,21602.70000000,0.6585
1749265166,0.65690000,15949.80000000,0.6585
1749265166,0.65680000,24059.10000000,0.6585
1749265166,0.65670000,10329.90000000,0.6585
1749265166,0.65660000,10141.60000000,0.6585
1749265166,0.65650000,15561.60000000,0.6585
1749265166,0.65640000,10157.10000000,0.6585
1749265166,0.65630000,42398.20000000,0.6585
1749265166,0.65620000,17012.20000000,0.6585
1749265166,0.65610000,2840.10000000,0.6585
1749265166,0.65600000,70445.20000000,0.6585
1749265166,0.65590000,9041.00000000,0.6585
1749265166,0.65580000,12148.10000000,0.6585
1749265166,0.65570000,2252.70000000,0.6585
1749265166,0.65560000,10405.80000000,0.6585
1749265166,0.65550000,87165.60000000,0.6585
1749265166,0.65540000,7353.90000000,0.6585
1749265166,0.65530000,17461.40000000,0.6585
1749265166,0.65520000,10537.50000000,0.6585
1749265166,0.65510000,4103.10000000,0.6585
1749265166,0.65500000,4568.10000000,0.6585
1749265166,0.65490000,10944.10000000,0.6585
1749265166,0.65480000,9640.90000000,0.6585
1749265166,0.65470000,7050.20000000,0.6585
1749265166,0.65460000,124906.50000000,0.6585
1749265166,0.65450000,3271.50000000,0.6585
1749265166,0.65440000,2668.00000000,0.6585
1749265166,0.65430000,254.30000000,0.6585
1749265166,0.65420000,3137.10000000,0.6585
1749265166,0.65410000,147958.80000000,0.6585
1749265166,0.65400000,121.10000000,0.6585
1749265166,0.65390000,3186.40000000,0.6585
1749265166,0.65380000,15478.60000000,0.6585
1749265166,0.65370000,3894.80000000,0.6585
1749265166,0.65360000,69.50000000,0.6585
1749265166,0.65350000,401.10000000,0.6585
1749265166,0.65340000,1715.20000000,0.6585
1749265166,0.65330000,322.00000000,0.6585
1749265166,0.65320000,24181.60000000,0.6585
1749265166,0.65310000,41330.40000000,0.6585
1749265166,0.65300000,703.40000000,0.6585
1749265166,0.65290000,5615.60000000,0.6585
1749265166,0.65280000,2909.10000000,0.6585
1749265166,0.65270000,88.80000000,0.6585
1749265166,0.65260000,88.20000000,0.6585
1749265166,0.65250000,9302.90000000,0.6585
1749265166,0.65240000,23.80000000,0.6585
1749265166,0.65230000,697.60000000,0.6585
1749265166,0.65220000,28646.70000000,0.6585
1749265166,0.65210000,2776.00000000,0.6585
1749265166,0.65200000,458.50000000,0.6585
1749265166,0.65190000,2840.80000000,0.6585
1749265166,0.65180000,1550.70000000,0.6585
1749265166,0.65170000,143143.90000000,0.6585
1749265166,0.65160000,2075.60000000,0.6585
1749265166,0.65150000,25.00000000,0.6585
1749265166,0.65140000,1649.10000000,0.6585
1749265166,0.65130000,260.10000000,0.6585
1749265166,0.65120000,101.70000000,0.6585
1749265166,0.65110000,77.30000000,0.6585
1749265166,0.65100000,2715.20000000,0.6585
1749265166,0.65090000,2725.40000000,0.6585
1749265166,0.65080000,346.80000000,0.6585
1749265166,0.65070000,252.50000000,0.6585
1749265166,0.65060000,43.90000000,0.6585
1749265166,0.65050000,2238.00000000,0.6585
1749265166,0.65040000,14654.50000000,0.6585
1749265166,0.65030000,268.70000000,0.6585
1749265166,0.65020000,3180.10000000,0.6585
1749265166,0.65010000,529.50000000,0.6585
1749265166,0.65000000,7937.70000000,0.6585
1749265166,0.64990000,73.80000000,0.6585
1749265166,0.64980000,1650.60000000,0.6585
1749265166,0.64970000,60.60000000,0.6585
1749265166,0.64960000,257.80000000,0.6585
1749265166,0.64950000,4416.30000000,0.6585
1749265166,0.64940000,9057.10000000,0.6585
1749265166,0.64930000,664.80000000,0.6585
1749265166,0.64920000,3481.40000000,0.6585
1749265166,0.64910000,15141.50000000,0.6585
1749265166,0.64900000,6701.40000000,0.6585
1749265166,0.64890000,638.30000000,0.6585
1749265166,0.64880000,34103.90000000,0.6585
1749265166,0.64870000,27259.80000000,0.6585
1749265166,0.64860000,198.40000000,0.6585
1749265166,0.64850000,2093.90000000,0.6585
1749265468,0.65890000,10572.40000000,0.6589
1749265468,0.65880000,37954.50000000,0.6589
1749265468,0.65870000,53330.30000000,0.6589
1749265468,0.65860000,43255.40000000,0.6589
1749265468,0.65850000,42679.20000000,0.6589
1749265468,0.65840000,28998.20000000,0.6589
1749265468,0.65830000,23428.50000000,0.6589
1749265468,0.65820000,33919.40000000,0.6589
1749265468,0.65810000,38900.00000000,0.6589
1749265468,0.65800000,76732.10000000,0.6589
1749265468,0.65790000,51140.40000000,0.6589
1749265468,0.65780000,22248.90000000,0.6589
1749265468,0.65770000,20488.50000000,0.6589
1749265468,0.65760000,25104.80000000,0.6589
1749265468,0.65750000,28032.80000000,0.6589
1749265468,0.65740000,20464.80000000,0.6589
1749265468,0.65730000,17872.00000000,0.6589
1749265468,0.65720000,11664.60000000,0.6589
1749265468,0.65710000,15248.50000000,0.6589
1749265468,0.65700000,10307.20000000,0.6589
1749265468,0.65690000,44197.80000000,0.6589
1749265468,0.65680000,33721.50000000,0.6589
1749265468,0.65670000,9455.10000000,0.6589
1749265468,0.65660000,15790.80000000,0.6589
1749265468,0.65650000,41513.10000000,0.6589
1749265468,0.65640000,7503.20000000,0.6589
1749265468,0.65630000,2019.80000000,0.6589
1749265468,0.65620000,14232.70000000,0.6589
1749265468,0.65610000,57665.70000000,0.6589
1749265468,0.65600000,15874.90000000,0.6589
1749265468,0.65590000,9778.30000000,0.6589
1749265468,0.65580000,7619.00000000,0.6589
1749265468,0.65570000,2245.00000000,0.6589
1749265468,0.65560000,11093.10000000,0.6589
1749265468,0.65550000,196194.50000000,0.6589
1749265468,0.65540000,11570.70000000,0.6589
1749265468,0.65530000,6497.10000000,0.6589
1749265468,0.65520000,25776.00000000,0.6589
1749265468,0.65510000,8352.40000000,0.6589
1749265468,0.65500000,1372.40000000,0.6589
1749265468,0.65490000,4042.20000000,0.6589
1749265468,0.65480000,3200.80000000,0.6589
1749265468,0.65470000,229.50000000,0.6589
1749265468,0.65460000,326.60000000,0.6589
1749265468,0.65450000,3119.70000000,0.6589
1749265468,0.65440000,2772.00000000,0.6589
1749265468,0.65430000,102.50000000,0.6589
1749265468,0.65420000,18111.60000000,0.6589
1749265468,0.65410000,147958.80000000,0.6589
1749265468,0.65400000,500.30000000,0.6589
1749265468,0.65390000,149.40000000,0.6589
1749265468,0.65380000,16301.50000000,0.6589
1749265468,0.65370000,3902.50000000,0.6589
1749265468,0.65360000,69.40000000,0.6589
1749265468,0.65350000,401.10000000,0.6589
1749265468,0.65340000,1707.50000000,0.6589
1749265468,0.65330000,314.30000000,0.6589
1749265468,0.65320000,1651.40000000,0.6589
1749265468,0.65310000,41330.40000000,0.6589
1749265468,0.65300000,703.40000000,0.6589
1749265468,0.65290000,340.80000000,0.6589
1749265468,0.65280000,2909.10000000,0.6589
1749265468,0.65270000,88.80000000,0.6589
1749265468,0.65260000,5365.50000000,0.6589
1749265468,0.65250000,9302.90000000,0.6589
1749265468,0.65240000,23.80000000,0.6589
1749265468,0.65230000,222.60000000,0.6589
1749265468,0.65220000,1670.40000000,0.6589
1749265468,0.65210000,2592.00000000,0.6589
1749265468,0.65200000,2329.40000000,0.6589
1749265468,0.65190000,5594.60000000,0.6589
1749265468,0.65180000,24073.20000000,0.6589
1749265468,0.65170000,112999.70000000,0.6589
1749265468,0.65160000,2075.40000000,0.6589
1749265468,0.65150000,25.00000000,0.6589
1749265468,0.65140000,1649.10000000,0.6589
1749265468,0.65130000,244.90000000,0.6589
1749265468,0.65120000,62.80000000,0.6589
1749265468,0.65110000,1912.00000000,0.6589
1749265468,0.65100000,1660.10000000,0.6589
1749265468,0.65090000,2710.20000000,0.6589
1749265468,0.65080000,28396.80000000,0.6589
1749265468,0.65070000,228.80000000,0.6589
1749265468,0.65060000,43.90000000,0.6589
1749265468,0.65050000,2238.00000000,0.6589
1749265468,0.65040000,14654.50000000,0.6589
1749265468,0.65030000,268.70000000,0.6589
1749265468,0.65020000,3333.60000000,0.6589
1749265468,0.65010000,505.80000000,0.6589
1749265468,0.65000000,7950.30000000,0.6589
1749265468,0.64990000,32072.70000000,0.6589
1749265468,0.64980000,1650.60000000,0.6589
1749265468,0.64970000,27140.70000000,0.6589
1749265468,0.64960000,257.80000000,0.6589
1749265468,0.64950000,4392.60000000,0.6589
1749265468,0.64940000,9057.10000000,0.6589
1749265468,0.64930000,664.80000000,0.6589
1749265468,0.64920000,3481.40000000,0.6589
1749265468,0.64910000,14123.10000000,0.6589
1749265468,0.64900000,6701.40000000,0.6589
1749265770,0.65790000,7320.30000000,0.658
1749265770,0.65780000,34200.80000000,0.658
1749265770,0.65770000,57665.30000000,0.658
1749265770,0.65760000,47996.70000000,0.658
1749265770,0.65750000,57126.40000000,0.658
1749265770,0.65740000,44464.80000000,0.658
1749265770,0.65730000,17720.80000000,0.658
1749265770,0.65720000,54777.70000000,0.658
1749265770,0.65710000,79633.10000000,0.658
1749265770,0.65700000,39635.10000000,0.658
1749265770,0.65690000,39403.20000000,0.658
1749265770,0.65680000,30638.50000000,0.658
1749265770,0.65670000,22866.20000000,0.658
1749265770,0.65660000,23789.00000000,0.658
1749265770,0.65650000,40518.10000000,0.658
1749265770,0.65640000,33932.80000000,0.658
1749265770,0.65630000,42695.00000000,0.658
1749265770,0.65620000,69050.50000000,0.658
1749265770,0.65610000,5885.20000000,0.658
1749265770,0.65600000,12964.40000000,0.658
1749265770,0.65590000,11801.00000000,0.658
1749265770,0.65580000,10627.50000000,0.658
1749265770,0.65570000,14804.00000000,0.658
1749265770,0.65560000,120850.80000000,0.658
1749265770,0.65550000,6333.80000000,0.658
1749265770,0.65540000,9998.00000000,0.658
1749265770,0.65530000,5197.40000000,0.658
1749265770,0.65520000,20828.00000000,0.658
1749265770,0.65510000,3688.40000000,0.658
1749265770,0.65500000,4121.40000000,0.658
1749265770,0.65490000,9649.70000000,0.658
1749265770,0.65480000,6102.20000000,0.658
1749265770,0.65470000,9236.20000000,0.658
1749265770,0.65460000,111766.40000000,0.658
1749265770,0.65450000,9910.00000000,0.658
1749265770,0.65440000,5071.60000000,0.658
1749265770,0.65430000,2246.00000000,0.658
1749265770,0.65420000,4499.90000000,0.658
1749265770,0.65410000,150102.40000000,0.658
1749265770,0.65400000,744.50000000,0.658
1749265770,0.65390000,5229.90000000,0.658
1749265770,0.65380000,31584.40000000,0.658
1749265770,0.65370000,3902.50000000,0.658
1749265770,0.65360000,229.80000000,0.658
1749265770,0.65350000,391.00000000,0.658
1749265770,0.65340000,1715.20000000,0.658
1749265770,0.65330000,322.00000000,0.658
1749265770,0.65320000,1659.10000000,0.658
1749265770,0.65310000,18050.70000000,0.658
1749265770,0.65300000,38964.80000000,0.658
1749265770,0.65290000,348.50000000,0.658
1749265770,0.65280000,2909.10000000,0.658
1749265770,0.65270000,96.50000000,0.658
1749265770,0.65260000,1115.60000000,0.658
1749265770,0.65250000,9302.90000000,0.658
1749265770,0.65240000,23.80000000,0.658
1749265770,0.65230000,222.60000000,0.658
1749265770,0.65220000,1670.40000000,0.658
1749265770,0.65210000,1919.40000000,0.658
1749265770,0.65200000,466.20000000,0.658
1749265770,0.65190000,969.60000000,0.658
1749265770,0.65180000,24073.20000000,0.658
1749265770,0.65170000,116464.30000000,0.658
1749265770,0.65160000,2075.40000000,0.658
1749265770,0.65150000,25.00000000,0.658
1749265770,0.65140000,1649.10000000,0.658
1749265770,0.65130000,260.10000000,0.658
1749265770,0.65120000,78.00000000,0.658
1749265770,0.65110000,1927.20000000,0.658
1749265770,0.65100000,1675.30000000,0.658
1749265770,0.65090000,6527.30000000,0.658
1749265770,0.65080000,30069.40000000,0.658
1749265770,0.65070000,244.00000000,0.658
1749265770,0.65060000,59.10000000,0.658
1749265770,0.65050000,2253.20000000,0.658
1749265770,0.65040000,7763.10000000,0.658
1749265770,0.65030000,268.70000000,0.658
1749265770,0.65020000,3333.60000000,0.658
1749265770,0.65010000,505.80000000,0.658
1749265770,0.65000000,8025.30000000,0.658
1749265770,0.64990000,32072.70000000,0.658
1749265770,0.64980000,1650.60000000,0.658
1749265770,0.64970000,60.60000000,0.658
1749265770,0.64960000,7173.00000000,0.658
1749265770,0.64950000,4392.60000000,0.658
1749265770,0.64940000,9057.10000000,0.658
1749265770,0.64930000,664.80000000,0.658
1749265770,0.64920000,3481.40000000,0.658
1749265770,0.64910000,14123.10000000,0.658
1749265770,0.64900000,6701.40000000,0.658
1749265770,0.64890000,638.30000000,0.658
1749265770,0.64880000,34103.90000000,0.658
1749265770,0.64870000,138.00000000,0.658
1749265770,0.64860000,12.90000000,0.658
1749265770,0.64850000,2093.90000000,0.658
1749265770,0.64840000,252.10000000,0.658
1749265770,0.64830000,27188.90000000,0.658
1749265770,0.64820000,3460.50000000,0.658
1749265770,0.64810000,86.30000000,0.658
1749265770,0.64800000,13202.90000000,0.658
1749266071,0.65960000,17980.40000000,0.6596
1749266071,0.65950000,37711.10000000,0.6596
1749266071,0.65940000,41035.80000000,0.6596
1749266071,0.65930000,33283.10000000,0.6596
1749266071,0.65920000,34855.20000000,0.6596
1749266071,0.65910000,17698.30000000,0.6596
1749266071,0.65900000,41810.20000000,0.6596
1749266071,0.65890000,57509.30000000,0.6596
1749266071,0.65880000,53362.20000000,0.6596
1749266071,0.65870000,69701.00000000,0.6596
1749266071,0.65860000,54913.80000000,0.6596
1749266071,0.65850000,28694.10000000,0.6596
1749266071,0.65840000,29295.10000000,0.6596
1749266071,0.65830000,32529.70000000,0.6596
1749266071,0.65820000,18113.60000000,0.6596
1749266071,0.65810000,11384.40000000,0.6596
1749266071,0.65800000,32470.20000000,0.6596
1749266071,0.65790000,12393.00000000,0.6596
1749266071,0.65780000,20199.40000000,0.6596
1749266071,0.65770000,7882.40000000,0.6596
1749266071,0.65760000,11784.00000000,0.6596
1749266071,0.65750000,33762.00000000,0.6596
1749266071,0.65740000,13194.70000000,0.6596
1749266071,0.65730000,5459.20000000,0.6596
1749266071,0.65720000,19272.20000000,0.6596
1749266071,0.65710000,6949.00000000,0.6596
1749266071,0.65700000,11618.60000000,0.6596
1749266071,0.65690000,8980.10000000,0.6596
1749266071,0.65680000,26167.30000000,0.6596
1749266071,0.65670000,13163.20000000,0.6596
1749266071,0.65660000,10168.00000000,0.6596
1749266071,0.65650000,17107.90000000,0.6596
1749266071,0.65640000,18829.00000000,0.6596
1749266071,0.65630000,87058.00000000,0.6596
1749266071,0.65620000,10527.10000000,0.6596
1749266071,0.65610000,2495.20000000,0.6596
1749266071,0.65600000,15070.20000000,0.6596
1749266071,0.65590000,5221.70000000,0.6596
1749266071,0.65580000,9845.20000000,0.6596
1749266071,0.65570000,6884.30000000,0.6596
1749266071,0.65560000,92168.60000000,0.6596
1749266071,0.65550000,111168.00000000,0.6596
1749266071,0.65540000,32.30000000,0.6596
1749266071,0.65530000,213.20000000,0.6596
1749266071,0.65520000,3222.30000000,0.6596
1749266071,0.65510000,16792.10000000,0.6596
1749266071,0.65500000,866.50000000,0.6596
1749266071,0.65490000,3104.40000000,0.6596
1749266071,0.65480000,18166.90000000,0.6596
1749266071,0.65470000,38847.50000000,0.6596
1749266071,0.65460000,340.70000000,0.6596
1749266071,0.65450000,3127.70000000,0.6596
1749266071,0.65440000,1548.80000000,0.6596
1749266071,0.65430000,102.40000000,0.6596
1749266071,0.65420000,51.90000000,0.6596
1749266071,0.65410000,146056.00000000,0.6596
1749266071,0.65400000,534.60000000,0.6596
1749266071,0.65390000,131.50000000,0.6596
1749266071,0.65380000,16301.50000000,0.6596
1749266071,0.65370000,3894.80000000,0.6596
1749266071,0.65360000,61.70000000,0.6596
1749266071,0.65350000,391.00000000,0.6596
1749266071,0.65340000,1707.50000000,0.6596
1749266071,0.65330000,24893.10000000,0.6596
1749266071,0.65320000,33052.70000000,0.6596
1749266071,0.65310000,3588.50000000,0.6596
1749266071,0.65300000,703.40000000,0.6596
1749266071,0.65290000,468.50000000,0.6596
1749266071,0.65280000,3692.70000000,0.6596
1749266071,0.65270000,88.80000000,0.6596
1749266071,0.65260000,78.10000000,0.6596
1749266071,0.65250000,9302.90000000,0.6596
1749266071,0.65240000,23.80000000,0.6596
1749266071,0.65230000,1260.60000000,0.6596
1749266071,0.65220000,1670.40000000,0.6596
1749266071,0.65210000,1971.60000000,0.6596
1749266071,0.65200000,443.10000000,0.6596
1749266071,0.65190000,8644.40000000,0.6596
1749266071,0.65180000,31655.80000000,0.6596
1749266071,0.65170000,112984.30000000,0.6596
1749266071,0.65160000,27.10000000,0.6596
1749266071,0.65150000,6920.20000000,0.6596
1749266071,0.65140000,1633.90000000,0.6596
1749266071,0.65130000,244.90000000,0.6596
1749266071,0.65120000,62.80000000,0.6596
1749266071,0.65110000,1912.00000000,0.6596
1749266071,0.65100000,1670.20000000,0.6596
1749266071,0.65090000,2710.20000000,0.6596
1749266071,0.65080000,1362.50000000,0.6596
1749266071,0.65070000,228.80000000,0.6596
1749266071,0.65060000,64.90000000,0.6596
1749266071,0.65050000,2245.70000000,0.6596
1749266071,0.65040000,13.90000000,0.6596
1749266071,0.65030000,268.70000000,0.6596
1749266071,0.65020000,30392.90000000,0.6596
1749266071,0.65010000,505.80000000,0.6596
1749266071,0.65000000,8813.50000000,0.6596
1749266071,0.64990000,32072.70000000,0.6596
1749266071,0.64980000,1650.60000000,0.6596
1749266071,0.64970000,212.90000000,0.6596
1749266373,0.65870000,9632.30000000,0.6588
1749266373,0.65860000,35070.90000000,0.6588
1749266373,0.65850000,34779.40000000,0.6588
1749266373,0.65840000,31969.00000000,0.6588
1749266373,0.65830000,48617.90000000,0.6588
1749266373,0.65820000,37175.70000000,0.6588
1749266373,0.65810000,57131.40000000,0.6588
1749266373,0.65800000,81496.60000000,0.6588
1749266373,0.65790000,78488.70000000,0.6588
1749266373,0.65780000,52505.80000000,0.6588
1749266373,0.65770000,30196.70000000,0.6588
1749266373,0.65760000,25416.90000000,0.6588
1749266373,0.65750000,24916.60000000,0.6588
1749266373,0.65740000,18565.60000000,0.6588
1749266373,0.65730000,14657.40000000,0.6588
1749266373,0.65720000,20744.50000000,0.6588
1749266373,0.65710000,15585.00000000,0.6588
1749266373,0.65700000,146346.60000000,0.6588
1749266373,0.65690000,32939.00000000,0.6588
1749266373,0.65680000,16662.10000000,0.6588
1749266373,0.65670000,4739.40000000,0.6588
1749266373,0.65660000,16390.10000000,0.6588
1749266373,0.65650000,9319.90000000,0.6588
1749266373,0.65640000,140191.60000000,0.6588
1749266373,0.65630000,8092.80000000,0.6588
1749266373,0.65620000,7890.00000000,0.6588
1749266373,0.65610000,10150.50000000,0.6588
1749266373,0.65600000,8437.50000000,0.6588
1749266373,0.65590000,7864.10000000,0.6588
1749266373,0.65580000,7129.00000000,0.6588
1749266373,0.65570000,8961.60000000,0.6588
1749266373,0.65560000,5229.90000000,0.6588
1749266373,0.65550000,3554.00000000,0.6588
1749266373,0.65540000,144998.10000000,0.6588
1749266373,0.65530000,6495.40000000,0.6588
1749266373,0.65520000,2166.20000000,0.6588
1749266373,0.65510000,3687.30000000,0.6588
1749266373,0.65500000,3098.90000000,0.6588
1749266373,0.65490000,2068.30000000,0.6588
1749266373,0.65480000,20308.80000000,0.6588
1749266373,0.65470000,39197.40000000,0.6588
1749266373,0.65460000,304.30000000,0.6588
1749266373,0.65450000,462.90000000,0.6588
1749266373,0.65440000,1556.50000000,0.6588
1749266373,0.65430000,254.90000000,0.6588
1749266373,0.65420000,2882.30000000,0.6588
1749266373,0.65410000,3293.50000000,0.6588
1749266373,0.65400000,3716.30000000,0.6588
1749266373,0.65390000,112821.90000000,0.6588
1749266373,0.65380000,17883.10000000,0.6588
1749266373,0.65370000,4370.30000000,0.6588
1749266373,0.65360000,1203.50000000,0.6588
1749266373,0.65350000,1748.60000000,0.6588
1749266373,0.65340000,7447.60000000,0.6588
1749266373,0.65330000,495.60000000,0.6588
1749266373,0.65320000,26986.90000000,0.6588
1749266373,0.65310000,3076.20000000,0.6588
1749266373,0.65300000,723.80000000,0.6588
1749266373,0.65290000,421.50000000,0.6588
1749266373,0.65280000,1765.50000000,0.6588
1749266373,0.65270000,318.90000000,0.6588
1749266373,0.65260000,555.80000000,0.6588
1749266373,0.65250000,9376.50000000,0.6588
1749266373,0.65240000,58.30000000,0.6588
1749266373,0.65230000,511.60000000,0.6588
1749266373,0.65220000,3414.30000000,0.6588
1749266373,0.65210000,141.00000000,0.6588
1749266373,0.65200000,8144.80000000,0.6588
1749266373,0.65190000,969.40000000,0.6588
1749266373,0.65180000,1563.00000000,0.6588
1749266373,0.65170000,237.90000000,0.6588
1749266373,0.65160000,195.50000000,0.6588
1749266373,0.65150000,40.40000000,0.6588
1749266373,0.65140000,1649.10000000,0.6588
1749266373,0.65130000,1079.70000000,0.6588
1749266373,0.65120000,78.00000000,0.6588
1749266373,0.65110000,62.10000000,0.6588
1749266373,0.65100000,1684.50000000,0.6588
1749266373,0.65090000,82.50000000,0.6588
1749266373,0.65080000,8264.90000000,0.6588
1749266373,0.65070000,2228.80000000,0.6588
1749266373,0.65060000,122.60000000,0.6588
1749266373,0.65050000,2245.70000000,0.6588
1749266373,0.65040000,167.30000000,0.6588
1749266373,0.65030000,283.40000000,0.6588
1749266373,0.65020000,3180.10000000,0.6588
1749266373,0.65010000,23028.30000000,0.6588
1749266373,0.65000000,104505.70000000,0.6588
1749266373,0.64990000,100753.70000000,0.6588
1749266373,0.64980000,1667.80000000,0.6588
1749266373,0.64970000,60.60000000,0.6588
1749266373,0.64960000,257.80000000,0.6588
1749266373,0.64950000,3372.70000000,0.6588
1749266373,0.64940000,263.90000000,0.6588
1749266373,0.64930000,664.80000000,0.6588
1749266373,0.64920000,3481.40000000,0.6588
1749266373,0.64910000,14123.10000000,0.6588
1749266373,0.64900000,6701.40000000,0.6588
1749266373,0.64890000,638.30000000,0.6588
1749266373,0.64880000,34103.90000000,0.6588
1749266675,0.66070000,16758.40000000,0.6608
1749266675,0.66060000,36818.80000000,0.6608
1749266675,0.66050000,27238.00000000,0.6608
1749266675,0.66040000,66324.60000000,0.6608
1749266675,0.66030000,30524.60000000,0.6608
1749266675,0.66020000,63307.80000000,0.6608
1749266675,0.66010000,80408.60000000,0.6608
1749266675,0.66000000,85529.80000000,0.6608
1749266675,0.65990000,40771.00000000,0.6608
1749266675,0.65980000,33949.10000000,0.6608
1749266675,0.65970000,49344.20000000,0.6608
1749266675,0.65960000,85411.20000000,0.6608
1749266675,0.65950000,43835.20000000,0.6608
1749266675,0.65940000,38431.40000000,0.6608
1749266675,0.65930000,25310.20000000,0.6608
1749266675,0.65920000,27455.40000000,0.6608
1749266675,0.65910000,25956.90000000,0.6608
1749266675,0.65900000,18260.10000000,0.6608
1749266675,0.65890000,9218.70000000,0.6608
1749266675,0.65880000,18853.60000000,0.6608
1749266675,0.65870000,2137.90000000,0.6608
1749266675,0.65860000,34877.20000000,0.6608
1749266675,0.65850000,7696.70000000,0.6608
1749266675,0.65840000,16220.70000000,0.6608
1749266675,0.65830000,5833.00000000,0.6608
1749266675,0.65820000,11649.60000000,0.6608
1749266675,0.65810000,6226.20000000,0.6608
1749266675,0.65800000,20126.50000000,0.6608
1749266675,0.65790000,20977.10000000,0.6608
1749266675,0.65780000,28428.30000000,0.6608
1749266675,0.65770000,7870.70000000,0.6608
1749266675,0.65760000,11772.50000000,0.6608
1749266675,0.65750000,30411.60000000,0.6608
1749266675,0.65740000,17735.40000000,0.6608
1749266675,0.65730000,4775.90000000,0.6608
1749266675,0.65720000,10520.80000000,0.6608
1749266675,0.65710000,148659.30000000,0.6608
1749266675,0.65700000,8269.80000000,0.6608
1749266675,0.65690000,2226.30000000,0.6608
1749266675,0.65680000,13650.70000000,0.6608
1749266675,0.65670000,156.10000000,0.6608
1749266675,0.65660000,15186.40000000,0.6608
1749266675,0.65650000,114476.60000000,0.6608
1749266675,0.65640000,38503.10000000,0.6608
1749266675,0.65630000,21862.00000000,0.6608
1749266675,0.65620000,3167.60000000,0.6608
1749266675,0.65610000,534.30000000,0.6608
1749266675,0.65600000,2496.00000000,0.6608
1749266675,0.65590000,3071.50000000,0.6608
1749266675,0.65580000,2059.90000000,0.6608
1749266675,0.65570000,246.40000000,0.6608
1749266675,0.65560000,3096.00000000,0.6608
1749266675,0.65550000,1558.90000000,0.6608
1749266675,0.65540000,143096.70000000,0.6608
1749266675,0.65530000,95.50000000,0.6608
1749266675,0.65520000,643.40000000,0.6608
1749266675,0.65510000,1539.40000000,0.6608
1749266675,0.65500000,942.40000000,0.6608
1749266675,0.65490000,71.40000000,0.6608
1749266675,0.65480000,25707.20000000,0.6608
1749266675,0.65470000,229.50000000,0.6608
1749266675,0.65460000,81.70000000,0.6608
1749266675,0.65450000,472.30000000,0.6608
1749266675,0.65440000,1548.80000000,0.6608
1749266675,0.65430000,5451.40000000,0.6608
1749266675,0.65420000,2887.00000000,0.6608
1749266675,0.65410000,5733.40000000,0.6608
1749266675,0.65400000,2673.30000000,0.6608
1749266675,0.65390000,112798.40000000,0.6608
1749266675,0.65380000,17212.30000000,0.6608
1749266675,0.65370000,4896.10000000,0.6608
1749266675,0.65360000,54.00000000,0.6608
1749266675,0.65350000,415.80000000,0.6608
1749266675,0.65340000,1644.70000000,0.6608
1749266675,0.65330000,342.80000000,0.6608
1749266675,0.65320000,51.70000000,0.6608
1749266675,0.65310000,3213.60000000,0.6608
1749266675,0.65300000,708.40000000,0.6608
1749266675,0.65290000,390.30000000,0.6608
1749266675,0.65280000,1750.30000000,0.6608
1749266675,0.65270000,303.70000000,0.6608
1749266675,0.65260000,540.60000000,0.6608
1749266675,0.65250000,9378.50000000,0.6608
1749266675,0.65240000,8703.00000000,0.6608
1749266675,0.65230000,144.40000000,0.6608
1749266675,0.65220000,1714.00000000,0.6608
1749266675,0.65210000,312.70000000,0.6608
1749266675,0.65200000,8129.60000000,0.6608
1749266675,0.65190000,954.20000000,0.6608
1749266675,0.65180000,28540.60000000,0.6608
1749266675,0.65170000,206.90000000,0.6608
1749266675,0.65160000,27.10000000,0.6608
1749266675,0.65150000,25.20000000,0.6608
1749266675,0.65140000,2650.80000000,0.6608
1749266675,0.65130000,47.40000000,0.6608
1749266675,0.65120000,62.80000000,0.6608
1749266675,0.65110000,62.10000000,0.6608
1749266675,0.65100000,1684.50000000,0.6608
1749266675,0.65090000,82.50000000,0.6608
1749266675,0.65080000,8264.90000000,0.6608
1749266977,0.65990000,5009.00000000,0.6599
1749266977,0.65980000,33124.50000000,0.6599
1749266977,0.65970000,17047.40000000,0.6599
1749266977,0.65960000,40888.30000000,0.6599
1749266977,0.65950000,46431.60000000,0.6599
1749266977,0.65940000,51545.90000000,0.6599
1749266977,0.65930000,25405.00000000,0.6599
1749266977,0.65920000,44760.40000000,0.6599
1749266977,0.65910000,48099.50000000,0.6599
1749266977,0.65900000,42882.30000000,0.6599
1749266977,0.65890000,45891.40000000,0.6599
1749266977,0.65880000,39365.30000000,0.6599
1749266977,0.65870000,26116.90000000,0.6599
1749266977,0.65860000,18363.60000000,0.6599
1749266977,0.65850000,13621.30000000,0.6599
1749266977,0.65840000,10150.30000000,0.6599
1749266977,0.65830000,8488.00000000,0.6599
1749266977,0.65820000,19507.80000000,0.6599
1749266977,0.65810000,61396.70000000,0.6599
1749266977,0.65800000,47504.90000000,0.6599
1749266977,0.65790000,17799.10000000,0.6599
1749266977,0.65780000,17594.50000000,0.6599
1749266977,0.65770000,8214.80000000,0.6599
1749266977,0.65760000,11772.50000000,0.6599
1749266977,0.65750000,5470.50000000,0.6599
1749266977,0.65740000,26065.20000000,0.6599
1749266977,0.65730000,5236.60000000,0.6599
1749266977,0.65720000,13175.80000000,0.6599
1749266977,0.65710000,88152.60000000,0.6599
1749266977,0.65700000,8616.40000000,0.6599
1749266977,0.65690000,2226.30000000,0.6599
1749266977,0.65680000,14120.10000000,0.6599
1749266977,0.65670000,2064.90000000,0.6599
1749266977,0.65660000,8741.90000000,0.6599
1749266977,0.65650000,116461.00000000,0.6599
1749266977,0.65640000,44925.80000000,0.6599
1749266977,0.65630000,17293.70000000,0.6599
1749266977,0.65620000,5152.90000000,0.6599
1749266977,0.65610000,2671.30000000,0.6599
1749266977,0.65600000,4490.30000000,0.6599
1749266977,0.65590000,3302.40000000,0.6599
1749266977,0.65580000,2059.90000000,0.6599
1749266977,0.65570000,776.00000000,0.6599
1749266977,0.65560000,3096.00000000,0.6599
1749266977,0.65550000,16533.40000000,0.6599
1749266977,0.65540000,143104.40000000,0.6599
1749266977,0.65530000,103.20000000,0.6599
1749266977,0.65520000,169.20000000,0.6599
1749266977,0.65510000,1547.10000000,0.6599
1749266977,0.65500000,1183.90000000,0.6599
1749266977,0.65490000,5337.80000000,0.6599
1749266977,0.65480000,3184.70000000,0.6599
1749266977,0.65470000,237.20000000,0.6599
1749266977,0.65460000,81.70000000,0.6599
1749266977,0.65450000,472.30000000,0.6599
1749266977,0.65440000,1548.80000000,0.6599
1749266977,0.65430000,231.40000000,0.6599
1749266977,0.65420000,2887.00000000,0.6599
1749266977,0.65410000,4144.20000000,0.6599
1749266977,0.65400000,24816.60000000,0.6599
1749266977,0.65390000,112798.40000000,0.6599
1749266977,0.65380000,17212.30000000,0.6599
1749266977,0.65370000,30143.10000000,0.6599
1749266977,0.65360000,54.00000000,0.6599
1749266977,0.65350000,415.80000000,0.6599
1749266977,0.65340000,1644.70000000,0.6599
1749266977,0.65330000,342.80000000,0.6599
1749266977,0.65320000,51.70000000,0.6599
1749266977,0.65310000,3076.00000000,0.6599
1749266977,0.65300000,723.60000000,0.6599
1749266977,0.65290000,405.50000000,0.6599
1749266977,0.65280000,1765.50000000,0.6599
1749266977,0.65270000,318.90000000,0.6599
1749266977,0.65260000,555.80000000,0.6599
1749266977,0.65250000,9393.70000000,0.6599
1749266977,0.65240000,58.30000000,0.6599
1749266977,0.65230000,144.40000000,0.6599
1749266977,0.65220000,8601.60000000,0.6599
1749266977,0.65210000,312.70000000,0.6599
1749266977,0.65200000,8129.60000000,0.6599
1749266977,0.65190000,954.20000000,0.6599
1749266977,0.65180000,1547.80000000,0.6599
1749266977,0.65170000,206.90000000,0.6599
1749266977,0.65160000,27.10000000,0.6599
1749266977,0.65150000,25.20000000,0.6599
1749266977,0.65140000,2650.80000000,0.6599
1749266977,0.65130000,47.40000000,0.6599
1749266977,0.65120000,62.80000000,0.6599
1749266977,0.65110000,62.10000000,0.6599
1749266977,0.65100000,1684.50000000,0.6599
1749266977,0.65090000,82.50000000,0.6599
1749266977,0.65080000,1362.50000000,0.6599
1749266977,0.65070000,29267.30000000,0.6599
1749266977,0.65060000,122.60000000,0.6599
1749266977,0.65050000,2245.70000000,0.6599
1749266977,0.65040000,13.90000000,0.6599
1749266977,0.65030000,283.40000000,0.6599
1749266977,0.65020000,3180.10000000,0.6599
1749266977,0.65010000,505.80000000,0.6599
1749266977,0.65000000,77448.40000000,0.6599
1749267279,0.65930000,7447.00000000,0.6593
1749267279,0.65920000,35018.60000000,0.6593
1749267279,0.65910000,28759.70000000,0.6593
1749267279,0.65900000,48736.20000000,0.6593
1749267279,0.65890000,35080.90000000,0.6593
1749267279,0.65880000,25198.60000000,0.6593
1749267279,0.65870000,43868.90000000,0.6593
1749267279,0.65860000,29315.70000000,0.6593
1749267279,0.65850000,30288.70000000,0.6593
1749267279,0.65840000,31136.40000000,0.6593
1749267279,0.65830000,37052.90000000,0.6593
1749267279,0.65820000,33251.50000000,0.6593
1749267279,0.65810000,32597.50000000,0.6593
1749267279,0.65800000,57619.30000000,0.6593
1749267279,0.65790000,61314.80000000,0.6593
1749267279,0.65780000,22151.30000000,0.6593
1749267279,0.65770000,15027.70000000,0.6593
1749267279,0.65760000,14132.60000000,0.6593
1749267279,0.65750000,16495.20000000,0.6593
1749267279,0.65740000,13194.70000000,0.6593
1749267279,0.65730000,4819.20000000,0.6593
1749267279,0.65720000,68354.00000000,0.6593
1749267279,0.65710000,13940.00000000,0.6593
1749267279,0.65700000,10004.90000000,0.6593
1749267279,0.65690000,8678.90000000,0.6593
1749267279,0.65680000,44366.70000000,0.6593
1749267279,0.65670000,2072.60000000,0.6593
1749267279,0.65660000,18342.00000000,0.6593
1749267279,0.65650000,199120.30000000,0.6593
1749267279,0.65640000,2593.20000000,0.6593
1749267279,0.65630000,23082.90000000,0.6593
1749267279,0.65620000,5995.50000000,0.6593
1749267279,0.65610000,3016.30000000,0.6593
1749267279,0.65600000,4351.80000000,0.6593
1749267279,0.65590000,5209.10000000,0.6593
1749267279,0.65580000,8337.40000000,0.6593
1749267279,0.65570000,2384.30000000,0.6593
1749267279,0.65560000,6180.30000000,0.6593
1749267279,0.65550000,3894.10000000,0.6593
1749267279,0.65540000,145092.10000000,0.6593
1749267279,0.65530000,337.30000000,0.6593
1749267279,0.65520000,10934.80000000,0.6593
1749267279,0.65510000,1698.60000000,0.6593
1749267279,0.65500000,1657.80000000,0.6593
1749267279,0.65490000,79.10000000,0.6593
1749267279,0.65480000,3193.10000000,0.6593
1749267279,0.65470000,15204.00000000,0.6593
1749267279,0.65460000,38243.10000000,0.6593
1749267279,0.65450000,472.30000000,0.6593
1749267279,0.65440000,1548.80000000,0.6593
1749267279,0.65430000,231.40000000,0.6593
1749267279,0.65420000,2887.00000000,0.6593
1749267279,0.65410000,4144.20000000,0.6593
1749267279,0.65400000,2673.30000000,0.6593
1749267279,0.65390000,112798.40000000,0.6593
1749267279,0.65380000,17212.30000000,0.6593
1749267279,0.65370000,3228.70000000,0.6593
1749267279,0.65360000,61.70000000,0.6593
1749267279,0.65350000,415.80000000,0.6593
1749267279,0.65340000,6915.50000000,0.6593
1749267279,0.65330000,342.80000000,0.6593
1749267279,0.65320000,51.70000000,0.6593
1749267279,0.65310000,3076.00000000,0.6593
1749267279,0.65300000,723.60000000,0.6593
1749267279,0.65290000,883.40000000,0.6593
1749267279,0.65280000,1765.50000000,0.6593
1749267279,0.65270000,318.90000000,0.6593
1749267279,0.65260000,77.90000000,0.6593
1749267279,0.65250000,9393.70000000,0.6593
1749267279,0.65240000,58.30000000,0.6593
1749267279,0.65230000,159.60000000,0.6593
