timestamp,price,volume,current_price
1749258229,0.65710000,12280.20000000,0.6571
1749258229,0.65700000,27453.20000000,0.6571
1749258229,0.65690000,22311.90000000,0.6571
1749258229,0.65680000,50030.50000000,0.6571
1749258229,0.65670000,32171.70000000,0.6571
1749258229,0.65660000,54342.40000000,0.6571
1749258229,0.65650000,68437.10000000,0.6571
1749258229,0.65640000,103048.80000000,0.6571
1749258229,0.65630000,62520.40000000,0.6571
1749258229,0.65620000,41852.20000000,0.6571
1749258229,0.65610000,9154.30000000,0.6571
1749258229,0.65600000,23352.30000000,0.6571
1749258229,0.65590000,30811.10000000,0.6571
1749258229,0.65580000,28010.30000000,0.6571
1749258229,0.65570000,21509.30000000,0.6571
1749258229,0.65560000,19461.60000000,0.6571
1749258229,0.65550000,14243.10000000,0.6571
1749258229,0.65540000,40703.10000000,0.6571
1749258229,0.65530000,13999.40000000,0.6571
1749258229,0.65520000,4983.70000000,0.6571
1749258229,0.65510000,13298.70000000,0.6571
1749258229,0.65500000,65085.60000000,0.6571
1749258229,0.65490000,5329.50000000,0.6571
1749258229,0.65480000,12546.30000000,0.6571
1749258229,0.65470000,8748.20000000,0.6571
1749258229,0.65460000,6430.00000000,0.6571
1749258229,0.65450000,5112.50000000,0.6571
1749258229,0.65440000,86634.10000000,0.6571
1749258229,0.65430000,13028.00000000,0.6571
1749258229,0.65420000,4153.60000000,0.6571
1749258229,0.65410000,29616.10000000,0.6571
1749258229,0.65400000,256509.10000000,0.6571
1749258229,0.65390000,5150.10000000,0.6571
1749258229,0.65380000,1846.90000000,0.6571
1749258229,0.65370000,19448.30000000,0.6571
1749258229,0.65360000,38449.60000000,0.6571
1749258229,0.65350000,4698.50000000,0.6571
1749258229,0.65340000,1916.70000000,0.6571
1749258229,0.65330000,2320.60000000,0.6571
1749258229,0.65320000,15026.80000000,0.6571
1749258229,0.65310000,28509.20000000,0.6571
1749258229,0.65300000,10793.80000000,0.6571
1749258229,0.65290000,3057.50000000,0.6571
1749258229,0.65280000,2162.90000000,0.6571
1749258229,0.65270000,88.80000000,0.6571
1749258229,0.65260000,56.60000000,0.6571
1749258229,0.65250000,132.80000000,0.6571
1749258229,0.65240000,1540.10000000,0.6571
1749258229,0.65230000,2354.30000000,0.6571
1749258229,0.65220000,3313.70000000,0.6571
1749258229,0.65210000,70.20000000,0.6571
1749258229,0.65200000,5712.30000000,0.6571
1749258229,0.65190000,518.30000000,0.6571
1749258229,0.65180000,2589.40000000,0.6571
1749258229,0.65170000,214.90000000,0.6571
1749258229,0.65160000,50.20000000,0.6571
1749258229,0.65150000,25.00000000,0.6571
1749258229,0.65140000,28654.90000000,0.6571
1749258229,0.65130000,70.30000000,0.6571
1749258229,0.65120000,22608.20000000,0.6571
1749258229,0.65110000,114568.20000000,0.6571
1749258229,0.65100000,3371.20000000,0.6571
1749258229,0.65090000,105.40000000,0.6571
1749258229,0.65080000,1575.40000000,0.6571
1749258229,0.65070000,194.10000000,0.6571
1749258229,0.65060000,10384.60000000,0.6571
1749258229,0.65050000,2260.90000000,0.6571
1749258229,0.65040000,29.10000000,0.6571
1749258229,0.65030000,298.40000000,0.6571
1749258229,0.65020000,30254.60000000,0.6571
1749258229,0.65010000,512.60000000,0.6571
1749258229,0.65000000,5903.60000000,0.6571
1749258229,0.64990000,89.10000000,0.6571
1749258229,0.64980000,1819.50000000,0.6571
1749258229,0.64970000,8312.60000000,0.6571
1749258229,0.64960000,273.10000000,0.6571
1749258229,0.64950000,4392.30000000,0.6571
1749258229,0.64940000,8579.20000000,0.6571
1749258229,0.64930000,664.80000000,0.6571
1749258229,0.64920000,3481.40000000,0.6571
1749258229,0.64910000,1983.60000000,0.6571
1749258229,0.64900000,6701.40000000,0.6571
1749258229,0.64890000,638.30000000,0.6571
1749258229,0.64880000,34103.90000000,0.6571
1749258229,0.64870000,322.80000000,0.6571
1749258229,0.64860000,1321.10000000,0.6571
1749258229,0.64850000,2093.90000000,0.6571
1749258229,0.64840000,250.10000000,0.6571
1749258229,0.64830000,50.30000000,0.6571
1749258229,0.64820000,3460.50000000,0.6571
1749258229,0.64810000,86.30000000,0.6571
1749258229,0.64800000,4790.60000000,0.6571
1749258229,0.64790000,2878.00000000,0.6571
1749258229,0.64780000,1108.80000000,0.6571
1749258229,0.64770000,209.20000000,0.6571
1749258229,0.64760000,3271.50000000,0.6571
1749258229,0.64750000,2529.50000000,0.6571
1749258229,0.64740000,210.00000000,0.6571
1749258229,0.64730000,1934.80000000,0.6571
1749258229,0.64720000,218.90000000,0.6571
1749258531,0.65450000,5968.20000000,0.6546
1749258531,0.65440000,30776.30000000,0.6546
1749258531,0.65430000,44493.90000000,0.6546
1749258531,0.65420000,60526.30000000,0.6546
1749258531,0.65410000,80296.30000000,0.6546
1749258531,0.65400000,23578.60000000,0.6546
1749258531,0.65390000,29491.90000000,0.6546
1749258531,0.65380000,46921.90000000,0.6546
1749258531,0.65370000,141747.70000000,0.6546
1749258531,0.65360000,52698.60000000,0.6546
1749258531,0.65350000,15361.80000000,0.6546
1749258531,0.65340000,22336.00000000,0.6546
1749258531,0.65330000,13253.00000000,0.6546
1749258531,0.65320000,22291.60000000,0.6546
1749258531,0.65310000,40175.60000000,0.6546
1749258531,0.65300000,19260.00000000,0.6546
1749258531,0.65290000,6198.70000000,0.6546
1749258531,0.65280000,44022.90000000,0.6546
1749258531,0.65270000,16815.80000000,0.6546
1749258531,0.65260000,4718.40000000,0.6546
1749258531,0.65250000,21898.80000000,0.6546
1749258531,0.65240000,12871.90000000,0.6546
1749258531,0.65230000,7095.90000000,0.6546
1749258531,0.65220000,76297.10000000,0.6546
1749258531,0.65210000,8681.60000000,0.6546
1749258531,0.65200000,5137.60000000,0.6546
1749258531,0.65190000,90022.00000000,0.6546
1749258531,0.65180000,45573.20000000,0.6546
1749258531,0.65170000,10338.10000000,0.6546
1749258531,0.65160000,4092.90000000,0.6546
1749258531,0.65150000,2976.10000000,0.6546
1749258531,0.65140000,8610.20000000,0.6546
1749258531,0.65130000,2984.30000000,0.6546
1749258531,0.65120000,696.40000000,0.6546
1749258531,0.65110000,4912.60000000,0.6546
1749258531,0.65100000,112223.30000000,0.6546
1749258531,0.65090000,15641.00000000,0.6546
1749258531,0.65080000,370.50000000,0.6546
1749258531,0.65070000,728.00000000,0.6546
1749258531,0.65060000,4294.10000000,0.6546
1749258531,0.65050000,17388.10000000,0.6546
1749258531,0.65040000,142570.20000000,0.6546
1749258531,0.65030000,3074.40000000,0.6546
1749258531,0.65020000,3203.00000000,0.6546
1749258531,0.65010000,1643.40000000,0.6546
1749258531,0.65000000,7646.60000000,0.6546
1749258531,0.64990000,27168.50000000,0.6546
1749258531,0.64980000,4801.40000000,0.6546
1749258531,0.64970000,83.60000000,0.6546
1749258531,0.64960000,280.80000000,0.6546
1749258531,0.64950000,3395.70000000,0.6546
1749258531,0.64940000,8594.50000000,0.6546
1749258531,0.64930000,115171.00000000,0.6546
1749258531,0.64920000,3496.70000000,0.6546
1749258531,0.64910000,8170.50000000,0.6546
1749258531,0.64900000,6716.70000000,0.6546
1749258531,0.64890000,23176.10000000,0.6546
1749258531,0.64880000,34127.00000000,0.6546
1749258531,0.64870000,829.90000000,0.6546
1749258531,0.64860000,42.70000000,0.6546
1749258531,0.64850000,3665.40000000,0.6546
1749258531,0.64840000,27385.80000000,0.6546
1749258531,0.64830000,65.60000000,0.6546
1749258531,0.64820000,3674.30000000,0.6546
1749258531,0.64810000,1983.80000000,0.6546
1749258531,0.64800000,8092.00000000,0.6546
1749258531,0.64790000,2893.30000000,0.6546
1749258531,0.64780000,2146.40000000,0.6546
1749258531,0.64770000,377.30000000,0.6546
1749258531,0.64760000,3286.80000000,0.6546
1749258531,0.64750000,2544.80000000,0.6546
1749258531,0.64740000,27401.60000000,0.6546
1749258531,0.64730000,9759.50000000,0.6546
1749258531,0.64720000,234.20000000,0.6546
1749258531,0.64710000,714.80000000,0.6546
1749258531,0.64700000,3148.20000000,0.6546
1749258531,0.64690000,259.20000000,0.6546
1749258531,0.64680000,91.00000000,0.6546
1749258531,0.64670000,43.20000000,0.6546
1749258531,0.64660000,170.20000000,0.6546
1749258531,0.64650000,23268.00000000,0.6546
1749258531,0.64640000,332.70000000,0.6546
1749258531,0.64630000,11871.20000000,0.6546
1749258531,0.64620000,188.20000000,0.6546
1749258531,0.64610000,231.00000000,0.6546
1749258531,0.64600000,2116.50000000,0.6546
1749258531,0.64590000,204.70000000,0.6546
1749258531,0.64580000,763.80000000,0.6546
1749258531,0.64570000,231.60000000,0.6546
1749258531,0.64560000,132.40000000,0.6546
1749258531,0.64550000,68278.80000000,0.6546
1749258531,0.64540000,73252.20000000,0.6546
1749258531,0.64530000,30.70000000,0.6546
1749258531,0.64520000,180.80000000,0.6546
1749258531,0.64510000,383.20000000,0.6546
1749258531,0.64500000,6566.80000000,0.6546
1749258531,0.64490000,120.40000000,0.6546
1749258531,0.64480000,572.80000000,0.6546
1749258531,0.64470000,3509.70000000,0.6546
1749258531,0.64460000,1332.80000000,0.6546
1749258846,0.65680000,4586.20000000,0.6569
1749258846,0.65670000,28163.40000000,0.6569
1749258846,0.65660000,46831.40000000,0.6569
1749258846,0.65650000,45405.40000000,0.6569
1749258846,0.65640000,47863.90000000,0.6569
1749258846,0.65630000,36491.80000000,0.6569
1749258846,0.65620000,43855.90000000,0.6569
1749258846,0.65610000,48268.60000000,0.6569
1749258846,0.65600000,67927.10000000,0.6569
1749258846,0.65590000,79564.30000000,0.6569
1749258846,0.65580000,48164.90000000,0.6569
1749258846,0.65570000,21579.50000000,0.6569
1749258846,0.65560000,30293.60000000,0.6569
1749258846,0.65550000,34914.80000000,0.6569
1749258846,0.65540000,18693.10000000,0.6569
1749258846,0.65530000,15297.40000000,0.6569
1749258846,0.65520000,10596.50000000,0.6569
1749258846,0.65510000,16450.60000000,0.6569
1749258846,0.65500000,15960.10000000,0.6569
1749258846,0.65490000,5590.70000000,0.6569
1749258846,0.65480000,46245.80000000,0.6569
1749258846,0.65470000,11682.60000000,0.6569
1749258846,0.65460000,11212.00000000,0.6569
1749258846,0.65450000,9529.40000000,0.6569
1749258846,0.65440000,9263.90000000,0.6569
1749258846,0.65430000,13629.30000000,0.6569
1749258846,0.65420000,13062.60000000,0.6569
1749258846,0.65410000,32735.50000000,0.6569
1749258846,0.65400000,18045.50000000,0.6569
1749258846,0.65390000,13766.90000000,0.6569
1749258846,0.65380000,20094.10000000,0.6569
1749258846,0.65370000,79273.50000000,0.6569
1749258846,0.65360000,20829.90000000,0.6569
1749258846,0.65350000,21185.30000000,0.6569
1749258846,0.65340000,92545.60000000,0.6569
1749258846,0.65330000,1953.50000000,0.6569
1749258846,0.65320000,4375.60000000,0.6569
1749258846,0.65310000,10074.10000000,0.6569
1749258846,0.65300000,122365.90000000,0.6569
1749258846,0.65290000,1197.10000000,0.6569
1749258846,0.65280000,9382.90000000,0.6569
1749258846,0.65270000,5021.00000000,0.6569
1749258846,0.65260000,56.60000000,0.6569
1749258846,0.65250000,7725.30000000,0.6569
1749258846,0.65240000,1932.20000000,0.6569
1749258846,0.65230000,1681.90000000,0.6569
1749258846,0.65220000,163.80000000,0.6569
1749258846,0.65210000,3114.90000000,0.6569
1749258846,0.65200000,504.30000000,0.6569
1749258846,0.65190000,15156.40000000,0.6569
1749258846,0.65180000,40932.70000000,0.6569
1749258846,0.65170000,207.20000000,0.6569
1749258846,0.65160000,2083.30000000,0.6569
1749258846,0.65150000,27038.00000000,0.6569
1749258846,0.65140000,1637.80000000,0.6569
1749258846,0.65130000,140389.40000000,0.6569
1749258846,0.65120000,85.70000000,0.6569
1749258846,0.65110000,459.30000000,0.6569
1749258846,0.65100000,2199.00000000,0.6569
1749258846,0.65090000,138.50000000,0.6569
1749258846,0.65080000,839.00000000,0.6569
1749258846,0.65070000,575.20000000,0.6569
1749258846,0.65060000,66.80000000,0.6569
1749258846,0.65050000,9368.90000000,0.6569
1749258846,0.65040000,29.10000000,0.6569
1749258846,0.65030000,2914.00000000,0.6569
1749258846,0.65020000,3195.30000000,0.6569
1749258846,0.65010000,4797.70000000,0.6569
1749258846,0.65000000,8660.50000000,0.6569
1749258846,0.64990000,1795.60000000,0.6569
1749258846,0.64980000,1665.90000000,0.6569
1749258846,0.64970000,75.90000000,0.6569
1749258846,0.64960000,273.10000000,0.6569
1749258846,0.64950000,3388.00000000,0.6569
1749258846,0.64940000,61237.50000000,0.6569
1749258846,0.64930000,112154.90000000,0.6569
1749258846,0.64920000,3481.40000000,0.6569
1749258846,0.64910000,2849.50000000,0.6569
1749258846,0.64900000,6701.40000000,0.6569
1749258846,0.64890000,638.30000000,0.6569
1749258846,0.64880000,41754.50000000,0.6569
1749258846,0.64870000,4927.80000000,0.6569
1749258846,0.64860000,27.40000000,0.6569
1749258846,0.64850000,2093.90000000,0.6569
1749258846,0.64840000,28867.70000000,0.6569
1749258846,0.64830000,50.30000000,0.6569
1749258846,0.64820000,3659.00000000,0.6569
1749258846,0.64810000,86.30000000,0.6569
1749258846,0.64800000,4790.60000000,0.6569
1749258846,0.64790000,9811.30000000,0.6569
1749258846,0.64780000,2131.10000000,0.6569
1749258846,0.64770000,362.00000000,0.6569
1749258846,0.64760000,3271.50000000,0.6569
1749258846,0.64750000,2529.50000000,0.6569
1749258846,0.64740000,27386.30000000,0.6569
1749258846,0.64730000,1934.80000000,0.6569
1749258846,0.64720000,218.90000000,0.6569
1749258846,0.64710000,699.50000000,0.6569
1749258846,0.64700000,3285.90000000,0.6569
1749258846,0.64690000,259.20000000,0.6569
1749259152,0.65620000,7773.60000000,0.6563
1749259152,0.65610000,29114.30000000,0.6563
1749259152,0.65600000,36458.30000000,0.6563
1749259152,0.65590000,49812.50000000,0.6563
1749259152,0.65580000,71806.70000000,0.6563
1749259152,0.65570000,74817.50000000,0.6563
1749259152,0.65560000,66391.70000000,0.6563
1749259152,0.65550000,33389.20000000,0.6563
1749259152,0.65540000,47765.30000000,0.6563
1749259152,0.65530000,50047.50000000,0.6563
1749259152,0.65520000,48365.30000000,0.6563
1749259152,0.65510000,21237.00000000,0.6563
1749259152,0.65500000,28895.10000000,0.6563
1749259152,0.65490000,36390.10000000,0.6563
1749259152,0.65480000,28115.80000000,0.6563
1749259152,0.65470000,34714.20000000,0.6563
1749259152,0.65460000,12656.90000000,0.6563
1749259152,0.65450000,8831.00000000,0.6563
1749259152,0.65440000,10027.20000000,0.6563
1749259152,0.65430000,6364.50000000,0.6563
1749259152,0.65420000,74856.10000000,0.6563
1749259152,0.65410000,119278.70000000,0.6563
1749259152,0.65400000,39703.70000000,0.6563
1749259152,0.65390000,17975.60000000,0.6563
1749259152,0.65380000,7554.90000000,0.6563
1749259152,0.65370000,19501.70000000,0.6563
1749259152,0.65360000,7766.80000000,0.6563
1749259152,0.65350000,5962.60000000,0.6563
1749259152,0.65340000,9308.30000000,0.6563
1749259152,0.65330000,1304.40000000,0.6563
1749259152,0.65320000,6691.00000000,0.6563
1749259152,0.65310000,15066.50000000,0.6563
1749259152,0.65300000,122365.90000000,0.6563
1749259152,0.65290000,141516.20000000,0.6563
1749259152,0.65280000,9535.20000000,0.6563
1749259152,0.65270000,5496.80000000,0.6563
1749259152,0.65260000,878.60000000,0.6563
1749259152,0.65250000,8665.20000000,0.6563
1749259152,0.65240000,1932.20000000,0.6563
1749259152,0.65230000,1834.20000000,0.6563
1749259152,0.65220000,1148.90000000,0.6563
1749259152,0.65210000,18436.20000000,0.6563
1749259152,0.65200000,512.80000000,0.6563
1749259152,0.65190000,181.90000000,0.6563
1749259152,0.65180000,40932.70000000,0.6563
1749259152,0.65170000,207.20000000,0.6563
1749259152,0.65160000,2083.30000000,0.6563
1749259152,0.65150000,32.70000000,0.6563
1749259152,0.65140000,1637.80000000,0.6563
1749259152,0.65130000,70.30000000,0.6563
1749259152,0.65120000,85.70000000,0.6563
1749259152,0.65110000,459.30000000,0.6563
1749259152,0.65100000,2199.00000000,0.6563
1749259152,0.65090000,138.50000000,0.6563
1749259152,0.65080000,362.00000000,0.6563
1749259152,0.65070000,575.20000000,0.6563
1749259152,0.65060000,66.80000000,0.6563
1749259152,0.65050000,2260.90000000,0.6563
1749259152,0.65040000,36.80000000,0.6563
1749259152,0.65030000,2921.70000000,0.6563
1749259152,0.65020000,3203.00000000,0.6563
1749259152,0.65010000,15487.10000000,0.6563
1749259152,0.65000000,39181.90000000,0.6563
1749259152,0.64990000,89.10000000,0.6563
1749259152,0.64980000,1665.90000000,0.6563
1749259152,0.64970000,1753.50000000,0.6563
1749259152,0.64960000,273.10000000,0.6563
1749259152,0.64950000,3586.10000000,0.6563
1749259152,0.64940000,31117.00000000,0.6563
1749259152,0.64930000,114171.80000000,0.6563
1749259152,0.64920000,6637.80000000,0.6563
1749259152,0.64910000,2864.80000000,0.6563
1749259152,0.64900000,6947.40000000,0.6563
1749259152,0.64890000,653.60000000,0.6563
1749259152,0.64880000,41769.80000000,0.6563
1749259152,0.64870000,338.10000000,0.6563
1749259152,0.64860000,27.40000000,0.6563
1749259152,0.64850000,2093.90000000,0.6563
1749259152,0.64840000,236.10000000,0.6563
1749259152,0.64830000,50.30000000,0.6563
1749259152,0.64820000,3460.50000000,0.6563
1749259152,0.64810000,86.30000000,0.6563
1749259152,0.64800000,4790.60000000,0.6563
1749259152,0.64790000,2878.00000000,0.6563
1749259152,0.64780000,2131.10000000,0.6563
1749259152,0.64770000,3444.40000000,0.6563
1749259152,0.64760000,3271.50000000,0.6563
1749259152,0.64750000,9467.10000000,0.6563
1749259152,0.64740000,210.00000000,0.6563
1749259152,0.64730000,1934.80000000,0.6563
1749259152,0.64720000,218.90000000,0.6563
1749259152,0.64710000,699.50000000,0.6563
1749259152,0.64700000,3285.90000000,0.6563
1749259152,0.64690000,259.20000000,0.6563
1749259152,0.64680000,91.00000000,0.6563
1749259152,0.64670000,43.20000000,0.6563
1749259152,0.64660000,27380.10000000,0.6563
1749259152,0.64650000,16319.70000000,0.6563
1749259152,0.64640000,27551.00000000,0.6563
1749259152,0.64630000,11871.20000000,0.6563
