timestamp,price,volume,current_price
1749254463,0.18720000,31668.00000000,0.1872
1749254463,0.18710000,41072.00000000,0.1872
1749254463,0.18700000,66930.00000000,0.1872
1749254463,0.18690000,118886.00000000,0.1872
1749254463,0.18680000,96617.00000000,0.1872
1749254463,0.18670000,99683.00000000,0.1872
1749254463,0.18660000,118665.00000000,0.1872
1749254463,0.18650000,27216.00000000,0.1872
1749254463,0.18640000,145937.00000000,0.1872
1749254463,0.18630000,98963.00000000,0.1872
1749254463,0.18620000,18678.00000000,0.1872
1749254463,0.18610000,13974.00000000,0.1872
1749254463,0.18600000,8164.00000000,0.1872
1749254463,0.18590000,21056.00000000,0.1872
1749254463,0.18580000,3328.00000000,0.1872
1749254463,0.18570000,3467.00000000,0.1872
1749254463,0.18560000,9684.00000000,0.1872
1749254463,0.18550000,11739.00000000,0.1872
1749254463,0.18540000,3288.00000000,0.1872
1749254463,0.18530000,31076.00000000,0.1872
1749254463,0.18520000,59324.00000000,0.1872
1749254463,0.18510000,3155.00000000,0.1872
1749254463,0.18500000,9386.00000000,0.1872
1749254463,0.18490000,4572.00000000,0.1872
1749254463,0.18480000,6003.00000000,0.1872
1749254463,0.18470000,45161.00000000,0.1872
1749254463,0.18460000,15357.00000000,0.1872
1749254463,0.18450000,584.00000000,0.1872
1749254463,0.18440000,5646.00000000,0.1872
1749254463,0.18430000,200.00000000,0.1872
1749254463,0.18420000,616.00000000,0.1872
1749254463,0.18410000,5437.00000000,0.1872
1749254463,0.18400000,108.00000000,0.1872
1749254463,0.18390000,2029.00000000,0.1872
1749254463,0.18380000,13488.00000000,0.1872
1749254463,0.18370000,217.00000000,0.1872
1749254463,0.18360000,54.00000000,0.1872
1749254463,0.18350000,7892.00000000,0.1872
1749254463,0.18340000,194.00000000,0.1872
1749254463,0.18330000,15690.00000000,0.1872
1749254463,0.18320000,309.00000000,0.1872
1749254463,0.18310000,54.00000000,0.1872
1749254463,0.18300000,311.00000000,0.1872
1749254463,0.18290000,2918.00000000,0.1872
1749254463,0.18280000,284.00000000,0.1872
1749254463,0.18270000,326.00000000,0.1872
1749254463,0.18260000,118.00000000,0.1872
1749254463,0.18250000,1969.00000000,0.1872
1749254463,0.18240000,336.00000000,0.1872
1749254463,0.18230000,54.00000000,0.1872
1749254463,0.18220000,7992.00000000,0.1872
1749254463,0.18210000,54.00000000,0.1872
1749254463,0.18200000,1289.00000000,0.1872
1749254463,0.18190000,13915.00000000,0.1872
1749254463,0.18180000,1959.00000000,0.1872
1749254463,0.18170000,97.00000000,0.1872
1749254463,0.18160000,620.00000000,0.1872
1749254463,0.18150000,3358.00000000,0.1872
1749254463,0.18140000,54.00000000,0.1872
1749254463,0.18130000,54.00000000,0.1872
1749254463,0.18120000,2337.00000000,0.1872
1749254463,0.18110000,4120.00000000,0.1872
1749254463,0.18100000,1256.00000000,0.1872
1749254463,0.18090000,796.00000000,0.1872
1749254463,0.18080000,2560.00000000,0.1872
1749254463,0.18070000,1325.00000000,0.1872
1749254463,0.18060000,2155.00000000,0.1872
1749254463,0.18050000,8177.00000000,0.1872
1749254463,0.18040000,4234.00000000,0.1872
1749254463,0.18030000,221.00000000,0.1872
1749254463,0.18020000,1123.00000000,0.1872
1749254463,0.18010000,238.00000000,0.1872
1749254463,0.18000000,7859.00000000,0.1872
1749254463,0.17990000,125.00000000,0.1872
1749254463,0.17980000,491.00000000,0.1872
1749254463,0.17970000,326.00000000,0.1872
1749254463,0.17960000,300.00000000,0.1872
1749254463,0.17950000,874.00000000,0.1872
1749254463,0.17940000,3062.00000000,0.1872
1749254463,0.17910000,104.00000000,0.1872
1749254463,0.17900000,8311.00000000,0.1872
1749254463,0.17890000,10028.00000000,0.1872
1749254463,0.17880000,248.00000000,0.1872
1749254463,0.17860000,1875.00000000,0.1872
1749254463,0.17850000,5651.00000000,0.1872
1749254463,0.17840000,2802.00000000,0.1872
1749254463,0.17830000,104.00000000,0.1872
1749254463,0.17820000,272.00000000,0.1872
1749254463,0.17800000,6215.00000000,0.1872
1749254463,0.17790000,3347.00000000,0.1872
1749254463,0.17780000,797.00000000,0.1872
1749254463,0.17770000,1276.00000000,0.1872
1749254463,0.17760000,7579.00000000,0.1872
1749254463,0.17750000,22510.00000000,0.1872
1749254463,0.17740000,2861.00000000,0.1872
1749254463,0.17730000,18784.00000000,0.1872
1749254463,0.17710000,1823.00000000,0.1872
1749254463,0.17700000,2857.00000000,0.1872
1749254463,0.17670000,272.00000000,0.1872
1749254463,0.17660000,5718.00000000,0.1872
1749254770,0.18730000,11471.00000000,0.1873
1749254770,0.18720000,50448.00000000,0.1873
1749254770,0.18710000,69394.00000000,0.1873
1749254770,0.18700000,104905.00000000,0.1873
1749254770,0.18690000,72233.00000000,0.1873
1749254770,0.18680000,72136.00000000,0.1873
1749254770,0.18670000,31882.00000000,0.1873
1749254770,0.18660000,130980.00000000,0.1873
1749254770,0.18650000,40463.00000000,0.1873
1749254770,0.18640000,81452.00000000,0.1873
1749254770,0.18630000,75024.00000000,0.1873
1749254770,0.18620000,26229.00000000,0.1873
1749254770,0.18610000,13974.00000000,0.1873
1749254770,0.18600000,7353.00000000,0.1873
1749254770,0.18590000,87593.00000000,0.1873
1749254770,0.18580000,3195.00000000,0.1873
1749254770,0.18570000,3467.00000000,0.1873
1749254770,0.18560000,9551.00000000,0.1873
1749254770,0.18550000,11739.00000000,0.1873
1749254770,0.18540000,56047.00000000,0.1873
1749254770,0.18530000,31075.00000000,0.1873
1749254770,0.18520000,59040.00000000,0.1873
1749254770,0.18510000,3297.00000000,0.1873
1749254770,0.18500000,9386.00000000,0.1873
1749254770,0.18490000,4572.00000000,0.1873
1749254770,0.18480000,6003.00000000,0.1873
1749254770,0.18470000,42101.00000000,0.1873
1749254770,0.18460000,15357.00000000,0.1873
1749254770,0.18450000,584.00000000,0.1873
1749254770,0.18440000,5646.00000000,0.1873
1749254770,0.18430000,200.00000000,0.1873
1749254770,0.18420000,8247.00000000,0.1873
1749254770,0.18410000,5437.00000000,0.1873
1749254770,0.18400000,108.00000000,0.1873
1749254770,0.18390000,2029.00000000,0.1873
1749254770,0.18380000,5840.00000000,0.1873
1749254770,0.18370000,217.00000000,0.1873
1749254770,0.18360000,54.00000000,0.1873
1749254770,0.18350000,7892.00000000,0.1873
1749254770,0.18340000,194.00000000,0.1873
1749254770,0.18330000,15690.00000000,0.1873
1749254770,0.18320000,309.00000000,0.1873
1749254770,0.18310000,54.00000000,0.1873
1749254770,0.18300000,3179.00000000,0.1873
1749254770,0.18290000,54.00000000,0.1873
1749254770,0.18280000,284.00000000,0.1873
1749254770,0.18270000,326.00000000,0.1873
1749254770,0.18260000,118.00000000,0.1873
1749254770,0.18250000,1969.00000000,0.1873
1749254770,0.18240000,336.00000000,0.1873
1749254770,0.18230000,54.00000000,0.1873
1749254770,0.18220000,7992.00000000,0.1873
1749254770,0.18210000,54.00000000,0.1873
1749254770,0.18200000,1289.00000000,0.1873
1749254770,0.18190000,13915.00000000,0.1873
1749254770,0.18180000,1959.00000000,0.1873
1749254770,0.18170000,97.00000000,0.1873
1749254770,0.18160000,620.00000000,0.1873
1749254770,0.18150000,3358.00000000,0.1873
1749254770,0.18140000,54.00000000,0.1873
1749254770,0.18130000,54.00000000,0.1873
1749254770,0.18120000,2337.00000000,0.1873
1749254770,0.18110000,4120.00000000,0.1873
1749254770,0.18100000,1256.00000000,0.1873
1749254770,0.18090000,796.00000000,0.1873
1749254770,0.18080000,2560.00000000,0.1873
1749254770,0.18070000,1325.00000000,0.1873
1749254770,0.18060000,2155.00000000,0.1873
1749254770,0.18050000,8177.00000000,0.1873
1749254770,0.18040000,4234.00000000,0.1873
1749254770,0.18030000,221.00000000,0.1873
1749254770,0.18020000,1123.00000000,0.1873
1749254770,0.18010000,238.00000000,0.1873
1749254770,0.18000000,7859.00000000,0.1873
1749254770,0.17990000,125.00000000,0.1873
1749254770,0.17980000,491.00000000,0.1873
1749254770,0.17970000,272.00000000,0.1873
1749254770,0.17960000,300.00000000,0.1873
1749254770,0.17950000,874.00000000,0.1873
1749254770,0.17940000,3062.00000000,0.1873
1749254770,0.17910000,104.00000000,0.1873
1749254770,0.17900000,8311.00000000,0.1873
1749254770,0.17890000,10028.00000000,0.1873
1749254770,0.17880000,248.00000000,0.1873
1749254770,0.17860000,1875.00000000,0.1873
1749254770,0.17850000,5651.00000000,0.1873
1749254770,0.17840000,2802.00000000,0.1873
1749254770,0.17830000,104.00000000,0.1873
1749254770,0.17820000,272.00000000,0.1873
1749254770,0.17800000,6215.00000000,0.1873
1749254770,0.17790000,3347.00000000,0.1873
1749254770,0.17780000,797.00000000,0.1873
1749254770,0.17770000,1276.00000000,0.1873
1749254770,0.17760000,7579.00000000,0.1873
1749254770,0.17750000,22510.00000000,0.1873
1749254770,0.17740000,2861.00000000,0.1873
1749254770,0.17730000,18784.00000000,0.1873
1749254770,0.17710000,1823.00000000,0.1873
1749254770,0.17700000,2857.00000000,0.1873
1749254770,0.17670000,272.00000000,0.1873
