timestamp,price,volume,current_price
1749260652,0.18840000,660.00000000,0.1884
1749260652,0.18830000,38487.00000000,0.1884
1749260652,0.18820000,85126.00000000,0.1884
1749260652,0.18810000,130348.00000000,0.1884
1749260652,0.18800000,127199.00000000,0.1884
1749260652,0.18790000,50338.00000000,0.1884
1749260652,0.18780000,115787.00000000,0.1884
1749260652,0.18770000,82267.00000000,0.1884
1749260652,0.18760000,27920.00000000,0.1884
1749260652,0.18750000,65944.00000000,0.1884
1749260652,0.18740000,42492.00000000,0.1884
1749260652,0.18730000,74712.00000000,0.1884
1749260652,0.18720000,14979.00000000,0.1884
1749260652,0.18710000,11295.00000000,0.1884
1749260652,0.18700000,12539.00000000,0.1884
1749260652,0.18690000,7198.00000000,0.1884
1749260652,0.18680000,17829.00000000,0.1884
1749260652,0.18670000,62144.00000000,0.1884
1749260652,0.18660000,63151.00000000,0.1884
1749260652,0.18650000,124.00000000,0.1884
1749260652,0.18640000,9829.00000000,0.1884
1749260652,0.18630000,6541.00000000,0.1884
1749260652,0.18620000,11116.00000000,0.1884
1749260652,0.18610000,380.00000000,0.1884
1749260652,0.18600000,10971.00000000,0.1884
1749260652,0.18590000,8842.00000000,0.1884
1749260652,0.18580000,49772.00000000,0.1884
1749260652,0.18570000,3426.00000000,0.1884
1749260652,0.18560000,9470.00000000,0.1884
1749260652,0.18550000,11658.00000000,0.1884
1749260652,0.18540000,54.00000000,0.1884
1749260652,0.18530000,16530.00000000,0.1884
1749260652,0.18520000,211.00000000,0.1884
1749260652,0.18510000,54.00000000,0.1884
1749260652,0.18500000,8493.00000000,0.1884
1749260652,0.18490000,7678.00000000,0.1884
1749260652,0.18480000,1560.00000000,0.1884
1749260652,0.18470000,1346.00000000,0.1884
1749260652,0.18460000,3075.00000000,0.1884
1749260652,0.18450000,293.00000000,0.1884
1749260652,0.18440000,13855.00000000,0.1884
1749260652,0.18430000,200.00000000,0.1884
1749260652,0.18420000,616.00000000,0.1884
1749260652,0.18410000,97.00000000,0.1884
1749260652,0.18400000,108.00000000,0.1884
1749260652,0.18390000,2029.00000000,0.1884
1749260652,0.18380000,337.00000000,0.1884
1749260652,0.18370000,217.00000000,0.1884
1749260652,0.18360000,54.00000000,0.1884
1749260652,0.18350000,2552.00000000,0.1884
1749260652,0.18340000,227.00000000,0.1884
1749260652,0.18330000,1484.00000000,0.1884
1749260652,0.18320000,1419.00000000,0.1884
1749260652,0.18310000,2014.00000000,0.1884
1749260652,0.18300000,13994.00000000,0.1884
1749260652,0.18290000,54.00000000,0.1884
1749260652,0.18280000,284.00000000,0.1884
1749260652,0.18270000,326.00000000,0.1884
1749260652,0.18260000,118.00000000,0.1884
1749260652,0.18250000,1969.00000000,0.1884
1749260652,0.18240000,336.00000000,0.1884
1749260652,0.18230000,54.00000000,0.1884
1749260652,0.18220000,338.00000000,0.1884
1749260652,0.18210000,53.00000000,0.1884
1749260652,0.18200000,1288.00000000,0.1884
1749260652,0.18190000,53.00000000,0.1884
1749260652,0.18180000,1958.00000000,0.1884
1749260652,0.18170000,96.00000000,0.1884
1749260652,0.18160000,7615.00000000,0.1884
1749260652,0.18150000,3357.00000000,0.1884
1749260652,0.18140000,1116.00000000,0.1884
1749260652,0.18130000,54.00000000,0.1884
1749260652,0.18120000,2337.00000000,0.1884
1749260652,0.18110000,4120.00000000,0.1884
1749260652,0.18100000,3102.00000000,0.1884
1749260652,0.18090000,796.00000000,0.1884
1749260652,0.18080000,2506.00000000,0.1884
1749260652,0.18070000,151.00000000,0.1884
1749260652,0.18060000,121.00000000,0.1884
1749260652,0.18050000,1332.00000000,0.1884
1749260652,0.18040000,4180.00000000,0.1884
1749260652,0.18030000,167.00000000,0.1884
1749260652,0.18010000,184.00000000,0.1884
1749260652,0.18000000,7833.00000000,0.1884
1749260652,0.17990000,71.00000000,0.1884
1749260652,0.17980000,437.00000000,0.1884
1749260652,0.17970000,272.00000000,0.1884
1749260652,0.17960000,300.00000000,0.1884
1749260652,0.17950000,319.00000000,0.1884
1749260652,0.17940000,3062.00000000,0.1884
1749260652,0.17910000,104.00000000,0.1884
1749260652,0.17900000,8311.00000000,0.1884
1749260652,0.17890000,10028.00000000,0.1884
1749260652,0.17880000,248.00000000,0.1884
1749260652,0.17860000,1875.00000000,0.1884
1749260652,0.17850000,5651.00000000,0.1884
1749260652,0.17840000,2802.00000000,0.1884
1749260652,0.17830000,104.00000000,0.1884
1749260652,0.17820000,272.00000000,0.1884
1749260652,0.17800000,6215.00000000,0.1884
1749260964,0.18860000,16944.00000000,0.1886
1749260964,0.18850000,66389.00000000,0.1886
1749260964,0.18840000,153778.00000000,0.1886
1749260964,0.18830000,104806.00000000,0.1886
1749260964,0.18820000,103236.00000000,0.1886
1749260964,0.18810000,63874.00000000,0.1886
1749260964,0.18800000,60185.00000000,0.1886
1749260964,0.18790000,83356.00000000,0.1886
1749260964,0.18780000,71051.00000000,0.1886
1749260964,0.18770000,29351.00000000,0.1886
1749260964,0.18760000,67961.00000000,0.1886
1749260964,0.18750000,11505.00000000,0.1886
1749260964,0.18740000,88817.00000000,0.1886
1749260964,0.18730000,8821.00000000,0.1886
1749260964,0.18720000,7584.00000000,0.1886
1749260964,0.18710000,3402.00000000,0.1886
1749260964,0.18700000,8534.00000000,0.1886
1749260964,0.18690000,5850.00000000,0.1886
1749260964,0.18680000,72758.00000000,0.1886
1749260964,0.18670000,56965.00000000,0.1886
1749260964,0.18660000,10259.00000000,0.1886
1749260964,0.18650000,95.00000000,0.1886
1749260964,0.18640000,8495.00000000,0.1886
1749260964,0.18630000,4520.00000000,0.1886
1749260964,0.18620000,11116.00000000,0.1886
1749260964,0.18610000,132.00000000,0.1886
1749260964,0.18600000,3464.00000000,0.1886
1749260964,0.18590000,42701.00000000,0.1886
1749260964,0.18580000,18228.00000000,0.1886
1749260964,0.18570000,366.00000000,0.1886
1749260964,0.18560000,21456.00000000,0.1886
1749260964,0.18550000,8598.00000000,0.1886
1749260964,0.18540000,54.00000000,0.1886
1749260964,0.18530000,16530.00000000,0.1886
1749260964,0.18520000,211.00000000,0.1886
1749260964,0.18510000,54.00000000,0.1886
1749260964,0.18500000,945.00000000,0.1886
1749260964,0.18490000,126.00000000,0.1886
1749260964,0.18480000,1560.00000000,0.1886
1749260964,0.18470000,1346.00000000,0.1886
1749260964,0.18460000,254.00000000,0.1886
1749260964,0.18450000,14104.00000000,0.1886
1749260964,0.18440000,2669.00000000,0.1886
1749260964,0.18430000,200.00000000,0.1886
1749260964,0.18420000,616.00000000,0.1886
1749260964,0.18410000,97.00000000,0.1886
1749260964,0.18400000,108.00000000,0.1886
1749260964,0.18390000,2029.00000000,0.1886
1749260964,0.18380000,337.00000000,0.1886
1749260964,0.18370000,217.00000000,0.1886
1749260964,0.18360000,54.00000000,0.1886
1749260964,0.18350000,2552.00000000,0.1886
1749260964,0.18340000,227.00000000,0.1886
1749260964,0.18330000,1484.00000000,0.1886
1749260964,0.18320000,1419.00000000,0.1886
1749260964,0.18310000,15863.00000000,0.1886
1749260964,0.18300000,311.00000000,0.1886
1749260964,0.18290000,54.00000000,0.1886
1749260964,0.18280000,284.00000000,0.1886
1749260964,0.18270000,326.00000000,0.1886
1749260964,0.18260000,118.00000000,0.1886
1749260964,0.18250000,1969.00000000,0.1886
1749260964,0.18240000,336.00000000,0.1886
1749260964,0.18230000,54.00000000,0.1886
1749260964,0.18220000,338.00000000,0.1886
1749260964,0.18210000,53.00000000,0.1886
1749260964,0.18200000,1288.00000000,0.1886
1749260964,0.18190000,53.00000000,0.1886
1749260964,0.18180000,1958.00000000,0.1886
1749260964,0.18170000,6872.00000000,0.1886
1749260964,0.18160000,1680.00000000,0.1886
1749260964,0.18150000,3357.00000000,0.1886
1749260964,0.18140000,54.00000000,0.1886
1749260964,0.18130000,54.00000000,0.1886
1749260964,0.18120000,2337.00000000,0.1886
1749260964,0.18110000,4120.00000000,0.1886
1749260964,0.18100000,3048.00000000,0.1886
1749260964,0.18090000,742.00000000,0.1886
1749260964,0.18080000,2506.00000000,0.1886
1749260964,0.18070000,151.00000000,0.1886
1749260964,0.18060000,121.00000000,0.1886
1749260964,0.18050000,1332.00000000,0.1886
1749260964,0.18040000,4180.00000000,0.1886
1749260964,0.18030000,167.00000000,0.1886
1749260964,0.18010000,184.00000000,0.1886
1749260964,0.18000000,7833.00000000,0.1886
1749260964,0.17990000,71.00000000,0.1886
1749260964,0.17980000,437.00000000,0.1886
1749260964,0.17970000,272.00000000,0.1886
1749260964,0.17960000,300.00000000,0.1886
1749260964,0.17950000,319.00000000,0.1886
1749260964,0.17940000,3062.00000000,0.1886
1749260964,0.17910000,104.00000000,0.1886
1749260964,0.17900000,8311.00000000,0.1886
1749260964,0.17890000,10028.00000000,0.1886
1749260964,0.17880000,248.00000000,0.1886
1749260964,0.17860000,1875.00000000,0.1886
1749260964,0.17850000,5651.00000000,0.1886
1749260964,0.17840000,2802.00000000,0.1886
1749260964,0.17830000,104.00000000,0.1886
1749261266,0.18860000,23929.00000000,0.1887
1749261266,0.18850000,76175.00000000,0.1887
1749261266,0.18840000,139360.00000000,0.1887
1749261266,0.18830000,117367.00000000,0.1887
1749261266,0.18820000,82806.00000000,0.1887
1749261266,0.18810000,63445.00000000,0.1887
1749261266,0.18800000,156565.00000000,0.1887
1749261266,0.18790000,30496.00000000,0.1887
1749261266,0.18780000,73777.00000000,0.1887
1749261266,0.18770000,30738.00000000,0.1887
1749261266,0.18760000,16008.00000000,0.1887
1749261266,0.18750000,10584.00000000,0.1887
1749261266,0.18740000,92089.00000000,0.1887
1749261266,0.18730000,8821.00000000,0.1887
1749261266,0.18720000,7584.00000000,0.1887
1749261266,0.18710000,3155.00000000,0.1887
1749261266,0.18700000,8534.00000000,0.1887
1749261266,0.18690000,5850.00000000,0.1887
1749261266,0.18680000,118175.00000000,0.1887
1749261266,0.18670000,4073.00000000,0.1887
1749261266,0.18660000,10506.00000000,0.1887
1749261266,0.18650000,95.00000000,0.1887
1749261266,0.18640000,15986.00000000,0.1887
1749261266,0.18630000,4520.00000000,0.1887
1749261266,0.18620000,11116.00000000,0.1887
1749261266,0.18610000,132.00000000,0.1887
1749261266,0.18600000,3464.00000000,0.1887
1749261266,0.18590000,42701.00000000,0.1887
1749261266,0.18580000,15168.00000000,0.1887
1749261266,0.18570000,366.00000000,0.1887
1749261266,0.18560000,21456.00000000,0.1887
1749261266,0.18550000,8598.00000000,0.1887
1749261266,0.18540000,54.00000000,0.1887
1749261266,0.18530000,16530.00000000,0.1887
1749261266,0.18520000,211.00000000,0.1887
1749261266,0.18510000,54.00000000,0.1887
1749261266,0.18500000,945.00000000,0.1887
1749261266,0.18490000,126.00000000,0.1887
1749261266,0.18480000,1560.00000000,0.1887
1749261266,0.18470000,1346.00000000,0.1887
1749261266,0.18460000,254.00000000,0.1887
1749261266,0.18450000,14104.00000000,0.1887
1749261266,0.18440000,2932.00000000,0.1887
1749261266,0.18430000,200.00000000,0.1887
1749261266,0.18420000,616.00000000,0.1887
1749261266,0.18410000,97.00000000,0.1887
1749261266,0.18400000,108.00000000,0.1887
1749261266,0.18390000,2029.00000000,0.1887
1749261266,0.18380000,337.00000000,0.1887
1749261266,0.18370000,217.00000000,0.1887
1749261266,0.18360000,54.00000000,0.1887
1749261266,0.18350000,2552.00000000,0.1887
1749261266,0.18340000,227.00000000,0.1887
1749261266,0.18330000,1484.00000000,0.1887
1749261266,0.18320000,1419.00000000,0.1887
1749261266,0.18310000,15863.00000000,0.1887
1749261266,0.18300000,311.00000000,0.1887
1749261266,0.18290000,54.00000000,0.1887
1749261266,0.18280000,284.00000000,0.1887
1749261266,0.18270000,326.00000000,0.1887
1749261266,0.18260000,118.00000000,0.1887
1749261266,0.18250000,1969.00000000,0.1887
1749261266,0.18240000,336.00000000,0.1887
1749261266,0.18230000,54.00000000,0.1887
1749261266,0.18220000,338.00000000,0.1887
1749261266,0.18210000,53.00000000,0.1887
1749261266,0.18200000,1288.00000000,0.1887
1749261266,0.18190000,53.00000000,0.1887
1749261266,0.18180000,1958.00000000,0.1887
1749261266,0.18170000,6872.00000000,0.1887
1749261266,0.18160000,1680.00000000,0.1887
1749261266,0.18150000,3357.00000000,0.1887
1749261266,0.18140000,54.00000000,0.1887
1749261266,0.18130000,54.00000000,0.1887
1749261266,0.18120000,2337.00000000,0.1887
1749261266,0.18110000,4120.00000000,0.1887
1749261266,0.18100000,3048.00000000,0.1887
1749261266,0.18090000,742.00000000,0.1887
1749261266,0.18080000,2506.00000000,0.1887
1749261266,0.18070000,151.00000000,0.1887
1749261266,0.18060000,121.00000000,0.1887
1749261266,0.18050000,1332.00000000,0.1887
1749261266,0.18040000,4180.00000000,0.1887
1749261266,0.18030000,167.00000000,0.1887
1749261266,0.18010000,184.00000000,0.1887
1749261266,0.18000000,7833.00000000,0.1887
1749261266,0.17990000,71.00000000,0.1887
1749261266,0.17980000,437.00000000,0.1887
1749261266,0.17970000,272.00000000,0.1887
1749261266,0.17960000,300.00000000,0.1887
1749261266,0.17950000,319.00000000,0.1887
1749261266,0.17940000,3062.00000000,0.1887
1749261266,0.17910000,104.00000000,0.1887
1749261266,0.17900000,8311.00000000,0.1887
1749261266,0.17890000,10028.00000000,0.1887
1749261266,0.17880000,248.00000000,0.1887
1749261266,0.17860000,1875.00000000,0.1887
1749261266,0.17850000,5651.00000000,0.1887
1749261266,0.17840000,2802.00000000,0.1887
1749261266,0.17830000,104.00000000,0.1887
1749261567,0.18860000,28790.00000000,0.1887
1749261567,0.18850000,81507.00000000,0.1887
1749261567,0.18840000,160987.00000000,0.1887
1749261567,0.18830000,125232.00000000,0.1887
1749261567,0.18820000,108113.00000000,0.1887
1749261567,0.18810000,35223.00000000,0.1887
1749261567,0.18800000,139864.00000000,0.1887
1749261567,0.18790000,29210.00000000,0.1887
1749261567,0.18780000,71658.00000000,0.1887
1749261567,0.18770000,32110.00000000,0.1887
1749261567,0.18760000,12621.00000000,0.1887
1749261567,0.18750000,10582.00000000,0.1887
1749261567,0.18740000,88817.00000000,0.1887
1749261567,0.18730000,8821.00000000,0.1887
1749261567,0.18720000,7584.00000000,0.1887
1749261567,0.18710000,3155.00000000,0.1887
1749261567,0.18700000,61426.00000000,0.1887
1749261567,0.18690000,5850.00000000,0.1887
1749261567,0.18680000,65283.00000000,0.1887
1749261567,0.18670000,4073.00000000,0.1887
1749261567,0.18660000,10506.00000000,0.1887
1749261567,0.18650000,95.00000000,0.1887
1749261567,0.18640000,15986.00000000,0.1887
1749261567,0.18630000,4520.00000000,0.1887
1749261567,0.18620000,11116.00000000,0.1887
1749261567,0.18610000,132.00000000,0.1887
1749261567,0.18600000,3464.00000000,0.1887
1749261567,0.18590000,42701.00000000,0.1887
1749261567,0.18580000,15168.00000000,0.1887
1749261567,0.18570000,366.00000000,0.1887
1749261567,0.18560000,13933.00000000,0.1887
1749261567,0.18550000,8598.00000000,0.1887
1749261567,0.18540000,54.00000000,0.1887
1749261567,0.18530000,16530.00000000,0.1887
1749261567,0.18520000,7750.00000000,0.1887
1749261567,0.18510000,54.00000000,0.1887
1749261567,0.18500000,945.00000000,0.1887
1749261567,0.18490000,126.00000000,0.1887
1749261567,0.18480000,1560.00000000,0.1887
1749261567,0.18470000,1346.00000000,0.1887
1749261567,0.18460000,254.00000000,0.1887
1749261567,0.18450000,14104.00000000,0.1887
1749261567,0.18440000,2932.00000000,0.1887
1749261567,0.18430000,200.00000000,0.1887
1749261567,0.18420000,616.00000000,0.1887
1749261567,0.18410000,97.00000000,0.1887
1749261567,0.18400000,108.00000000,0.1887
1749261567,0.18390000,2029.00000000,0.1887
1749261567,0.18380000,337.00000000,0.1887
1749261567,0.18370000,217.00000000,0.1887
1749261567,0.18360000,54.00000000,0.1887
1749261567,0.18350000,2552.00000000,0.1887
1749261567,0.18340000,227.00000000,0.1887
1749261567,0.18330000,1484.00000000,0.1887
1749261567,0.18320000,1419.00000000,0.1887
1749261567,0.18310000,15863.00000000,0.1887
1749261567,0.18300000,311.00000000,0.1887
1749261567,0.18290000,54.00000000,0.1887
1749261567,0.18280000,284.00000000,0.1887
1749261567,0.18270000,326.00000000,0.1887
1749261567,0.18260000,118.00000000,0.1887
1749261567,0.18250000,1969.00000000,0.1887
1749261567,0.18240000,336.00000000,0.1887
1749261567,0.18230000,54.00000000,0.1887
1749261567,0.18220000,338.00000000,0.1887
1749261567,0.18210000,53.00000000,0.1887
1749261567,0.18200000,1288.00000000,0.1887
1749261567,0.18190000,53.00000000,0.1887
1749261567,0.18180000,1958.00000000,0.1887
1749261567,0.18170000,6872.00000000,0.1887
1749261567,0.18160000,1680.00000000,0.1887
1749261567,0.18150000,3357.00000000,0.1887
1749261567,0.18140000,54.00000000,0.1887
1749261567,0.18130000,54.00000000,0.1887
1749261567,0.18120000,2337.00000000,0.1887
1749261567,0.18110000,4120.00000000,0.1887
1749261567,0.18100000,3048.00000000,0.1887
1749261567,0.18090000,742.00000000,0.1887
1749261567,0.18080000,2506.00000000,0.1887
1749261567,0.18070000,151.00000000,0.1887
1749261567,0.18060000,121.00000000,0.1887
1749261567,0.18050000,1332.00000000,0.1887
1749261567,0.18040000,4180.00000000,0.1887
1749261567,0.18030000,167.00000000,0.1887
1749261567,0.18010000,184.00000000,0.1887
1749261567,0.18000000,7833.00000000,0.1887
1749261567,0.17990000,71.00000000,0.1887
1749261567,0.17980000,437.00000000,0.1887
1749261567,0.17970000,272.00000000,0.1887
1749261567,0.17960000,300.00000000,0.1887
1749261567,0.17950000,319.00000000,0.1887
1749261567,0.17940000,3062.00000000,0.1887
1749261567,0.17910000,104.00000000,0.1887
1749261567,0.17900000,8311.00000000,0.1887
1749261567,0.17890000,10028.00000000,0.1887
1749261567,0.17880000,248.00000000,0.1887
1749261567,0.17860000,1875.00000000,0.1887
1749261567,0.17850000,5651.00000000,0.1887
1749261567,0.17840000,2802.00000000,0.1887
1749261567,0.17830000,104.00000000,0.1887
1749261874,0.18860000,540.00000000,0.1886
1749261874,0.18850000,48858.00000000,0.1886
1749261874,0.18840000,102636.00000000,0.1886
1749261874,0.18830000,139544.00000000,0.1886
1749261874,0.18820000,126760.00000000,0.1886
1749261874,0.18810000,78916.00000000,0.1886
1749261874,0.18800000,89834.00000000,0.1886
1749261874,0.18790000,104394.00000000,0.1886
1749261874,0.18780000,26924.00000000,0.1886
1749261874,0.18770000,73168.00000000,0.1886
1749261874,0.18760000,30253.00000000,0.1886
1749261874,0.18750000,11843.00000000,0.1886
1749261874,0.18740000,80819.00000000,0.1886
1749261874,0.18730000,15483.00000000,0.1886
1749261874,0.18720000,11589.00000000,0.1886
1749261874,0.18710000,11233.00000000,0.1886
1749261874,0.18700000,12539.00000000,0.1886
1749261874,0.18690000,4524.00000000,0.1886
1749261874,0.18680000,65072.00000000,0.1886
1749261874,0.18670000,56965.00000000,0.1886
1749261874,0.18660000,10259.00000000,0.1886
1749261874,0.18650000,95.00000000,0.1886
1749261874,0.18640000,15986.00000000,0.1886
1749261874,0.18630000,4520.00000000,0.1886
1749261874,0.18620000,11328.00000000,0.1886
1749261874,0.18610000,380.00000000,0.1886
1749261874,0.18600000,3464.00000000,0.1886
1749261874,0.18590000,42701.00000000,0.1886
1749261874,0.18580000,18228.00000000,0.1886
1749261874,0.18570000,366.00000000,0.1886
1749261874,0.18560000,9470.00000000,0.1886
1749261874,0.18550000,8598.00000000,0.1886
1749261874,0.18540000,54.00000000,0.1886
1749261874,0.18530000,16530.00000000,0.1886
1749261874,0.18520000,15289.00000000,0.1886
1749261874,0.18510000,54.00000000,0.1886
1749261874,0.18500000,945.00000000,0.1886
1749261874,0.18490000,126.00000000,0.1886
1749261874,0.18480000,1560.00000000,0.1886
1749261874,0.18470000,1346.00000000,0.1886
1749261874,0.18460000,2860.00000000,0.1886
1749261874,0.18450000,14104.00000000,0.1886
1749261874,0.18440000,92.00000000,0.1886
1749261874,0.18430000,200.00000000,0.1886
1749261874,0.18420000,616.00000000,0.1886
1749261874,0.18410000,97.00000000,0.1886
1749261874,0.18400000,108.00000000,0.1886
1749261874,0.18390000,2029.00000000,0.1886
1749261874,0.18380000,337.00000000,0.1886
1749261874,0.18370000,217.00000000,0.1886
1749261874,0.18360000,54.00000000,0.1886
1749261874,0.18350000,2552.00000000,0.1886
1749261874,0.18340000,227.00000000,0.1886
1749261874,0.18330000,1484.00000000,0.1886
1749261874,0.18320000,1419.00000000,0.1886
1749261874,0.18310000,15863.00000000,0.1886
1749261874,0.18300000,311.00000000,0.1886
1749261874,0.18290000,54.00000000,0.1886
1749261874,0.18280000,284.00000000,0.1886
1749261874,0.18270000,326.00000000,0.1886
1749261874,0.18260000,118.00000000,0.1886
1749261874,0.18250000,1969.00000000,0.1886
1749261874,0.18240000,336.00000000,0.1886
1749261874,0.18230000,54.00000000,0.1886
1749261874,0.18220000,338.00000000,0.1886
1749261874,0.18210000,53.00000000,0.1886
1749261874,0.18200000,1288.00000000,0.1886
1749261874,0.18190000,53.00000000,0.1886
1749261874,0.18180000,1958.00000000,0.1886
1749261874,0.18170000,6872.00000000,0.1886
1749261874,0.18160000,619.00000000,0.1886
1749261874,0.18150000,3357.00000000,0.1886
1749261874,0.18140000,1116.00000000,0.1886
1749261874,0.18130000,54.00000000,0.1886
1749261874,0.18120000,2337.00000000,0.1886
1749261874,0.18110000,4120.00000000,0.1886
1749261874,0.18100000,3048.00000000,0.1886
1749261874,0.18090000,742.00000000,0.1886
1749261874,0.18080000,2506.00000000,0.1886
1749261874,0.18070000,151.00000000,0.1886
1749261874,0.18060000,121.00000000,0.1886
1749261874,0.18050000,1332.00000000,0.1886
1749261874,0.18040000,4180.00000000,0.1886
1749261874,0.18030000,167.00000000,0.1886
1749261874,0.18010000,184.00000000,0.1886
1749261874,0.18000000,7833.00000000,0.1886
1749261874,0.17990000,71.00000000,0.1886
1749261874,0.17980000,437.00000000,0.1886
1749261874,0.17970000,272.00000000,0.1886
1749261874,0.17960000,300.00000000,0.1886
1749261874,0.17950000,319.00000000,0.1886
1749261874,0.17940000,3062.00000000,0.1886
1749261874,0.17910000,104.00000000,0.1886
1749261874,0.17900000,8311.00000000,0.1886
1749261874,0.17890000,8350.00000000,0.1886
1749261874,0.17880000,248.00000000,0.1886
1749261874,0.17860000,3556.00000000,0.1886
1749261874,0.17850000,5651.00000000,0.1886
1749261874,0.17840000,2802.00000000,0.1886
1749261874,0.17830000,104.00000000,0.1886
1749262175,0.18850000,540.00000000,0.1885
1749262175,0.18840000,43932.00000000,0.1885
1749262175,0.18830000,82862.00000000,0.1885
1749262175,0.18820000,159964.00000000,0.1885
1749262175,0.18810000,85661.00000000,0.1885
1749262175,0.18800000,94566.00000000,0.1885
1749262175,0.18790000,61726.00000000,0.1885
1749262175,0.18780000,119856.00000000,0.1885
1749262175,0.18770000,59071.00000000,0.1885
1749262175,0.18760000,75090.00000000,0.1885
1749262175,0.18750000,23414.00000000,0.1885
1749262175,0.18740000,82080.00000000,0.1885
1749262175,0.18730000,10168.00000000,0.1885
1749262175,0.18720000,14978.00000000,0.1885
1749262175,0.18710000,11233.00000000,0.1885
1749262175,0.18700000,12539.00000000,0.1885
1749262175,0.18690000,3193.00000000,0.1885
1749262175,0.18680000,70401.00000000,0.1885
1749262175,0.18670000,3355.00000000,0.1885
1749262175,0.18660000,63180.00000000,0.1885
1749262175,0.18650000,5173.00000000,0.1885
1749262175,0.18640000,17320.00000000,0.1885
1749262175,0.18630000,4768.00000000,0.1885
1749262175,0.18620000,11328.00000000,0.1885
1749262175,0.18610000,132.00000000,0.1885
1749262175,0.18600000,3464.00000000,0.1885
1749262175,0.18590000,42701.00000000,0.1885
1749262175,0.18580000,18228.00000000,0.1885
1749262175,0.18570000,366.00000000,0.1885
1749262175,0.18560000,9470.00000000,0.1885
1749262175,0.18550000,8598.00000000,0.1885
1749262175,0.18540000,54.00000000,0.1885
1749262175,0.18530000,16530.00000000,0.1885
1749262175,0.18520000,7750.00000000,0.1885
1749262175,0.18510000,54.00000000,0.1885
1749262175,0.18500000,945.00000000,0.1885
1749262175,0.18490000,126.00000000,0.1885
1749262175,0.18480000,9116.00000000,0.1885
1749262175,0.18470000,1346.00000000,0.1885
1749262175,0.18460000,2860.00000000,0.1885
1749262175,0.18450000,14104.00000000,0.1885
1749262175,0.18440000,92.00000000,0.1885
1749262175,0.18430000,200.00000000,0.1885
1749262175,0.18420000,616.00000000,0.1885
1749262175,0.18410000,97.00000000,0.1885
1749262175,0.18400000,108.00000000,0.1885
1749262175,0.18390000,2029.00000000,0.1885
1749262175,0.18380000,337.00000000,0.1885
1749262175,0.18370000,217.00000000,0.1885
1749262175,0.18360000,54.00000000,0.1885
1749262175,0.18350000,2552.00000000,0.1885
1749262175,0.18340000,227.00000000,0.1885
1749262175,0.18330000,1484.00000000,0.1885
1749262175,0.18320000,1419.00000000,0.1885
1749262175,0.18310000,15863.00000000,0.1885
1749262175,0.18300000,311.00000000,0.1885
1749262175,0.18290000,54.00000000,0.1885
1749262175,0.18280000,284.00000000,0.1885
1749262175,0.18270000,326.00000000,0.1885
1749262175,0.18260000,118.00000000,0.1885
1749262175,0.18250000,1969.00000000,0.1885
1749262175,0.18240000,336.00000000,0.1885
1749262175,0.18230000,54.00000000,0.1885
1749262175,0.18220000,338.00000000,0.1885
1749262175,0.18210000,53.00000000,0.1885
1749262175,0.18200000,1288.00000000,0.1885
1749262175,0.18190000,53.00000000,0.1885
1749262175,0.18180000,1958.00000000,0.1885
1749262175,0.18170000,6872.00000000,0.1885
1749262175,0.18160000,619.00000000,0.1885
1749262175,0.18150000,3357.00000000,0.1885
1749262175,0.18140000,1116.00000000,0.1885
1749262175,0.18130000,54.00000000,0.1885
1749262175,0.18120000,2337.00000000,0.1885
1749262175,0.18110000,4120.00000000,0.1885
1749262175,0.18100000,3102.00000000,0.1885
1749262175,0.18090000,742.00000000,0.1885
1749262175,0.18080000,2506.00000000,0.1885
1749262175,0.18070000,151.00000000,0.1885
1749262175,0.18060000,121.00000000,0.1885
1749262175,0.18050000,1332.00000000,0.1885
1749262175,0.18040000,4180.00000000,0.1885
1749262175,0.18030000,167.00000000,0.1885
1749262175,0.18010000,184.00000000,0.1885
1749262175,0.18000000,7833.00000000,0.1885
1749262175,0.17990000,71.00000000,0.1885
1749262175,0.17980000,437.00000000,0.1885
1749262175,0.17970000,272.00000000,0.1885
1749262175,0.17960000,300.00000000,0.1885
1749262175,0.17950000,319.00000000,0.1885
1749262175,0.17940000,3062.00000000,0.1885
1749262175,0.17910000,104.00000000,0.1885
1749262175,0.17900000,8311.00000000,0.1885
1749262175,0.17890000,8350.00000000,0.1885
1749262175,0.17880000,248.00000000,0.1885
1749262175,0.17860000,3556.00000000,0.1885
1749262175,0.17850000,5651.00000000,0.1885
1749262175,0.17840000,2802.00000000,0.1885
1749262175,0.17830000,104.00000000,0.1885
1749262175,0.17820000,272.00000000,0.1885
1749262476,0.18880000,1540.00000000,0.1887
1749262476,0.18870000,59368.00000000,0.1887
1749262476,0.18860000,99069.00000000,0.1887
1749262476,0.18850000,112040.00000000,0.1887
1749262476,0.18840000,118470.00000000,0.1887
1749262476,0.18830000,69306.00000000,0.1887
1749262476,0.18820000,148296.00000000,0.1887
1749262476,0.18810000,31542.00000000,0.1887
1749262476,0.18800000,62239.00000000,0.1887
1749262476,0.18790000,13329.00000000,0.1887
1749262476,0.18780000,90921.00000000,0.1887
1749262476,0.18770000,24638.00000000,0.1887
1749262476,0.18760000,12621.00000000,0.1887
1749262476,0.18750000,7199.00000000,0.1887
1749262476,0.18740000,76814.00000000,0.1887
1749262476,0.18730000,8821.00000000,0.1887
1749262476,0.18720000,7584.00000000,0.1887
1749262476,0.18710000,56047.00000000,0.1887
1749262476,0.18700000,8495.00000000,0.1887
1749262476,0.18690000,12712.00000000,0.1887
1749262476,0.18680000,65072.00000000,0.1887
1749262476,0.18670000,3355.00000000,0.1887
1749262476,0.18660000,10259.00000000,0.1887
1749262476,0.18650000,3155.00000000,0.1887
1749262476,0.18640000,8495.00000000,0.1887
1749262476,0.18630000,19562.00000000,0.1887
1749262476,0.18620000,11328.00000000,0.1887
1749262476,0.18610000,132.00000000,0.1887
1749262476,0.18600000,404.00000000,0.1887
1749262476,0.18590000,39641.00000000,0.1887
1749262476,0.18580000,7609.00000000,0.1887
1749262476,0.18570000,366.00000000,0.1887
1749262476,0.18560000,6410.00000000,0.1887
1749262476,0.18550000,8598.00000000,0.1887
1749262476,0.18540000,54.00000000,0.1887
1749262476,0.18530000,16530.00000000,0.1887
1749262476,0.18520000,7750.00000000,0.1887
1749262476,0.18510000,54.00000000,0.1887
1749262476,0.18500000,945.00000000,0.1887
1749262476,0.18490000,126.00000000,0.1887
1749262476,0.18480000,1560.00000000,0.1887
1749262476,0.18470000,1346.00000000,0.1887
1749262476,0.18460000,2860.00000000,0.1887
1749262476,0.18450000,14104.00000000,0.1887
1749262476,0.18440000,92.00000000,0.1887
1749262476,0.18430000,200.00000000,0.1887
1749262476,0.18420000,616.00000000,0.1887
1749262476,0.18410000,97.00000000,0.1887
1749262476,0.18400000,108.00000000,0.1887
1749262476,0.18390000,2029.00000000,0.1887
1749262476,0.18380000,337.00000000,0.1887
1749262476,0.18370000,217.00000000,0.1887
1749262476,0.18360000,54.00000000,0.1887
1749262476,0.18350000,2552.00000000,0.1887
1749262476,0.18340000,227.00000000,0.1887
1749262476,0.18330000,1484.00000000,0.1887
1749262476,0.18320000,1419.00000000,0.1887
1749262476,0.18310000,15863.00000000,0.1887
1749262476,0.18300000,311.00000000,0.1887
1749262476,0.18290000,54.00000000,0.1887
1749262476,0.18280000,284.00000000,0.1887
1749262476,0.18270000,326.00000000,0.1887
1749262476,0.18260000,118.00000000,0.1887
1749262476,0.18250000,1969.00000000,0.1887
1749262476,0.18240000,336.00000000,0.1887
1749262476,0.18230000,54.00000000,0.1887
1749262476,0.18220000,338.00000000,0.1887
1749262476,0.18210000,53.00000000,0.1887
1749262476,0.18200000,1288.00000000,0.1887
1749262476,0.18190000,1112.00000000,0.1887
1749262476,0.18180000,1958.00000000,0.1887
1749262476,0.18170000,6872.00000000,0.1887
1749262476,0.18160000,619.00000000,0.1887
1749262476,0.18150000,3357.00000000,0.1887
1749262476,0.18140000,54.00000000,0.1887
1749262476,0.18130000,54.00000000,0.1887
1749262476,0.18120000,2283.00000000,0.1887
1749262476,0.18110000,4066.00000000,0.1887
1749262476,0.18100000,3048.00000000,0.1887
1749262476,0.18090000,742.00000000,0.1887
1749262476,0.18080000,2506.00000000,0.1887
1749262476,0.18070000,151.00000000,0.1887
1749262476,0.18060000,121.00000000,0.1887
1749262476,0.18050000,1332.00000000,0.1887
1749262476,0.18040000,4180.00000000,0.1887
1749262476,0.18030000,167.00000000,0.1887
1749262476,0.18010000,184.00000000,0.1887
1749262476,0.18000000,7833.00000000,0.1887
1749262476,0.17990000,71.00000000,0.1887
1749262476,0.17980000,437.00000000,0.1887
1749262476,0.17970000,272.00000000,0.1887
1749262476,0.17960000,300.00000000,0.1887
1749262476,0.17950000,319.00000000,0.1887
1749262476,0.17940000,3062.00000000,0.1887
1749262476,0.17910000,104.00000000,0.1887
1749262476,0.17900000,8311.00000000,0.1887
1749262476,0.17890000,8350.00000000,0.1887
1749262476,0.17880000,248.00000000,0.1887
1749262476,0.17860000,3556.00000000,0.1887
1749262476,0.17850000,5651.00000000,0.1887
1749262778,0.18880000,20574.00000000,0.1889
1749262778,0.18870000,161355.00000000,0.1889
1749262778,0.18860000,154343.00000000,0.1889
1749262778,0.18850000,143750.00000000,0.1889
1749262778,0.18840000,57838.00000000,0.1889
1749262778,0.18830000,60786.00000000,0.1889
1749262778,0.18820000,149216.00000000,0.1889
1749262778,0.18810000,20062.00000000,0.1889
1749262778,0.18800000,81626.00000000,0.1889
1749262778,0.18790000,24259.00000000,0.1889
1749262778,0.18780000,84814.00000000,0.1889
1749262778,0.18770000,24638.00000000,0.1889
1749262778,0.18760000,12621.00000000,0.1889
1749262778,0.18750000,3194.00000000,0.1889
1749262778,0.18740000,8563.00000000,0.1889
1749262778,0.18730000,8821.00000000,0.1889
1749262778,0.18720000,64089.00000000,0.1889
1749262778,0.18710000,3155.00000000,0.1889
1749262778,0.18700000,9496.00000000,0.1889
1749262778,0.18690000,12712.00000000,0.1889
1749262778,0.18680000,10069.00000000,0.1889
1749262778,0.18670000,3566.00000000,0.1889
1749262778,0.18660000,10259.00000000,0.1889
1749262778,0.18650000,95.00000000,0.1889
1749262778,0.18640000,8495.00000000,0.1889
1749262778,0.18630000,54691.00000000,0.1889
1749262778,0.18620000,15555.00000000,0.1889
1749262778,0.18610000,132.00000000,0.1889
1749262778,0.18600000,404.00000000,0.1889
1749262778,0.18590000,5782.00000000,0.1889
1749262778,0.18580000,94.00000000,0.1889
1749262778,0.18570000,366.00000000,0.1889
1749262778,0.18560000,13933.00000000,0.1889
1749262778,0.18550000,8598.00000000,0.1889
1749262778,0.18540000,54.00000000,0.1889
1749262778,0.18530000,16530.00000000,0.1889
1749262778,0.18520000,211.00000000,0.1889
1749262778,0.18510000,54.00000000,0.1889
1749262778,0.18500000,945.00000000,0.1889
1749262778,0.18490000,13906.00000000,0.1889
1749262778,0.18480000,4228.00000000,0.1889
1749262778,0.18470000,1346.00000000,0.1889
1749262778,0.18460000,254.00000000,0.1889
1749262778,0.18450000,293.00000000,0.1889
1749262778,0.18440000,92.00000000,0.1889
1749262778,0.18430000,200.00000000,0.1889
1749262778,0.18420000,616.00000000,0.1889
1749262778,0.18410000,97.00000000,0.1889
1749262778,0.18400000,108.00000000,0.1889
1749262778,0.18390000,2029.00000000,0.1889
1749262778,0.18380000,337.00000000,0.1889
1749262778,0.18370000,217.00000000,0.1889
1749262778,0.18360000,54.00000000,0.1889
1749262778,0.18350000,16048.00000000,0.1889
1749262778,0.18340000,227.00000000,0.1889
1749262778,0.18330000,1484.00000000,0.1889
1749262778,0.18320000,1419.00000000,0.1889
1749262778,0.18310000,2014.00000000,0.1889
1749262778,0.18300000,311.00000000,0.1889
1749262778,0.18290000,54.00000000,0.1889
1749262778,0.18280000,284.00000000,0.1889
1749262778,0.18270000,326.00000000,0.1889
1749262778,0.18260000,118.00000000,0.1889
1749262778,0.18250000,1969.00000000,0.1889
1749262778,0.18240000,336.00000000,0.1889
1749262778,0.18230000,54.00000000,0.1889
1749262778,0.18220000,338.00000000,0.1889
1749262778,0.18210000,53.00000000,0.1889
1749262778,0.18200000,8178.00000000,0.1889
1749262778,0.18190000,1112.00000000,0.1889
1749262778,0.18180000,1958.00000000,0.1889
1749262778,0.18170000,96.00000000,0.1889
1749262778,0.18160000,619.00000000,0.1889
1749262778,0.18150000,3357.00000000,0.1889
1749262778,0.18140000,54.00000000,0.1889
1749262778,0.18130000,54.00000000,0.1889
1749262778,0.18120000,2283.00000000,0.1889
1749262778,0.18110000,4066.00000000,0.1889
1749262778,0.18100000,3048.00000000,0.1889
1749262778,0.18090000,742.00000000,0.1889
1749262778,0.18080000,2506.00000000,0.1889
1749262778,0.18070000,151.00000000,0.1889
1749262778,0.18060000,121.00000000,0.1889
1749262778,0.18050000,1332.00000000,0.1889
1749262778,0.18040000,4180.00000000,0.1889
1749262778,0.18030000,167.00000000,0.1889
1749262778,0.18010000,184.00000000,0.1889
1749262778,0.18000000,7833.00000000,0.1889
1749262778,0.17990000,71.00000000,0.1889
1749262778,0.17980000,437.00000000,0.1889
1749262778,0.17970000,272.00000000,0.1889
1749262778,0.17960000,300.00000000,0.1889
1749262778,0.17950000,319.00000000,0.1889
1749262778,0.17940000,3062.00000000,0.1889
1749262778,0.17910000,104.00000000,0.1889
1749262778,0.17900000,8311.00000000,0.1889
1749262778,0.17890000,8350.00000000,0.1889
1749262778,0.17880000,248.00000000,0.1889
1749262778,0.17860000,3556.00000000,0.1889
1749262778,0.17850000,5651.00000000,0.1889
1749263080,0.18890000,25312.00000000,0.189
1749263080,0.18880000,146844.00000000,0.189
1749263080,0.18870000,140229.00000000,0.189
1749263080,0.18860000,109727.00000000,0.189
1749263080,0.18850000,82916.00000000,0.189
1749263080,0.18840000,111179.00000000,0.189
1749263080,0.18830000,23853.00000000,0.189
1749263080,0.18820000,95244.00000000,0.189
1749263080,0.18810000,13075.00000000,0.189
1749263080,0.18800000,92800.00000000,0.189
1749263080,0.18790000,13329.00000000,0.189
1749263080,0.18780000,81434.00000000,0.189
1749263080,0.18770000,24638.00000000,0.189
1749263080,0.18760000,12621.00000000,0.189
1749263080,0.18750000,3194.00000000,0.189
1749263080,0.18740000,8563.00000000,0.189
1749263080,0.18730000,8821.00000000,0.189
1749263080,0.18720000,64089.00000000,0.189
1749263080,0.18710000,3155.00000000,0.189
1749263080,0.18700000,9525.00000000,0.189
1749263080,0.18690000,12683.00000000,0.189
1749263080,0.18680000,10069.00000000,0.189
1749263080,0.18670000,3566.00000000,0.189
1749263080,0.18660000,10259.00000000,0.189
1749263080,0.18650000,95.00000000,0.189
1749263080,0.18640000,8495.00000000,0.189
1749263080,0.18630000,51631.00000000,0.189
1749263080,0.18620000,8056.00000000,0.189
1749263080,0.18610000,132.00000000,0.189
1749263080,0.18600000,404.00000000,0.189
1749263080,0.18590000,5782.00000000,0.189
1749263080,0.18580000,7609.00000000,0.189
1749263080,0.18570000,366.00000000,0.189
1749263080,0.18560000,13933.00000000,0.189
1749263080,0.18550000,8598.00000000,0.189
1749263080,0.18540000,54.00000000,0.189
1749263080,0.18530000,16530.00000000,0.189
1749263080,0.18520000,211.00000000,0.189
1749263080,0.18510000,54.00000000,0.189
1749263080,0.18500000,945.00000000,0.189
1749263080,0.18490000,13906.00000000,0.189
1749263080,0.18480000,1560.00000000,0.189
1749263080,0.18470000,1346.00000000,0.189
1749263080,0.18460000,2941.00000000,0.189
1749263080,0.18450000,293.00000000,0.189
1749263080,0.18440000,92.00000000,0.189
1749263080,0.18430000,200.00000000,0.189
1749263080,0.18420000,616.00000000,0.189
1749263080,0.18410000,97.00000000,0.189
1749263080,0.18400000,108.00000000,0.189
1749263080,0.18390000,2029.00000000,0.189
1749263080,0.18380000,337.00000000,0.189
1749263080,0.18370000,217.00000000,0.189
1749263080,0.18360000,54.00000000,0.189
1749263080,0.18350000,16048.00000000,0.189
1749263080,0.18340000,227.00000000,0.189
1749263080,0.18330000,1484.00000000,0.189
1749263080,0.18320000,1419.00000000,0.189
1749263080,0.18310000,2014.00000000,0.189
1749263080,0.18300000,311.00000000,0.189
1749263080,0.18290000,54.00000000,0.189
1749263080,0.18280000,284.00000000,0.189
1749263080,0.18270000,326.00000000,0.189
1749263080,0.18260000,118.00000000,0.189
1749263080,0.18250000,1969.00000000,0.189
1749263080,0.18240000,336.00000000,0.189
1749263080,0.18230000,54.00000000,0.189
1749263080,0.18220000,338.00000000,0.189
1749263080,0.18210000,53.00000000,0.189
1749263080,0.18200000,8178.00000000,0.189
1749263080,0.18190000,1112.00000000,0.189
1749263080,0.18180000,1958.00000000,0.189
1749263080,0.18170000,96.00000000,0.189
1749263080,0.18160000,619.00000000,0.189
1749263080,0.18150000,3357.00000000,0.189
1749263080,0.18140000,54.00000000,0.189
1749263080,0.18120000,2283.00000000,0.189
1749263080,0.18110000,4066.00000000,0.189
1749263080,0.18100000,3048.00000000,0.189
1749263080,0.18090000,742.00000000,0.189
1749263080,0.18080000,2506.00000000,0.189
1749263080,0.18070000,151.00000000,0.189
1749263080,0.18060000,121.00000000,0.189
1749263080,0.18050000,1332.00000000,0.189
1749263080,0.18040000,4180.00000000,0.189
1749263080,0.18030000,167.00000000,0.189
1749263080,0.18010000,184.00000000,0.189
1749263080,0.18000000,7833.00000000,0.189
1749263080,0.17990000,71.00000000,0.189
1749263080,0.17980000,437.00000000,0.189
1749263080,0.17970000,272.00000000,0.189
1749263080,0.17960000,300.00000000,0.189
1749263080,0.17950000,319.00000000,0.189
1749263080,0.17940000,3062.00000000,0.189
1749263080,0.17910000,104.00000000,0.189
1749263080,0.17900000,8311.00000000,0.189
1749263080,0.17890000,8350.00000000,0.189
1749263080,0.17880000,248.00000000,0.189
1749263080,0.17860000,3556.00000000,0.189
1749263080,0.17850000,5651.00000000,0.189
1749263381,0.18880000,18979.00000000,0.1889
1749263381,0.18870000,68409.00000000,0.1889
1749263381,0.18860000,189539.00000000,0.1889
1749263381,0.18850000,179299.00000000,0.1889
1749263381,0.18840000,97558.00000000,0.1889
1749263381,0.18830000,59947.00000000,0.1889
1749263381,0.18820000,139109.00000000,0.1889
1749263381,0.18810000,43054.00000000,0.1889
1749263381,0.18800000,81102.00000000,0.1889
1749263381,0.18790000,26066.00000000,0.1889
1749263381,0.18780000,81434.00000000,0.1889
1749263381,0.18770000,19833.00000000,0.1889
1749263381,0.18760000,16006.00000000,0.1889
1749263381,0.18750000,8505.00000000,0.1889
1749263381,0.18740000,16671.00000000,0.1889
1749263381,0.18730000,3506.00000000,0.1889
1749263381,0.18720000,64089.00000000,0.1889
1749263381,0.18710000,3155.00000000,0.1889
1749263381,0.18700000,9496.00000000,0.1889
1749263381,0.18690000,12712.00000000,0.1889
1749263381,0.18680000,10069.00000000,0.1889
1749263381,0.18670000,3566.00000000,0.1889
1749263381,0.18660000,10259.00000000,0.1889
1749263381,0.18650000,95.00000000,0.1889
1749263381,0.18640000,8495.00000000,0.1889
1749263381,0.18630000,54691.00000000,0.1889
1749263381,0.18620000,8056.00000000,0.1889
1749263381,0.18610000,132.00000000,0.1889
1749263381,0.18600000,404.00000000,0.1889
1749263381,0.18590000,5782.00000000,0.1889
1749263381,0.18580000,7609.00000000,0.1889
1749263381,0.18570000,366.00000000,0.1889
1749263381,0.18560000,13933.00000000,0.1889
1749263381,0.18550000,8598.00000000,0.1889
1749263381,0.18540000,54.00000000,0.1889
1749263381,0.18530000,16530.00000000,0.1889
1749263381,0.18520000,211.00000000,0.1889
1749263381,0.18510000,54.00000000,0.1889
1749263381,0.18500000,945.00000000,0.1889
1749263381,0.18490000,13906.00000000,0.1889
1749263381,0.18480000,1560.00000000,0.1889
1749263381,0.18470000,1346.00000000,0.1889
1749263381,0.18460000,2941.00000000,0.1889
1749263381,0.18450000,293.00000000,0.1889
1749263381,0.18440000,92.00000000,0.1889
1749263381,0.18430000,200.00000000,0.1889
1749263381,0.18420000,616.00000000,0.1889
1749263381,0.18410000,97.00000000,0.1889
1749263381,0.18400000,108.00000000,0.1889
1749263381,0.18390000,2029.00000000,0.1889
1749263381,0.18380000,337.00000000,0.1889
1749263381,0.18370000,217.00000000,0.1889
1749263381,0.18360000,54.00000000,0.1889
1749263381,0.18350000,16048.00000000,0.1889
1749263381,0.18340000,227.00000000,0.1889
1749263381,0.18330000,1484.00000000,0.1889
1749263381,0.18320000,1419.00000000,0.1889
1749263381,0.18310000,2014.00000000,0.1889
1749263381,0.18300000,311.00000000,0.1889
1749263381,0.18290000,54.00000000,0.1889
1749263381,0.18280000,284.00000000,0.1889
1749263381,0.18270000,326.00000000,0.1889
1749263381,0.18260000,118.00000000,0.1889
1749263381,0.18250000,1969.00000000,0.1889
1749263381,0.18240000,336.00000000,0.1889
1749263381,0.18230000,54.00000000,0.1889
1749263381,0.18220000,338.00000000,0.1889
1749263381,0.18210000,53.00000000,0.1889
1749263381,0.18200000,8178.00000000,0.1889
1749263381,0.18190000,53.00000000,0.1889
1749263381,0.18180000,1958.00000000,0.1889
1749263381,0.18170000,1157.00000000,0.1889
1749263381,0.18160000,619.00000000,0.1889
1749263381,0.18150000,3357.00000000,0.1889
1749263381,0.18140000,53.00000000,0.1889
1749263381,0.18130000,54.00000000,0.1889
1749263381,0.18120000,2283.00000000,0.1889
1749263381,0.18110000,4066.00000000,0.1889
1749263381,0.18100000,3048.00000000,0.1889
1749263381,0.18090000,742.00000000,0.1889
1749263381,0.18080000,2506.00000000,0.1889
1749263381,0.18070000,151.00000000,0.1889
1749263381,0.18060000,121.00000000,0.1889
1749263381,0.18050000,1332.00000000,0.1889
1749263381,0.18040000,4180.00000000,0.1889
1749263381,0.18030000,167.00000000,0.1889
1749263381,0.18010000,184.00000000,0.1889
1749263381,0.18000000,7833.00000000,0.1889
1749263381,0.17990000,71.00000000,0.1889
1749263381,0.17980000,437.00000000,0.1889
1749263381,0.17970000,272.00000000,0.1889
1749263381,0.17960000,300.00000000,0.1889
1749263381,0.17950000,319.00000000,0.1889
1749263381,0.17940000,3062.00000000,0.1889
1749263381,0.17910000,104.00000000,0.1889
1749263381,0.17900000,8311.00000000,0.1889
1749263381,0.17890000,8350.00000000,0.1889
1749263381,0.17880000,248.00000000,0.1889
1749263381,0.17860000,3556.00000000,0.1889
1749263381,0.17850000,5651.00000000,0.1889
1749263683,0.18850000,19228.00000000,0.1886
1749263683,0.18840000,69550.00000000,0.1886
1749263683,0.18830000,195190.00000000,0.1886
1749263683,0.18820000,133565.00000000,0.1886
1749263683,0.18810000,97354.00000000,0.1886
1749263683,0.18800000,97877.00000000,0.1886
1749263683,0.18790000,29897.00000000,0.1886
1749263683,0.18780000,142694.00000000,0.1886
1749263683,0.18770000,83461.00000000,0.1886
1749263683,0.18760000,30337.00000000,0.1886
1749263683,0.18750000,15895.00000000,0.1886
1749263683,0.18740000,80109.00000000,0.1886
1749263683,0.18730000,6895.00000000,0.1886
1749263683,0.18720000,68094.00000000,0.1886
1749263683,0.18710000,11323.00000000,0.1886
1749263683,0.18700000,9496.00000000,0.1886
1749263683,0.18690000,11995.00000000,0.1886
1749263683,0.18680000,10069.00000000,0.1886
1749263683,0.18670000,3566.00000000,0.1886
1749263683,0.18660000,10288.00000000,0.1886
1749263683,0.18650000,784.00000000,0.1886
1749263683,0.18640000,8495.00000000,0.1886
1749263683,0.18630000,39897.00000000,0.1886
1749263683,0.18620000,16496.00000000,0.1886
1749263683,0.18610000,132.00000000,0.1886
1749263683,0.18600000,404.00000000,0.1886
1749263683,0.18590000,8842.00000000,0.1886
1749263683,0.18580000,25620.00000000,0.1886
1749263683,0.18570000,366.00000000,0.1886
1749263683,0.18560000,9470.00000000,0.1886
1749263683,0.18550000,11658.00000000,0.1886
1749263683,0.18540000,54.00000000,0.1886
1749263683,0.18530000,16530.00000000,0.1886
1749263683,0.18520000,211.00000000,0.1886
1749263683,0.18510000,7597.00000000,0.1886
1749263683,0.18500000,945.00000000,0.1886
1749263683,0.18490000,13906.00000000,0.1886
1749263683,0.18480000,1560.00000000,0.1886
1749263683,0.18470000,1346.00000000,0.1886
1749263683,0.18460000,2941.00000000,0.1886
1749263683,0.18450000,293.00000000,0.1886
1749263683,0.18440000,92.00000000,0.1886
1749263683,0.18430000,200.00000000,0.1886
1749263683,0.18420000,616.00000000,0.1886
1749263683,0.18410000,97.00000000,0.1886
1749263683,0.18400000,108.00000000,0.1886
1749263683,0.18390000,2029.00000000,0.1886
1749263683,0.18380000,337.00000000,0.1886
1749263683,0.18370000,217.00000000,0.1886
1749263683,0.18360000,54.00000000,0.1886
1749263683,0.18350000,16048.00000000,0.1886
1749263683,0.18340000,227.00000000,0.1886
1749263683,0.18330000,1484.00000000,0.1886
1749263683,0.18320000,1419.00000000,0.1886
1749263683,0.18310000,2014.00000000,0.1886
1749263683,0.18300000,311.00000000,0.1886
1749263683,0.18290000,54.00000000,0.1886
1749263683,0.18280000,284.00000000,0.1886
1749263683,0.18270000,326.00000000,0.1886
1749263683,0.18260000,118.00000000,0.1886
1749263683,0.18250000,1969.00000000,0.1886
1749263683,0.18240000,336.00000000,0.1886
1749263683,0.18230000,54.00000000,0.1886
1749263683,0.18220000,338.00000000,0.1886
1749263683,0.18210000,53.00000000,0.1886
1749263683,0.18200000,8178.00000000,0.1886
1749263683,0.18190000,53.00000000,0.1886
1749263683,0.18180000,1958.00000000,0.1886
1749263683,0.18170000,1157.00000000,0.1886
1749263683,0.18160000,619.00000000,0.1886
1749263683,0.18150000,3357.00000000,0.1886
1749263683,0.18140000,53.00000000,0.1886
1749263683,0.18130000,54.00000000,0.1886
1749263683,0.18120000,2337.00000000,0.1886
1749263683,0.18110000,4120.00000000,0.1886
1749263683,0.18100000,3102.00000000,0.1886
1749263683,0.18090000,742.00000000,0.1886
1749263683,0.18080000,2506.00000000,0.1886
1749263683,0.18070000,151.00000000,0.1886
1749263683,0.18060000,121.00000000,0.1886
1749263683,0.18050000,1332.00000000,0.1886
1749263683,0.18040000,4180.00000000,0.1886
1749263683,0.18030000,167.00000000,0.1886
1749263683,0.18010000,184.00000000,0.1886
1749263683,0.18000000,7833.00000000,0.1886
1749263683,0.17990000,71.00000000,0.1886
1749263683,0.17980000,437.00000000,0.1886
1749263683,0.17970000,272.00000000,0.1886
1749263683,0.17960000,300.00000000,0.1886
1749263683,0.17950000,319.00000000,0.1886
1749263683,0.17940000,3062.00000000,0.1886
1749263683,0.17910000,104.00000000,0.1886
1749263683,0.17900000,8311.00000000,0.1886
1749263683,0.17890000,8350.00000000,0.1886
1749263683,0.17880000,248.00000000,0.1886
1749263683,0.17860000,3556.00000000,0.1886
1749263683,0.17850000,5651.00000000,0.1886
1749263683,0.17840000,2802.00000000,0.1886
1749263683,0.17830000,104.00000000,0.1886
1749263683,0.17820000,272.00000000,0.1886
1749263984,0.18880000,16469.00000000,0.1889
1749263984,0.18870000,52274.00000000,0.1889
1749263984,0.18860000,104632.00000000,0.1889
1749263984,0.18850000,133144.00000000,0.1889
1749263984,0.18840000,93999.00000000,0.1889
1749263984,0.18830000,60827.00000000,0.1889
1749263984,0.18820000,41707.00000000,0.1889
1749263984,0.18810000,142573.00000000,0.1889
1749263984,0.18800000,66055.00000000,0.1889
1749263984,0.18790000,24752.00000000,0.1889
1749263984,0.18780000,17280.00000000,0.1889
1749263984,0.18770000,75293.00000000,0.1889
1749263984,0.18760000,12621.00000000,0.1889
1749263984,0.18750000,12510.00000000,0.1889
1749263984,0.18740000,88333.00000000,0.1889
1749263984,0.18730000,3506.00000000,0.1889
1749263984,0.18720000,64089.00000000,0.1889
1749263984,0.18710000,3155.00000000,0.1889
1749263984,0.18700000,9496.00000000,0.1889
1749263984,0.18690000,64916.00000000,0.1889
1749263984,0.18680000,10069.00000000,0.1889
1749263984,0.18670000,3566.00000000,0.1889
1749263984,0.18660000,10259.00000000,0.1889
1749263984,0.18650000,784.00000000,0.1889
1749263984,0.18640000,8495.00000000,0.1889
1749263984,0.18630000,39897.00000000,0.1889
1749263984,0.18620000,16496.00000000,0.1889
1749263984,0.18610000,132.00000000,0.1889
1749263984,0.18600000,404.00000000,0.1889
1749263984,0.18590000,13293.00000000,0.1889
1749263984,0.18580000,15045.00000000,0.1889
1749263984,0.18570000,366.00000000,0.1889
1749263984,0.18560000,6410.00000000,0.1889
1749263984,0.18550000,16125.00000000,0.1889
1749263984,0.18540000,54.00000000,0.1889
1749263984,0.18530000,16530.00000000,0.1889
1749263984,0.18520000,211.00000000,0.1889
1749263984,0.18510000,54.00000000,0.1889
1749263984,0.18500000,945.00000000,0.1889
1749263984,0.18490000,13906.00000000,0.1889
1749263984,0.18480000,4394.00000000,0.1889
1749263984,0.18470000,1346.00000000,0.1889
1749263984,0.18460000,254.00000000,0.1889
1749263984,0.18450000,293.00000000,0.1889
1749263984,0.18440000,92.00000000,0.1889
1749263984,0.18430000,200.00000000,0.1889
1749263984,0.18420000,616.00000000,0.1889
1749263984,0.18410000,97.00000000,0.1889
1749263984,0.18400000,108.00000000,0.1889
1749263984,0.18390000,2029.00000000,0.1889
1749263984,0.18380000,337.00000000,0.1889
1749263984,0.18370000,217.00000000,0.1889
1749263984,0.18360000,54.00000000,0.1889
1749263984,0.18350000,16048.00000000,0.1889
1749263984,0.18340000,227.00000000,0.1889
1749263984,0.18330000,1484.00000000,0.1889
1749263984,0.18320000,1419.00000000,0.1889
1749263984,0.18310000,2014.00000000,0.1889
1749263984,0.18300000,311.00000000,0.1889
1749263984,0.18290000,54.00000000,0.1889
1749263984,0.18280000,284.00000000,0.1889
1749263984,0.18270000,326.00000000,0.1889
1749263984,0.18260000,118.00000000,0.1889
1749263984,0.18250000,1969.00000000,0.1889
1749263984,0.18240000,336.00000000,0.1889
1749263984,0.18230000,54.00000000,0.1889
1749263984,0.18220000,338.00000000,0.1889
1749263984,0.18210000,53.00000000,0.1889
1749263984,0.18200000,8178.00000000,0.1889
1749263984,0.18190000,53.00000000,0.1889
1749263984,0.18180000,1958.00000000,0.1889
1749263984,0.18170000,1157.00000000,0.1889
1749263984,0.18160000,619.00000000,0.1889
1749263984,0.18150000,3357.00000000,0.1889
1749263984,0.18140000,53.00000000,0.1889
1749263984,0.18130000,54.00000000,0.1889
1749263984,0.18120000,2283.00000000,0.1889
1749263984,0.18110000,4066.00000000,0.1889
1749263984,0.18100000,3048.00000000,0.1889
1749263984,0.18090000,742.00000000,0.1889
1749263984,0.18080000,2506.00000000,0.1889
1749263984,0.18070000,151.00000000,0.1889
1749263984,0.18060000,121.00000000,0.1889
1749263984,0.18050000,1332.00000000,0.1889
1749263984,0.18040000,4180.00000000,0.1889
1749263984,0.18030000,167.00000000,0.1889
1749263984,0.18010000,184.00000000,0.1889
1749263984,0.18000000,7833.00000000,0.1889
1749263984,0.17990000,71.00000000,0.1889
1749263984,0.17980000,437.00000000,0.1889
1749263984,0.17970000,272.00000000,0.1889
1749263984,0.17960000,300.00000000,0.1889
1749263984,0.17950000,319.00000000,0.1889
1749263984,0.17940000,3062.00000000,0.1889
1749263984,0.17910000,104.00000000,0.1889
1749263984,0.17900000,8311.00000000,0.1889
1749263984,0.17890000,8350.00000000,0.1889
1749263984,0.17880000,248.00000000,0.1889
1749263984,0.17860000,3556.00000000,0.1889
1749263984,0.17850000,5651.00000000,0.1889
1749264286,0.18830000,11458.00000000,0.1884
1749264286,0.18820000,90811.00000000,0.1884
1749264286,0.18810000,180539.00000000,0.1884
1749264286,0.18800000,153346.00000000,0.1884
1749264286,0.18790000,103237.00000000,0.1884
1749264286,0.18780000,68286.00000000,0.1884
1749264286,0.18770000,115835.00000000,0.1884
1749264286,0.18760000,90052.00000000,0.1884
1749264286,0.18750000,10584.00000000,0.1884
1749264286,0.18740000,93756.00000000,0.1884
1749264286,0.18730000,6895.00000000,0.1884
1749264286,0.18720000,68094.00000000,0.1884
1749264286,0.18710000,11220.00000000,0.1884
1749264286,0.18700000,18827.00000000,0.1884
1749264286,0.18690000,4524.00000000,0.1884
1749264286,0.18680000,10069.00000000,0.1884
1749264286,0.18670000,3355.00000000,0.1884
1749264286,0.18660000,10259.00000000,0.1884
1749264286,0.18650000,11331.00000000,0.1884
1749264286,0.18640000,8524.00000000,0.1884
1749264286,0.18630000,39897.00000000,0.1884
1749264286,0.18620000,11328.00000000,0.1884
1749264286,0.18610000,132.00000000,0.1884
1749264286,0.18600000,404.00000000,0.1884
1749264286,0.18590000,8842.00000000,0.1884
1749264286,0.18580000,18105.00000000,0.1884
1749264286,0.18570000,366.00000000,0.1884
1749264286,0.18560000,9470.00000000,0.1884
1749264286,0.18550000,11658.00000000,0.1884
1749264286,0.18540000,54.00000000,0.1884
1749264286,0.18530000,19590.00000000,0.1884
1749264286,0.18520000,211.00000000,0.1884
1749264286,0.18510000,7597.00000000,0.1884
1749264286,0.18500000,8493.00000000,0.1884
1749264286,0.18490000,13906.00000000,0.1884
1749264286,0.18480000,1560.00000000,0.1884
1749264286,0.18470000,1346.00000000,0.1884
1749264286,0.18460000,3046.00000000,0.1884
1749264286,0.18450000,293.00000000,0.1884
1749264286,0.18440000,92.00000000,0.1884
1749264286,0.18430000,200.00000000,0.1884
1749264286,0.18420000,616.00000000,0.1884
1749264286,0.18410000,97.00000000,0.1884
1749264286,0.18400000,108.00000000,0.1884
1749264286,0.18390000,2029.00000000,0.1884
1749264286,0.18380000,337.00000000,0.1884
1749264286,0.18370000,217.00000000,0.1884
1749264286,0.18360000,54.00000000,0.1884
1749264286,0.18350000,16048.00000000,0.1884
1749264286,0.18340000,227.00000000,0.1884
1749264286,0.18330000,1484.00000000,0.1884
1749264286,0.18320000,1419.00000000,0.1884
1749264286,0.18310000,2014.00000000,0.1884
1749264286,0.18300000,311.00000000,0.1884
1749264286,0.18290000,54.00000000,0.1884
1749264286,0.18280000,284.00000000,0.1884
1749264286,0.18270000,326.00000000,0.1884
1749264286,0.18260000,118.00000000,0.1884
1749264286,0.18250000,1969.00000000,0.1884
1749264286,0.18240000,336.00000000,0.1884
1749264286,0.18230000,54.00000000,0.1884
1749264286,0.18220000,338.00000000,0.1884
1749264286,0.18210000,53.00000000,0.1884
1749264286,0.18200000,8178.00000000,0.1884
1749264286,0.18190000,53.00000000,0.1884
1749264286,0.18180000,1958.00000000,0.1884
1749264286,0.18170000,1157.00000000,0.1884
1749264286,0.18160000,619.00000000,0.1884
1749264286,0.18150000,3357.00000000,0.1884
1749264286,0.18140000,53.00000000,0.1884
1749264286,0.18130000,54.00000000,0.1884
1749264286,0.18120000,2337.00000000,0.1884
1749264286,0.18110000,4120.00000000,0.1884
1749264286,0.18100000,3102.00000000,0.1884
1749264286,0.18090000,796.00000000,0.1884
1749264286,0.18080000,2560.00000000,0.1884
1749264286,0.18070000,151.00000000,0.1884
1749264286,0.18060000,121.00000000,0.1884
1749264286,0.18050000,1332.00000000,0.1884
1749264286,0.18040000,4180.00000000,0.1884
1749264286,0.18030000,167.00000000,0.1884
1749264286,0.18010000,184.00000000,0.1884
1749264286,0.18000000,7833.00000000,0.1884
1749264286,0.17990000,71.00000000,0.1884
1749264286,0.17980000,437.00000000,0.1884
1749264286,0.17970000,272.00000000,0.1884
1749264286,0.17960000,300.00000000,0.1884
1749264286,0.17950000,319.00000000,0.1884
1749264286,0.17940000,3062.00000000,0.1884
1749264286,0.17910000,104.00000000,0.1884
1749264286,0.17900000,8311.00000000,0.1884
1749264286,0.17890000,8350.00000000,0.1884
1749264286,0.17880000,248.00000000,0.1884
1749264286,0.17860000,3556.00000000,0.1884
1749264286,0.17850000,5651.00000000,0.1884
1749264286,0.17840000,2802.00000000,0.1884
1749264286,0.17830000,104.00000000,0.1884
1749264286,0.17820000,272.00000000,0.1884
1749264286,0.17800000,6215.00000000,0.1884
1749264286,0.17790000,3347.00000000,0.1884
1749264587,0.18860000,9198.00000000,0.1886
1749264587,0.18850000,52852.00000000,0.1886
1749264587,0.18840000,147302.00000000,0.1886
1749264587,0.18830000,146603.00000000,0.1886
1749264587,0.18820000,103016.00000000,0.1886
1749264587,0.18810000,42120.00000000,0.1886
1749264587,0.18800000,80142.00000000,0.1886
1749264587,0.18790000,87081.00000000,0.1886
1749264587,0.18780000,65858.00000000,0.1886
1749264587,0.18770000,33469.00000000,0.1886
1749264587,0.18760000,84189.00000000,0.1886
1749264587,0.18750000,10584.00000000,0.1886
1749264587,0.18740000,88261.00000000,0.1886
1749264587,0.18730000,3506.00000000,0.1886
1749264587,0.18720000,11589.00000000,0.1886
1749264587,0.18710000,3155.00000000,0.1886
1749264587,0.18700000,18827.00000000,0.1886
1749264587,0.18690000,4524.00000000,0.1886
1749264587,0.18680000,9822.00000000,0.1886
1749264587,0.18670000,3384.00000000,0.1886
1749264587,0.18660000,66764.00000000,0.1886
1749264587,0.18650000,11331.00000000,0.1886
1749264587,0.18640000,8495.00000000,0.1886
1749264587,0.18630000,45522.00000000,0.1886
1749264587,0.18620000,11328.00000000,0.1886
1749264587,0.18610000,132.00000000,0.1886
1749264587,0.18600000,404.00000000,0.1886
1749264587,0.18590000,8842.00000000,0.1886
1749264587,0.18580000,15045.00000000,0.1886
1749264587,0.18570000,366.00000000,0.1886
1749264587,0.18560000,13933.00000000,0.1886
1749264587,0.18550000,8598.00000000,0.1886
1749264587,0.18540000,54.00000000,0.1886
1749264587,0.18530000,16530.00000000,0.1886
1749264587,0.18520000,211.00000000,0.1886
1749264587,0.18510000,54.00000000,0.1886
1749264587,0.18500000,8493.00000000,0.1886
1749264587,0.18490000,13906.00000000,0.1886
1749264587,0.18480000,1560.00000000,0.1886
1749264587,0.18470000,1346.00000000,0.1886
1749264587,0.18460000,3046.00000000,0.1886
1749264587,0.18450000,293.00000000,0.1886
1749264587,0.18440000,92.00000000,0.1886
1749264587,0.18430000,200.00000000,0.1886
1749264587,0.18420000,616.00000000,0.1886
1749264587,0.18410000,97.00000000,0.1886
1749264587,0.18400000,108.00000000,0.1886
1749264587,0.18390000,2029.00000000,0.1886
1749264587,0.18380000,337.00000000,0.1886
1749264587,0.18370000,217.00000000,0.1886
1749264587,0.18360000,54.00000000,0.1886
1749264587,0.18350000,16048.00000000,0.1886
1749264587,0.18340000,227.00000000,0.1886
1749264587,0.18330000,1484.00000000,0.1886
1749264587,0.18320000,1419.00000000,0.1886
1749264587,0.18310000,2014.00000000,0.1886
1749264587,0.18300000,311.00000000,0.1886
1749264587,0.18290000,54.00000000,0.1886
1749264587,0.18280000,284.00000000,0.1886
1749264587,0.18270000,326.00000000,0.1886
1749264587,0.18260000,118.00000000,0.1886
1749264587,0.18250000,1969.00000000,0.1886
1749264587,0.18240000,336.00000000,0.1886
1749264587,0.18230000,54.00000000,0.1886
1749264587,0.18220000,338.00000000,0.1886
1749264587,0.18210000,53.00000000,0.1886
1749264587,0.18200000,8178.00000000,0.1886
1749264587,0.18190000,53.00000000,0.1886
1749264587,0.18180000,1958.00000000,0.1886
1749264587,0.18170000,1157.00000000,0.1886
1749264587,0.18160000,619.00000000,0.1886
1749264587,0.18150000,3357.00000000,0.1886
1749264587,0.18140000,53.00000000,0.1886
1749264587,0.18130000,54.00000000,0.1886
1749264587,0.18120000,2337.00000000,0.1886
1749264587,0.18110000,4120.00000000,0.1886
1749264587,0.18100000,3048.00000000,0.1886
1749264587,0.18090000,742.00000000,0.1886
1749264587,0.18080000,2506.00000000,0.1886
1749264587,0.18070000,151.00000000,0.1886
1749264587,0.18060000,121.00000000,0.1886
1749264587,0.18050000,1332.00000000,0.1886
1749264587,0.18040000,4180.00000000,0.1886
1749264587,0.18030000,167.00000000,0.1886
1749264587,0.18010000,184.00000000,0.1886
1749264587,0.18000000,7833.00000000,0.1886
1749264587,0.17990000,71.00000000,0.1886
1749264587,0.17980000,437.00000000,0.1886
1749264587,0.17970000,272.00000000,0.1886
1749264587,0.17960000,300.00000000,0.1886
1749264587,0.17950000,319.00000000,0.1886
1749264587,0.17940000,3062.00000000,0.1886
1749264587,0.17910000,104.00000000,0.1886
1749264587,0.17900000,8311.00000000,0.1886
1749264587,0.17890000,8350.00000000,0.1886
1749264587,0.17880000,248.00000000,0.1886
1749264587,0.17860000,3556.00000000,0.1886
1749264587,0.17850000,5651.00000000,0.1886
1749264587,0.17840000,2802.00000000,0.1886
1749264587,0.17830000,104.00000000,0.1886
1749264889,0.18930000,17616.00000000,0.1893
1749264889,0.18920000,28980.00000000,0.1893
1749264889,0.18910000,98239.00000000,0.1893
1749264889,0.18900000,86263.00000000,0.1893
1749264889,0.18890000,130289.00000000,0.1893
1749264889,0.18880000,110236.00000000,0.1893
1749264889,0.18870000,48123.00000000,0.1893
1749264889,0.18860000,86239.00000000,0.1893
1749264889,0.18850000,38403.00000000,0.1893
1749264889,0.18840000,54527.00000000,0.1893
1749264889,0.18830000,51406.00000000,0.1893
1749264889,0.18820000,68753.00000000,0.1893
1749264889,0.18810000,17179.00000000,0.1893
1749264889,0.18800000,77115.00000000,0.1893
1749264889,0.18790000,7292.00000000,0.1893
1749264889,0.18780000,13893.00000000,0.1893
1749264889,0.18770000,84781.00000000,0.1893
1749264889,0.18760000,8616.00000000,0.1893
1749264889,0.18750000,3194.00000000,0.1893
1749264889,0.18740000,9890.00000000,0.1893
1749264889,0.18730000,12314.00000000,0.1893
1749264889,0.18720000,64049.00000000,0.1893
1749264889,0.18710000,3155.00000000,0.1893
1749264889,0.18700000,9496.00000000,0.1893
1749264889,0.18690000,3193.00000000,0.1893
1749264889,0.18680000,8742.00000000,0.1893
1749264889,0.18670000,4255.00000000,0.1893
1749264889,0.18660000,10259.00000000,0.1893
1749264889,0.18650000,3155.00000000,0.1893
1749264889,0.18640000,12926.00000000,0.1893
1749264889,0.18630000,51812.00000000,0.1893
1749264889,0.18620000,8056.00000000,0.1893
1749264889,0.18610000,132.00000000,0.1893
1749264889,0.18600000,404.00000000,0.1893
1749264889,0.18590000,5782.00000000,0.1893
1749264889,0.18580000,94.00000000,0.1893
1749264889,0.18570000,366.00000000,0.1893
1749264889,0.18560000,13933.00000000,0.1893
1749264889,0.18550000,8759.00000000,0.1893
1749264889,0.18540000,54.00000000,0.1893
1749264889,0.18530000,16530.00000000,0.1893
1749264889,0.18520000,211.00000000,0.1893
1749264889,0.18510000,54.00000000,0.1893
1749264889,0.18500000,945.00000000,0.1893
1749264889,0.18490000,13906.00000000,0.1893
1749264889,0.18480000,1560.00000000,0.1893
1749264889,0.18470000,1346.00000000,0.1893
1749264889,0.18460000,2884.00000000,0.1893
1749264889,0.18450000,293.00000000,0.1893
1749264889,0.18440000,92.00000000,0.1893
1749264889,0.18430000,200.00000000,0.1893
1749264889,0.18420000,616.00000000,0.1893
1749264889,0.18410000,97.00000000,0.1893
1749264889,0.18400000,108.00000000,0.1893
1749264889,0.18390000,2029.00000000,0.1893
1749264889,0.18380000,337.00000000,0.1893
1749264889,0.18370000,217.00000000,0.1893
1749264889,0.18360000,54.00000000,0.1893
1749264889,0.18350000,16048.00000000,0.1893
1749264889,0.18340000,194.00000000,0.1893
1749264889,0.18330000,1484.00000000,0.1893
1749264889,0.18320000,1419.00000000,0.1893
1749264889,0.18310000,2014.00000000,0.1893
1749264889,0.18300000,311.00000000,0.1893
1749264889,0.18290000,54.00000000,0.1893
1749264889,0.18280000,284.00000000,0.1893
1749264889,0.18270000,326.00000000,0.1893
1749264889,0.18260000,118.00000000,0.1893
1749264889,0.18250000,1969.00000000,0.1893
1749264889,0.18240000,336.00000000,0.1893
1749264889,0.18230000,54.00000000,0.1893
1749264889,0.18220000,338.00000000,0.1893
1749264889,0.18210000,53.00000000,0.1893
1749264889,0.18200000,8178.00000000,0.1893
1749264889,0.18190000,53.00000000,0.1893
1749264889,0.18180000,1958.00000000,0.1893
1749264889,0.18170000,1104.00000000,0.1893
1749264889,0.18160000,566.00000000,0.1893
1749264889,0.18150000,3304.00000000,0.1893
1749264889,0.18120000,2283.00000000,0.1893
1749264889,0.18110000,4066.00000000,0.1893
1749264889,0.18100000,3048.00000000,0.1893
1749264889,0.18090000,742.00000000,0.1893
1749264889,0.18080000,2506.00000000,0.1893
1749264889,0.18070000,151.00000000,0.1893
1749264889,0.18060000,121.00000000,0.1893
1749264889,0.18050000,1332.00000000,0.1893
1749264889,0.18040000,4180.00000000,0.1893
1749264889,0.18030000,167.00000000,0.1893
1749264889,0.18010000,184.00000000,0.1893
1749264889,0.18000000,7833.00000000,0.1893
1749264889,0.17990000,71.00000000,0.1893
1749264889,0.17980000,437.00000000,0.1893
1749264889,0.17970000,272.00000000,0.1893
1749264889,0.17960000,300.00000000,0.1893
1749264889,0.17950000,319.00000000,0.1893
1749264889,0.17940000,3062.00000000,0.1893
1749264889,0.17910000,104.00000000,0.1893
1749264889,0.17900000,8311.00000000,0.1893
1749264889,0.17890000,8350.00000000,0.1893
1749265190,0.18920000,18812.00000000,0.1893
1749265190,0.18910000,100232.00000000,0.1893
1749265190,0.18900000,126130.00000000,0.1893
1749265190,0.18890000,134320.00000000,0.1893
1749265190,0.18880000,116083.00000000,0.1893
1749265190,0.18870000,34043.00000000,0.1893
1749265190,0.18860000,75078.00000000,0.1893
1749265190,0.18850000,76323.00000000,0.1893
1749265190,0.18840000,73589.00000000,0.1893
1749265190,0.18830000,28903.00000000,0.1893
1749265190,0.18820000,82636.00000000,0.1893
1749265190,0.18810000,9455.00000000,0.1893
1749265190,0.18800000,93392.00000000,0.1893
1749265190,0.18790000,7292.00000000,0.1893
1749265190,0.18780000,13893.00000000,0.1893
1749265190,0.18770000,9181.00000000,0.1893
1749265190,0.18760000,8616.00000000,0.1893
1749265190,0.18750000,3194.00000000,0.1893
1749265190,0.18740000,9890.00000000,0.1893
1749265190,0.18730000,65414.00000000,0.1893
1749265190,0.18720000,64049.00000000,0.1893
1749265190,0.18710000,3842.00000000,0.1893
1749265190,0.18700000,9496.00000000,0.1893
1749265190,0.18690000,3193.00000000,0.1893
1749265190,0.18680000,8495.00000000,0.1893
1749265190,0.18670000,3566.00000000,0.1893
1749265190,0.18660000,10259.00000000,0.1893
1749265190,0.18650000,95.00000000,0.1893
1749265190,0.18640000,12926.00000000,0.1893
1749265190,0.18630000,51812.00000000,0.1893
1749265190,0.18620000,8056.00000000,0.1893
1749265190,0.18610000,132.00000000,0.1893
1749265190,0.18600000,404.00000000,0.1893
1749265190,0.18590000,5782.00000000,0.1893
1749265190,0.18580000,94.00000000,0.1893
1749265190,0.18570000,366.00000000,0.1893
1749265190,0.18560000,13933.00000000,0.1893
1749265190,0.18550000,8759.00000000,0.1893
1749265190,0.18540000,54.00000000,0.1893
1749265190,0.18530000,16530.00000000,0.1893
1749265190,0.18520000,211.00000000,0.1893
1749265190,0.18510000,54.00000000,0.1893
1749265190,0.18500000,945.00000000,0.1893
1749265190,0.18490000,13906.00000000,0.1893
1749265190,0.18480000,1560.00000000,0.1893
1749265190,0.18470000,1346.00000000,0.1893
1749265190,0.18460000,2763.00000000,0.1893
1749265190,0.18450000,293.00000000,0.1893
1749265190,0.18440000,92.00000000,0.1893
1749265190,0.18430000,200.00000000,0.1893
1749265190,0.18420000,616.00000000,0.1893
1749265190,0.18410000,97.00000000,0.1893
1749265190,0.18400000,108.00000000,0.1893
1749265190,0.18390000,2029.00000000,0.1893
1749265190,0.18380000,337.00000000,0.1893
1749265190,0.18370000,217.00000000,0.1893
1749265190,0.18360000,54.00000000,0.1893
1749265190,0.18350000,16048.00000000,0.1893
1749265190,0.18340000,194.00000000,0.1893
1749265190,0.18330000,1484.00000000,0.1893
1749265190,0.18320000,1419.00000000,0.1893
1749265190,0.18310000,2014.00000000,0.1893
1749265190,0.18300000,311.00000000,0.1893
1749265190,0.18290000,54.00000000,0.1893
1749265190,0.18280000,284.00000000,0.1893
1749265190,0.18270000,326.00000000,0.1893
1749265190,0.18260000,118.00000000,0.1893
1749265190,0.18250000,1969.00000000,0.1893
1749265190,0.18240000,336.00000000,0.1893
1749265190,0.18230000,54.00000000,0.1893
1749265190,0.18220000,1395.00000000,0.1893
1749265190,0.18210000,53.00000000,0.1893
1749265190,0.18200000,8178.00000000,0.1893
1749265190,0.18190000,53.00000000,0.1893
1749265190,0.18180000,1958.00000000,0.1893
1749265190,0.18170000,96.00000000,0.1893
1749265190,0.18160000,566.00000000,0.1893
1749265190,0.18150000,3304.00000000,0.1893
1749265190,0.18120000,2283.00000000,0.1893
1749265190,0.18110000,4066.00000000,0.1893
1749265190,0.18100000,3048.00000000,0.1893
1749265190,0.18090000,742.00000000,0.1893
1749265190,0.18080000,2506.00000000,0.1893
1749265190,0.18070000,151.00000000,0.1893
1749265190,0.18060000,121.00000000,0.1893
1749265190,0.18050000,1332.00000000,0.1893
1749265190,0.18040000,4180.00000000,0.1893
1749265190,0.18030000,167.00000000,0.1893
1749265190,0.18010000,184.00000000,0.1893
1749265190,0.18000000,7833.00000000,0.1893
1749265190,0.17990000,71.00000000,0.1893
1749265190,0.17980000,437.00000000,0.1893
1749265190,0.17970000,272.00000000,0.1893
1749265190,0.17960000,300.00000000,0.1893
1749265190,0.17950000,319.00000000,0.1893
1749265190,0.17940000,3062.00000000,0.1893
1749265190,0.17910000,104.00000000,0.1893
1749265190,0.17900000,8282.00000000,0.1893
1749265190,0.17890000,8350.00000000,0.1893
1749265190,0.17880000,248.00000000,0.1893
1749265492,0.18920000,14929.00000000,0.1893
1749265492,0.18910000,64970.00000000,0.1893
1749265492,0.18900000,153294.00000000,0.1893
1749265492,0.18890000,154904.00000000,0.1893
1749265492,0.18880000,114349.00000000,0.1893
1749265492,0.18870000,50164.00000000,0.1893
1749265492,0.18860000,162517.00000000,0.1893
1749265492,0.18850000,26154.00000000,0.1893
1749265492,0.18840000,28297.00000000,0.1893
1749265492,0.18830000,80783.00000000,0.1893
1749265492,0.18820000,18872.00000000,0.1893
1749265492,0.18810000,9446.00000000,0.1893
1749265492,0.18800000,93399.00000000,0.1893
1749265492,0.18790000,7292.00000000,0.1893
1749265492,0.18780000,9888.00000000,0.1893
1749265492,0.18770000,9181.00000000,0.1893
1749265492,0.18760000,8616.00000000,0.1893
1749265492,0.18750000,5680.00000000,0.1893
1749265492,0.18740000,9890.00000000,0.1893
1749265492,0.18730000,12693.00000000,0.1893
1749265492,0.18720000,64049.00000000,0.1893
1749265492,0.18710000,3842.00000000,0.1893
1749265492,0.18700000,9496.00000000,0.1893
1749265492,0.18690000,3193.00000000,0.1893
1749265492,0.18680000,8495.00000000,0.1893
1749265492,0.18670000,3355.00000000,0.1893
1749265492,0.18660000,10259.00000000,0.1893
1749265492,0.18650000,95.00000000,0.1893
1749265492,0.18640000,12926.00000000,0.1893
1749265492,0.18630000,51812.00000000,0.1893
1749265492,0.18620000,5633.00000000,0.1893
1749265492,0.18610000,132.00000000,0.1893
1749265492,0.18600000,7911.00000000,0.1893
1749265492,0.18590000,5782.00000000,0.1893
1749265492,0.18580000,94.00000000,0.1893
1749265492,0.18570000,366.00000000,0.1893
1749265492,0.18560000,6410.00000000,0.1893
1749265492,0.18550000,8759.00000000,0.1893
1749265492,0.18540000,54.00000000,0.1893
1749265492,0.18530000,16530.00000000,0.1893
1749265492,0.18520000,211.00000000,0.1893
1749265492,0.18510000,54.00000000,0.1893
1749265492,0.18500000,945.00000000,0.1893
1749265492,0.18490000,13906.00000000,0.1893
1749265492,0.18480000,1560.00000000,0.1893
1749265492,0.18470000,1346.00000000,0.1893
1749265492,0.18460000,2700.00000000,0.1893
1749265492,0.18450000,293.00000000,0.1893
1749265492,0.18440000,92.00000000,0.1893
1749265492,0.18430000,200.00000000,0.1893
1749265492,0.18420000,616.00000000,0.1893
1749265492,0.18410000,97.00000000,0.1893
1749265492,0.18400000,108.00000000,0.1893
1749265492,0.18390000,2029.00000000,0.1893
1749265492,0.18380000,337.00000000,0.1893
1749265492,0.18370000,217.00000000,0.1893
1749265492,0.18360000,54.00000000,0.1893
1749265492,0.18350000,16048.00000000,0.1893
1749265492,0.18340000,194.00000000,0.1893
1749265492,0.18330000,1484.00000000,0.1893
1749265492,0.18320000,1419.00000000,0.1893
1749265492,0.18310000,2014.00000000,0.1893
1749265492,0.18300000,311.00000000,0.1893
1749265492,0.18290000,54.00000000,0.1893
1749265492,0.18280000,284.00000000,0.1893
1749265492,0.18270000,326.00000000,0.1893
1749265492,0.18260000,118.00000000,0.1893
1749265492,0.18250000,1969.00000000,0.1893
1749265492,0.18240000,336.00000000,0.1893
1749265492,0.18230000,54.00000000,0.1893
1749265492,0.18220000,338.00000000,0.1893
1749265492,0.18210000,1111.00000000,0.1893
1749265492,0.18200000,8178.00000000,0.1893
1749265492,0.18190000,53.00000000,0.1893
1749265492,0.18180000,1958.00000000,0.1893
1749265492,0.18170000,96.00000000,0.1893
1749265492,0.18160000,566.00000000,0.1893
1749265492,0.18150000,3304.00000000,0.1893
1749265492,0.18120000,2283.00000000,0.1893
1749265492,0.18110000,4066.00000000,0.1893
1749265492,0.18100000,3048.00000000,0.1893
1749265492,0.18090000,742.00000000,0.1893
1749265492,0.18080000,2506.00000000,0.1893
1749265492,0.18070000,151.00000000,0.1893
1749265492,0.18060000,121.00000000,0.1893
1749265492,0.18050000,1332.00000000,0.1893
1749265492,0.18040000,4180.00000000,0.1893
1749265492,0.18030000,167.00000000,0.1893
1749265492,0.18010000,184.00000000,0.1893
1749265492,0.18000000,7833.00000000,0.1893
1749265492,0.17990000,71.00000000,0.1893
1749265492,0.17980000,437.00000000,0.1893
1749265492,0.17970000,272.00000000,0.1893
1749265492,0.17960000,300.00000000,0.1893
1749265492,0.17950000,319.00000000,0.1893
1749265492,0.17940000,3062.00000000,0.1893
1749265492,0.17910000,104.00000000,0.1893
1749265492,0.17900000,8282.00000000,0.1893
1749265492,0.17890000,8350.00000000,0.1893
1749265492,0.17880000,248.00000000,0.1893
1749265793,0.18920000,13444.00000000,0.1892
1749265793,0.18910000,68773.00000000,0.1892
1749265793,0.18900000,111328.00000000,0.1892
1749265793,0.18890000,126422.00000000,0.1892
1749265793,0.18880000,98431.00000000,0.1892
1749265793,0.18870000,63323.00000000,0.1892
1749265793,0.18860000,143372.00000000,0.1892
1749265793,0.18850000,35133.00000000,0.1892
1749265793,0.18840000,34727.00000000,0.1892
1749265793,0.18830000,82690.00000000,0.1892
1749265793,0.18820000,23506.00000000,0.1892
1749265793,0.18810000,9446.00000000,0.1892
1749265793,0.18800000,94181.00000000,0.1892
1749265793,0.18790000,7292.00000000,0.1892
1749265793,0.18780000,9888.00000000,0.1892
1749265793,0.18770000,9181.00000000,0.1892
1749265793,0.18760000,8616.00000000,0.1892
1749265793,0.18750000,5680.00000000,0.1892
1749265793,0.18740000,9890.00000000,0.1892
1749265793,0.18730000,65585.00000000,0.1892
1749265793,0.18720000,64049.00000000,0.1892
1749265793,0.18710000,3842.00000000,0.1892
1749265793,0.18700000,9496.00000000,0.1892
1749265793,0.18690000,3193.00000000,0.1892
1749265793,0.18680000,8495.00000000,0.1892
1749265793,0.18670000,3355.00000000,0.1892
1749265793,0.18660000,10259.00000000,0.1892
1749265793,0.18650000,95.00000000,0.1892
1749265793,0.18640000,12926.00000000,0.1892
1749265793,0.18630000,51812.00000000,0.1892
1749265793,0.18620000,5633.00000000,0.1892
1749265793,0.18610000,132.00000000,0.1892
1749265793,0.18600000,7911.00000000,0.1892
1749265793,0.18590000,5782.00000000,0.1892
1749265793,0.18580000,94.00000000,0.1892
1749265793,0.18570000,366.00000000,0.1892
1749265793,0.18560000,6410.00000000,0.1892
1749265793,0.18550000,8759.00000000,0.1892
1749265793,0.18540000,54.00000000,0.1892
1749265793,0.18530000,16530.00000000,0.1892
1749265793,0.18520000,211.00000000,0.1892
1749265793,0.18510000,54.00000000,0.1892
1749265793,0.18500000,945.00000000,0.1892
1749265793,0.18490000,13906.00000000,0.1892
1749265793,0.18480000,1560.00000000,0.1892
1749265793,0.18470000,1346.00000000,0.1892
1749265793,0.18460000,2700.00000000,0.1892
1749265793,0.18450000,293.00000000,0.1892
1749265793,0.18440000,92.00000000,0.1892
1749265793,0.18430000,200.00000000,0.1892
1749265793,0.18420000,616.00000000,0.1892
1749265793,0.18410000,97.00000000,0.1892
1749265793,0.18400000,108.00000000,0.1892
1749265793,0.18390000,2029.00000000,0.1892
1749265793,0.18380000,337.00000000,0.1892
1749265793,0.18370000,217.00000000,0.1892
1749265793,0.18360000,54.00000000,0.1892
1749265793,0.18350000,16048.00000000,0.1892
1749265793,0.18340000,194.00000000,0.1892
1749265793,0.18330000,1484.00000000,0.1892
1749265793,0.18320000,1419.00000000,0.1892
1749265793,0.18310000,2014.00000000,0.1892
1749265793,0.18300000,311.00000000,0.1892
1749265793,0.18290000,54.00000000,0.1892
1749265793,0.18280000,284.00000000,0.1892
1749265793,0.18270000,326.00000000,0.1892
1749265793,0.18260000,118.00000000,0.1892
1749265793,0.18250000,1969.00000000,0.1892
1749265793,0.18240000,336.00000000,0.1892
1749265793,0.18230000,54.00000000,0.1892
1749265793,0.18220000,338.00000000,0.1892
1749265793,0.18210000,5110.00000000,0.1892
1749265793,0.18200000,8178.00000000,0.1892
1749265793,0.18190000,53.00000000,0.1892
1749265793,0.18180000,1958.00000000,0.1892
1749265793,0.18170000,96.00000000,0.1892
1749265793,0.18160000,566.00000000,0.1892
1749265793,0.18150000,3304.00000000,0.1892
1749265793,0.18120000,2283.00000000,0.1892
1749265793,0.18110000,67.00000000,0.1892
1749265793,0.18100000,3048.00000000,0.1892
1749265793,0.18090000,742.00000000,0.1892
1749265793,0.18080000,2506.00000000,0.1892
1749265793,0.18070000,151.00000000,0.1892
1749265793,0.18060000,121.00000000,0.1892
1749265793,0.18050000,1332.00000000,0.1892
1749265793,0.18040000,4180.00000000,0.1892
1749265793,0.18030000,167.00000000,0.1892
1749265793,0.18010000,184.00000000,0.1892
1749265793,0.18000000,7833.00000000,0.1892
1749265793,0.17990000,71.00000000,0.1892
1749265793,0.17980000,437.00000000,0.1892
1749265793,0.17970000,272.00000000,0.1892
1749265793,0.17960000,300.00000000,0.1892
1749265793,0.17950000,319.00000000,0.1892
1749265793,0.17940000,3062.00000000,0.1892
1749265793,0.17910000,104.00000000,0.1892
1749265793,0.17900000,8282.00000000,0.1892
1749265793,0.17890000,8350.00000000,0.1892
1749265793,0.17880000,248.00000000,0.1892
1749266095,0.18930000,15260.00000000,0.1894
1749266095,0.18920000,80344.00000000,0.1894
1749266095,0.18910000,115415.00000000,0.1894
1749266095,0.18900000,107524.00000000,0.1894
1749266095,0.18890000,99137.00000000,0.1894
1749266095,0.18880000,112127.00000000,0.1894
1749266095,0.18870000,84889.00000000,0.1894
1749266095,0.18860000,91867.00000000,0.1894
1749266095,0.18850000,84377.00000000,0.1894
1749266095,0.18840000,37434.00000000,0.1894
1749266095,0.18830000,13852.00000000,0.1894
1749266095,0.18820000,18872.00000000,0.1894
1749266095,0.18810000,9446.00000000,0.1894
1749266095,0.18800000,88941.00000000,0.1894
1749266095,0.18790000,3479.00000000,0.1894
1749266095,0.18780000,11208.00000000,0.1894
1749266095,0.18770000,16830.00000000,0.1894
1749266095,0.18760000,9496.00000000,0.1894
1749266095,0.18750000,5680.00000000,0.1894
1749266095,0.18740000,9879.00000000,0.1894
1749266095,0.18730000,3427.00000000,0.1894
1749266095,0.18720000,64049.00000000,0.1894
1749266095,0.18710000,3842.00000000,0.1894
1749266095,0.18700000,14853.00000000,0.1894
1749266095,0.18690000,22657.00000000,0.1894
1749266095,0.18680000,5435.00000000,0.1894
1749266095,0.18670000,295.00000000,0.1894
1749266095,0.18660000,7199.00000000,0.1894
1749266095,0.18650000,95.00000000,0.1894
1749266095,0.18640000,5435.00000000,0.1894
1749266095,0.18630000,36837.00000000,0.1894
1749266095,0.18620000,5633.00000000,0.1894
1749266095,0.18610000,132.00000000,0.1894
1749266095,0.18600000,7858.00000000,0.1894
1749266095,0.18590000,5782.00000000,0.1894
1749266095,0.18580000,94.00000000,0.1894
1749266095,0.18570000,366.00000000,0.1894
1749266095,0.18560000,6410.00000000,0.1894
1749266095,0.18550000,8759.00000000,0.1894
1749266095,0.18540000,54.00000000,0.1894
1749266095,0.18530000,16530.00000000,0.1894
1749266095,0.18520000,211.00000000,0.1894
1749266095,0.18510000,54.00000000,0.1894
1749266095,0.18500000,891.00000000,0.1894
1749266095,0.18490000,13906.00000000,0.1894
1749266095,0.18480000,1560.00000000,0.1894
1749266095,0.18470000,4182.00000000,0.1894
1749266095,0.18460000,92.00000000,0.1894
1749266095,0.18450000,293.00000000,0.1894
1749266095,0.18440000,92.00000000,0.1894
1749266095,0.18430000,200.00000000,0.1894
1749266095,0.18420000,616.00000000,0.1894
1749266095,0.18410000,97.00000000,0.1894
1749266095,0.18400000,54.00000000,0.1894
1749266095,0.18390000,2029.00000000,0.1894
1749266095,0.18380000,337.00000000,0.1894
1749266095,0.18370000,217.00000000,0.1894
1749266095,0.18360000,54.00000000,0.1894
1749266095,0.18350000,16048.00000000,0.1894
1749266095,0.18340000,194.00000000,0.1894
1749266095,0.18330000,1484.00000000,0.1894
1749266095,0.18320000,1419.00000000,0.1894
1749266095,0.18310000,2014.00000000,0.1894
1749266095,0.18300000,257.00000000,0.1894
1749266095,0.18290000,54.00000000,0.1894
1749266095,0.18280000,284.00000000,0.1894
1749266095,0.18270000,326.00000000,0.1894
1749266095,0.18260000,118.00000000,0.1894
1749266095,0.18250000,1969.00000000,0.1894
1749266095,0.18240000,336.00000000,0.1894
1749266095,0.18230000,54.00000000,0.1894
1749266095,0.18220000,338.00000000,0.1894
1749266095,0.18210000,5110.00000000,0.1894
1749266095,0.18200000,8124.00000000,0.1894
1749266095,0.18190000,53.00000000,0.1894
1749266095,0.18180000,1958.00000000,0.1894
1749266095,0.18170000,43.00000000,0.1894
1749266095,0.18160000,566.00000000,0.1894
1749266095,0.18150000,3304.00000000,0.1894
1749266095,0.18120000,2283.00000000,0.1894
1749266095,0.18110000,67.00000000,0.1894
1749266095,0.18100000,2993.00000000,0.1894
1749266095,0.18090000,742.00000000,0.1894
1749266095,0.18080000,2506.00000000,0.1894
1749266095,0.18070000,151.00000000,0.1894
1749266095,0.18060000,121.00000000,0.1894
1749266095,0.18050000,1332.00000000,0.1894
1749266095,0.18040000,4180.00000000,0.1894
1749266095,0.18030000,167.00000000,0.1894
1749266095,0.18010000,184.00000000,0.1894
1749266095,0.18000000,7778.00000000,0.1894
1749266095,0.17990000,71.00000000,0.1894
1749266095,0.17980000,437.00000000,0.1894
1749266095,0.17970000,272.00000000,0.1894
1749266095,0.17960000,300.00000000,0.1894
1749266095,0.17950000,319.00000000,0.1894
1749266095,0.17940000,3062.00000000,0.1894
1749266095,0.17910000,104.00000000,0.1894
1749266095,0.17900000,8282.00000000,0.1894
1749266095,0.17890000,8350.00000000,0.1894
1749266397,0.18910000,15590.00000000,0.1892
1749266397,0.18900000,73265.00000000,0.1892
1749266397,0.18890000,150669.00000000,0.1892
1749266397,0.18880000,144165.00000000,0.1892
1749266397,0.18870000,69464.00000000,0.1892
1749266397,0.18860000,76636.00000000,0.1892
1749266397,0.18850000,150658.00000000,0.1892
1749266397,0.18840000,29009.00000000,0.1892
1749266397,0.18830000,98927.00000000,0.1892
1749266397,0.18820000,26324.00000000,0.1892
1749266397,0.18810000,9446.00000000,0.1892
1749266397,0.18800000,21514.00000000,0.1892
1749266397,0.18790000,6611.00000000,0.1892
1749266397,0.18780000,67713.00000000,0.1892
1749266397,0.18770000,3404.00000000,0.1892
1749266397,0.18760000,8577.00000000,0.1892
1749266397,0.18750000,5926.00000000,0.1892
1749266397,0.18740000,9850.00000000,0.1892
1749266397,0.18730000,11568.00000000,0.1892
1749266397,0.18720000,60465.00000000,0.1892
1749266397,0.18710000,3155.00000000,0.1892
1749266397,0.18700000,14853.00000000,0.1892
1749266397,0.18690000,25717.00000000,0.1892
1749266397,0.18680000,8495.00000000,0.1892
1749266397,0.18670000,295.00000000,0.1892
1749266397,0.18660000,7199.00000000,0.1892
1749266397,0.18650000,95.00000000,0.1892
1749266397,0.18640000,5435.00000000,0.1892
1749266397,0.18630000,36837.00000000,0.1892
1749266397,0.18620000,5633.00000000,0.1892
1749266397,0.18610000,132.00000000,0.1892
1749266397,0.18600000,7858.00000000,0.1892
1749266397,0.18590000,5782.00000000,0.1892
1749266397,0.18580000,94.00000000,0.1892
1749266397,0.18570000,366.00000000,0.1892
1749266397,0.18560000,6410.00000000,0.1892
1749266397,0.18550000,8759.00000000,0.1892
1749266397,0.18540000,54.00000000,0.1892
1749266397,0.18530000,16530.00000000,0.1892
1749266397,0.18520000,2792.00000000,0.1892
1749266397,0.18510000,54.00000000,0.1892
1749266397,0.18500000,891.00000000,0.1892
1749266397,0.18490000,13906.00000000,0.1892
1749266397,0.18480000,1560.00000000,0.1892
1749266397,0.18470000,1346.00000000,0.1892
1749266397,0.18460000,92.00000000,0.1892
1749266397,0.18450000,293.00000000,0.1892
1749266397,0.18440000,92.00000000,0.1892
1749266397,0.18430000,200.00000000,0.1892
1749266397,0.18420000,616.00000000,0.1892
1749266397,0.18410000,97.00000000,0.1892
1749266397,0.18400000,54.00000000,0.1892
1749266397,0.18390000,2029.00000000,0.1892
1749266397,0.18380000,337.00000000,0.1892
1749266397,0.18370000,217.00000000,0.1892
1749266397,0.18360000,54.00000000,0.1892
1749266397,0.18350000,16048.00000000,0.1892
1749266397,0.18340000,194.00000000,0.1892
1749266397,0.18330000,1484.00000000,0.1892
1749266397,0.18320000,1419.00000000,0.1892
1749266397,0.18310000,2014.00000000,0.1892
1749266397,0.18300000,257.00000000,0.1892
1749266397,0.18290000,54.00000000,0.1892
1749266397,0.18280000,284.00000000,0.1892
1749266397,0.18270000,326.00000000,0.1892
1749266397,0.18260000,118.00000000,0.1892
1749266397,0.18250000,1969.00000000,0.1892
1749266397,0.18240000,336.00000000,0.1892
1749266397,0.18230000,54.00000000,0.1892
1749266397,0.18220000,1396.00000000,0.1892
1749266397,0.18210000,4052.00000000,0.1892
1749266397,0.18200000,8124.00000000,0.1892
1749266397,0.18190000,53.00000000,0.1892
1749266397,0.18180000,1958.00000000,0.1892
1749266397,0.18170000,96.00000000,0.1892
1749266397,0.18160000,619.00000000,0.1892
1749266397,0.18150000,3304.00000000,0.1892
1749266397,0.18120000,2283.00000000,0.1892
1749266397,0.18110000,67.00000000,0.1892
1749266397,0.18100000,2993.00000000,0.1892
1749266397,0.18090000,742.00000000,0.1892
1749266397,0.18080000,2506.00000000,0.1892
1749266397,0.18070000,151.00000000,0.1892
1749266397,0.18060000,121.00000000,0.1892
1749266397,0.18050000,1332.00000000,0.1892
1749266397,0.18040000,4180.00000000,0.1892
1749266397,0.18030000,167.00000000,0.1892
1749266397,0.18010000,184.00000000,0.1892
1749266397,0.18000000,7833.00000000,0.1892
1749266397,0.17990000,71.00000000,0.1892
1749266397,0.17980000,437.00000000,0.1892
1749266397,0.17970000,272.00000000,0.1892
1749266397,0.17960000,300.00000000,0.1892
1749266397,0.17950000,319.00000000,0.1892
1749266397,0.17940000,3062.00000000,0.1892
1749266397,0.17910000,104.00000000,0.1892
1749266397,0.17900000,8282.00000000,0.1892
1749266397,0.17890000,8350.00000000,0.1892
1749266397,0.17880000,248.00000000,0.1892
1749266397,0.17860000,3556.00000000,0.1892
1749266698,0.18980000,15751.00000000,0.1899
1749266698,0.18970000,55380.00000000,0.1899
1749266698,0.18960000,121265.00000000,0.1899
1749266698,0.18950000,116567.00000000,0.1899
1749266698,0.18940000,88206.00000000,0.1899
1749266698,0.18930000,51880.00000000,0.1899
1749266698,0.18920000,32904.00000000,0.1899
1749266698,0.18910000,110698.00000000,0.1899
1749266698,0.18900000,19259.00000000,0.1899
1749266698,0.18890000,35178.00000000,0.1899
1749266698,0.18880000,24003.00000000,0.1899
1749266698,0.18870000,41449.00000000,0.1899
1749266698,0.18860000,77191.00000000,0.1899
1749266698,0.18850000,15787.00000000,0.1899
1749266698,0.18840000,67999.00000000,0.1899
1749266698,0.18830000,82863.00000000,0.1899
1749266698,0.18820000,8573.00000000,0.1899
1749266698,0.18810000,2067.00000000,0.1899
1749266698,0.18800000,9316.00000000,0.1899
1749266698,0.18790000,4585.00000000,0.1899
1749266698,0.18780000,128040.00000000,0.1899
1749266698,0.18770000,3443.00000000,0.1899
1749266698,0.18760000,8537.00000000,0.1899
1749266698,0.18750000,5851.00000000,0.1899
1749266698,0.18740000,5463.00000000,0.1899
1749266698,0.18730000,1053.00000000,0.1899
1749266698,0.18720000,5576.00000000,0.1899
1749266698,0.18710000,95.00000000,0.1899
1749266698,0.18700000,28977.00000000,0.1899
1749266698,0.18690000,133.00000000,0.1899
1749266698,0.18680000,5435.00000000,0.1899
1749266698,0.18670000,295.00000000,0.1899
1749266698,0.18660000,7199.00000000,0.1899
1749266698,0.18650000,95.00000000,0.1899
1749266698,0.18640000,5435.00000000,0.1899
1749266698,0.18630000,36837.00000000,0.1899
1749266698,0.18620000,5633.00000000,0.1899
1749266698,0.18610000,132.00000000,0.1899
1749266698,0.18600000,7858.00000000,0.1899
1749266698,0.18590000,5782.00000000,0.1899
1749266698,0.18580000,94.00000000,0.1899
1749266698,0.18570000,326.00000000,0.1899
1749266698,0.18560000,6410.00000000,0.1899
1749266698,0.18550000,8759.00000000,0.1899
1749266698,0.18540000,2822.00000000,0.1899
1749266698,0.18530000,16530.00000000,0.1899
1749266698,0.18520000,211.00000000,0.1899
1749266698,0.18510000,54.00000000,0.1899
1749266698,0.18500000,891.00000000,0.1899
1749266698,0.18490000,13906.00000000,0.1899
1749266698,0.18480000,1560.00000000,0.1899
1749266698,0.18470000,1346.00000000,0.1899
1749266698,0.18460000,92.00000000,0.1899
1749266698,0.18450000,293.00000000,0.1899
1749266698,0.18440000,92.00000000,0.1899
1749266698,0.18430000,200.00000000,0.1899
1749266698,0.18420000,616.00000000,0.1899
1749266698,0.18410000,97.00000000,0.1899
1749266698,0.18400000,54.00000000,0.1899
1749266698,0.18390000,2029.00000000,0.1899
1749266698,0.18380000,337.00000000,0.1899
1749266698,0.18370000,217.00000000,0.1899
1749266698,0.18360000,54.00000000,0.1899
1749266698,0.18350000,16048.00000000,0.1899
1749266698,0.18340000,194.00000000,0.1899
1749266698,0.18330000,1484.00000000,0.1899
1749266698,0.18320000,1419.00000000,0.1899
1749266698,0.18310000,2014.00000000,0.1899
1749266698,0.18300000,257.00000000,0.1899
1749266698,0.18290000,54.00000000,0.1899
1749266698,0.18280000,284.00000000,0.1899
1749266698,0.18270000,326.00000000,0.1899
1749266698,0.18260000,118.00000000,0.1899
1749266698,0.18250000,1969.00000000,0.1899
1749266698,0.18240000,336.00000000,0.1899
1749266698,0.18230000,54.00000000,0.1899
1749266698,0.18220000,1342.00000000,0.1899
1749266698,0.18210000,3999.00000000,0.1899
1749266698,0.18200000,8071.00000000,0.1899
1749266698,0.18180000,1905.00000000,0.1899
1749266698,0.18170000,43.00000000,0.1899
1749266698,0.18160000,566.00000000,0.1899
1749266698,0.18150000,3304.00000000,0.1899
1749266698,0.18120000,2283.00000000,0.1899
1749266698,0.18110000,67.00000000,0.1899
1749266698,0.18100000,2993.00000000,0.1899
1749266698,0.18090000,742.00000000,0.1899
1749266698,0.18080000,2506.00000000,0.1899
1749266698,0.18070000,151.00000000,0.1899
1749266698,0.18060000,121.00000000,0.1899
1749266698,0.18050000,1332.00000000,0.1899
1749266698,0.18040000,4180.00000000,0.1899
1749266698,0.18030000,167.00000000,0.1899
1749266698,0.18010000,184.00000000,0.1899
1749266698,0.18000000,7233.00000000,0.1899
1749266698,0.17990000,71.00000000,0.1899
1749266698,0.17980000,437.00000000,0.1899
1749266698,0.17970000,272.00000000,0.1899
1749266698,0.17960000,300.00000000,0.1899
1749266698,0.17950000,319.00000000,0.1899
1749267000,0.18950000,14076.00000000,0.1896
1749267000,0.18940000,81540.00000000,0.1896
1749267000,0.18930000,137386.00000000,0.1896
1749267000,0.18920000,117235.00000000,0.1896
1749267000,0.18910000,92195.00000000,0.1896
1749267000,0.18900000,62847.00000000,0.1896
1749267000,0.18890000,39558.00000000,0.1896
1749267000,0.18880000,152607.00000000,0.1896
1749267000,0.18870000,23949.00000000,0.1896
1749267000,0.18860000,26112.00000000,0.1896
1749267000,0.18850000,20406.00000000,0.1896
1749267000,0.18840000,18385.00000000,0.1896
1749267000,0.18830000,82819.00000000,0.1896
1749267000,0.18820000,8573.00000000,0.1896
1749267000,0.18810000,2067.00000000,0.1896
1749267000,0.18800000,9316.00000000,0.1896
1749267000,0.18790000,4556.00000000,0.1896
1749267000,0.18780000,75148.00000000,0.1896
1749267000,0.18770000,3443.00000000,0.1896
1749267000,0.18760000,8566.00000000,0.1896
1749267000,0.18750000,56257.00000000,0.1896
1749267000,0.18740000,8523.00000000,0.1896
1749267000,0.18730000,1053.00000000,0.1896
1749267000,0.18720000,5576.00000000,0.1896
1749267000,0.18710000,95.00000000,0.1896
1749267000,0.18700000,28977.00000000,0.1896
1749267000,0.18690000,133.00000000,0.1896
1749267000,0.18680000,5435.00000000,0.1896
1749267000,0.18670000,295.00000000,0.1896
1749267000,0.18660000,7199.00000000,0.1896
1749267000,0.18650000,95.00000000,0.1896
1749267000,0.18640000,12926.00000000,0.1896
1749267000,0.18630000,36837.00000000,0.1896
1749267000,0.18620000,5633.00000000,0.1896
1749267000,0.18610000,132.00000000,0.1896
1749267000,0.18600000,351.00000000,0.1896
1749267000,0.18590000,5782.00000000,0.1896
1749267000,0.18580000,94.00000000,0.1896
1749267000,0.18570000,326.00000000,0.1896
1749267000,0.18560000,6410.00000000,0.1896
1749267000,0.18550000,8343.00000000,0.1896
1749267000,0.18540000,54.00000000,0.1896
1749267000,0.18530000,16530.00000000,0.1896
1749267000,0.18520000,3021.00000000,0.1896
1749267000,0.18510000,54.00000000,0.1896
1749267000,0.18500000,891.00000000,0.1896
1749267000,0.18490000,13906.00000000,0.1896
1749267000,0.18480000,1560.00000000,0.1896
1749267000,0.18470000,1346.00000000,0.1896
1749267000,0.18460000,92.00000000,0.1896
1749267000,0.18450000,293.00000000,0.1896
1749267000,0.18440000,92.00000000,0.1896
1749267000,0.18430000,200.00000000,0.1896
1749267000,0.18420000,616.00000000,0.1896
1749267000,0.18410000,97.00000000,0.1896
1749267000,0.18400000,54.00000000,0.1896
1749267000,0.18390000,2029.00000000,0.1896
1749267000,0.18380000,337.00000000,0.1896
1749267000,0.18370000,217.00000000,0.1896
1749267000,0.18360000,54.00000000,0.1896
1749267000,0.18350000,16048.00000000,0.1896
1749267000,0.18340000,194.00000000,0.1896
1749267000,0.18330000,1484.00000000,0.1896
1749267000,0.18320000,1419.00000000,0.1896
1749267000,0.18310000,2014.00000000,0.1896
1749267000,0.18300000,257.00000000,0.1896
1749267000,0.18290000,1108.00000000,0.1896
1749267000,0.18280000,284.00000000,0.1896
1749267000,0.18270000,326.00000000,0.1896
1749267000,0.18260000,118.00000000,0.1896
1749267000,0.18250000,1969.00000000,0.1896
1749267000,0.18240000,336.00000000,0.1896
1749267000,0.18230000,53.00000000,0.1896
1749267000,0.18220000,337.00000000,0.1896
1749267000,0.18210000,4052.00000000,0.1896
1749267000,0.18200000,8124.00000000,0.1896
1749267000,0.18180000,1905.00000000,0.1896
1749267000,0.18170000,43.00000000,0.1896
1749267000,0.18160000,566.00000000,0.1896
1749267000,0.18150000,3304.00000000,0.1896
1749267000,0.18120000,2283.00000000,0.1896
1749267000,0.18110000,67.00000000,0.1896
1749267000,0.18100000,2993.00000000,0.1896
1749267000,0.18090000,742.00000000,0.1896
1749267000,0.18080000,2506.00000000,0.1896
1749267000,0.18070000,151.00000000,0.1896
1749267000,0.18060000,121.00000000,0.1896
1749267000,0.18050000,1332.00000000,0.1896
1749267000,0.18040000,4180.00000000,0.1896
1749267000,0.18030000,167.00000000,0.1896
1749267000,0.18010000,184.00000000,0.1896
1749267000,0.18000000,7233.00000000,0.1896
1749267000,0.17990000,71.00000000,0.1896
1749267000,0.17980000,437.00000000,0.1896
1749267000,0.17970000,272.00000000,0.1896
1749267000,0.17960000,300.00000000,0.1896
1749267000,0.17950000,319.00000000,0.1896
1749267000,0.17940000,3062.00000000,0.1896
1749267000,0.17910000,104.00000000,0.1896
1749267000,0.17900000,8282.00000000,0.1896
1749267301,0.18950000,23585.00000000,0.1895
1749267301,0.18940000,101189.00000000,0.1895
1749267301,0.18930000,116601.00000000,0.1895
1749267301,0.18920000,174196.00000000,0.1895
1749267301,0.18910000,62798.00000000,0.1895
1749267301,0.18900000,102256.00000000,0.1895
1749267301,0.18890000,86609.00000000,0.1895
1749267301,0.18880000,86319.00000000,0.1895
1749267301,0.18870000,90874.00000000,0.1895
1749267301,0.18860000,35042.00000000,0.1895
1749267301,0.18850000,15119.00000000,0.1895
1749267301,0.18840000,19640.00000000,0.1895
1749267301,0.18830000,82879.00000000,0.1895
1749267301,0.18820000,11945.00000000,0.1895
1749267301,0.18810000,6072.00000000,0.1895
1749267301,0.18800000,14617.00000000,0.1895
1749267301,0.18790000,4556.00000000,0.1895
1749267301,0.18780000,67713.00000000,0.1895
1749267301,0.18770000,3197.00000000,0.1895
1749267301,0.18760000,8566.00000000,0.1895
1749267301,0.18750000,3154.00000000,0.1895
1749267301,0.18740000,15974.00000000,0.1895
1749267301,0.18730000,4113.00000000,0.1895
1749267301,0.18720000,5823.00000000,0.1895
1749267301,0.18710000,95.00000000,0.1895
1749267301,0.18700000,21721.00000000,0.1895
1749267301,0.18690000,133.00000000,0.1895
1749267301,0.18680000,5435.00000000,0.1895
1749267301,0.18670000,295.00000000,0.1895
1749267301,0.18660000,14682.00000000,0.1895
1749267301,0.18650000,95.00000000,0.1895
1749267301,0.18640000,5435.00000000,0.1895
1749267301,0.18630000,36837.00000000,0.1895
1749267301,0.18620000,5633.00000000,0.1895
1749267301,0.18610000,132.00000000,0.1895
1749267301,0.18600000,7858.00000000,0.1895
1749267301,0.18590000,5782.00000000,0.1895
1749267301,0.18580000,94.00000000,0.1895
1749267301,0.18570000,326.00000000,0.1895
1749267301,0.18560000,6410.00000000,0.1895
1749267301,0.18550000,8343.00000000,0.1895
1749267301,0.18540000,54.00000000,0.1895
1749267301,0.18530000,19343.00000000,0.1895
1749267301,0.18520000,211.00000000,0.1895
1749267301,0.18510000,54.00000000,0.1895
1749267301,0.18500000,891.00000000,0.1895
1749267301,0.18490000,13906.00000000,0.1895
1749267301,0.18480000,1560.00000000,0.1895
1749267301,0.18470000,1346.00000000,0.1895
1749267301,0.18460000,92.00000000,0.1895
1749267301,0.18450000,293.00000000,0.1895
1749267301,0.18440000,92.00000000,0.1895
1749267301,0.18430000,200.00000000,0.1895
1749267301,0.18420000,616.00000000,0.1895
1749267301,0.18410000,97.00000000,0.1895
1749267301,0.18400000,54.00000000,0.1895
1749267301,0.18390000,2029.00000000,0.1895
1749267301,0.18380000,337.00000000,0.1895
1749267301,0.18370000,217.00000000,0.1895
1749267301,0.18360000,54.00000000,0.1895
1749267301,0.18350000,16048.00000000,0.1895
1749267301,0.18340000,194.00000000,0.1895
1749267301,0.18330000,1484.00000000,0.1895
1749267301,0.18320000,1419.00000000,0.1895
1749267301,0.18310000,2014.00000000,0.1895
1749267301,0.18300000,257.00000000,0.1895
1749267301,0.18290000,54.00000000,0.1895
1749267301,0.18280000,284.00000000,0.1895
1749267301,0.18270000,326.00000000,0.1895
1749267301,0.18260000,118.00000000,0.1895
1749267301,0.18250000,1969.00000000,0.1895
1749267301,0.18240000,1393.00000000,0.1895
1749267301,0.18230000,53.00000000,0.1895
1749267301,0.18220000,337.00000000,0.1895
1749267301,0.18210000,4052.00000000,0.1895
1749267301,0.18200000,8124.00000000,0.1895
1749267301,0.18180000,1905.00000000,0.1895
1749267301,0.18170000,43.00000000,0.1895
1749267301,0.18160000,566.00000000,0.1895
1749267301,0.18150000,3304.00000000,0.1895
1749267301,0.18120000,2283.00000000,0.1895
1749267301,0.18110000,67.00000000,0.1895
1749267301,0.18100000,2993.00000000,0.1895
1749267301,0.18090000,742.00000000,0.1895
1749267301,0.18080000,2506.00000000,0.1895
1749267301,0.18070000,151.00000000,0.1895
1749267301,0.18060000,121.00000000,0.1895
1749267301,0.18050000,1332.00000000,0.1895
