timestamp,price,volume,current_price
1749260809,0.00388100,7817.00000000,0.003882
1749260809,0.00388000,30527.00000000,0.003882
1749260809,0.00387900,118447.00000000,0.003882
1749260809,0.00387800,57083.00000000,0.003882
1749260809,0.00387700,81633.00000000,0.003882
1749260809,0.00387600,112700.00000000,0.003882
1749260809,0.00387500,104069.00000000,0.003882
1749260809,0.00387400,79503.00000000,0.003882
1749260809,0.00387300,157576.00000000,0.003882
1749260809,0.00387200,200918.00000000,0.003882
1749260809,0.00387100,63288.00000000,0.003882
1749260809,0.00387000,132167.00000000,0.003882
1749260809,0.00386900,190093.00000000,0.003882
1749260809,0.00386800,63250.00000000,0.003882
1749260809,0.00386700,4371429.00000000,0.003882
1749260809,0.00386600,50765.00000000,0.003882
1749260809,0.00386500,126483.00000000,0.003882
1749260809,0.00386400,99063.00000000,0.003882
1749260809,0.00386300,133355.00000000,0.003882
1749260809,0.00386200,105390.00000000,0.003882
1749260809,0.00386100,325421.00000000,0.003882
1749260809,0.00386000,118298.00000000,0.003882
1749260809,0.00385900,223474.00000000,0.003882
1749260809,0.00385800,46580.00000000,0.003882
1749260809,0.00385700,219828.00000000,0.003882
1749260809,0.00385600,218355.00000000,0.003882
1749260809,0.00385500,231629.00000000,0.003882
1749260809,0.00385400,105661.00000000,0.003882
1749260809,0.00385300,694971.00000000,0.003882
1749260809,0.00385200,123358.00000000,0.003882
1749260809,0.00385100,119554.00000000,0.003882
1749260809,0.00385000,188960.00000000,0.003882
1749260809,0.00384900,81779.00000000,0.003882
1749260809,0.00384800,134501.00000000,0.003882
1749260809,0.00384700,1739324.00000000,0.003882
1749260809,0.00384600,47882.00000000,0.003882
1749260809,0.00384500,637727.00000000,0.003882
1749260809,0.00384400,90532.00000000,0.003882
1749260809,0.00384300,280788.00000000,0.003882
1749260809,0.00384200,258119.00000000,0.003882
1749260809,0.00384100,85450.00000000,0.003882
1749260809,0.00384000,1304.00000000,0.003882
1749260809,0.00383900,81901.00000000,0.003882
1749260809,0.00383800,81936.00000000,0.003882
1749260809,0.00383700,52204.00000000,0.003882
1749260809,0.00383600,55809.00000000,0.003882
1749260809,0.00383500,61132.00000000,0.003882
1749260809,0.00383400,35392.00000000,0.003882
1749260809,0.00383300,51341.00000000,0.003882
1749260809,0.00383200,83446.00000000,0.003882
1749260809,0.00383100,1307.00000000,0.003882
1749260809,0.00383000,209452.00000000,0.003882
1749260809,0.00382900,38874.00000000,0.003882
1749260809,0.00382800,1308.00000000,0.003882
1749260809,0.00382700,211888.00000000,0.003882
1749260809,0.00382600,38875.00000000,0.003882
1749260809,0.00382500,1309.00000000,0.003882
1749260809,0.00382400,1310.00000000,0.003882
1749260809,0.00382300,1310.00000000,0.003882
1749260809,0.00382200,1310.00000000,0.003882
1749260809,0.00382100,38877.00000000,0.003882
1749260809,0.00382000,21311.00000000,0.003882
1749260809,0.00381900,2750.00000000,0.003882
1749260809,0.00381800,1312.00000000,0.003882
1749260809,0.00381700,38878.00000000,0.003882
1749260809,0.00381600,377456.00000000,0.003882
1749260809,0.00381500,1313.00000000,0.003882
1749260809,0.00381400,49041.00000000,0.003882
1749260809,0.00381300,1313.00000000,0.003882
1749260809,0.00381200,5489.00000000,0.003882
1749260809,0.00381100,201873.00000000,0.003882
1749260809,0.00381000,25314.00000000,0.003882
1749260809,0.00380900,1315.00000000,0.003882
1749260809,0.00380800,2763.00000000,0.003882
1749260809,0.00380700,202085.00000000,0.003882
1749260809,0.00380600,3452.00000000,0.003882
1749260809,0.00380500,1316.00000000,0.003882
1749260809,0.00380400,4195.00000000,0.003882
1749260809,0.00380300,42866.00000000,0.003882
1749260809,0.00380200,914285.00000000,0.003882
1749260809,0.00380100,1318.00000000,0.003882
1749260809,0.00380000,84340.00000000,0.003882
1749260809,0.00379700,1457.00000000,0.003882
1749260809,0.00379600,6329.00000000,0.003882
1749260809,0.00379500,5064.00000000,0.003882
1749260809,0.00379300,22619.00000000,0.003882
1749260809,0.00379000,52288.00000000,0.003882
1749260809,0.00378600,1466.00000000,0.003882
1749260809,0.00378500,6642.00000000,0.003882
1749260809,0.00378100,7556.00000000,0.003882
1749260809,0.00378000,50000.00000000,0.003882
1749260809,0.00377900,9511.00000000,0.003882
1749260809,0.00377600,84557.00000000,0.003882
1749260809,0.00377500,1475.00000000,0.003882
1749260809,0.00377400,21190.00000000,0.003882
1749260809,0.00377100,4220.00000000,0.003882
1749260809,0.00376500,64000.00000000,0.003882
1749260809,0.00376400,683307.00000000,0.003882
1749260809,0.00375700,5115.00000000,0.003882
1749260809,0.00375600,8222.00000000,0.003882
1749261125,0.00387800,43697.00000000,0.00388
1749261125,0.00387700,95123.00000000,0.00388
1749261125,0.00387600,16710.00000000,0.00388
1749261125,0.00387500,26682.00000000,0.00388
1749261125,0.00387400,162716.00000000,0.00388
1749261125,0.00387300,190022.00000000,0.00388
1749261125,0.00387200,134898.00000000,0.00388
1749261125,0.00387100,142112.00000000,0.00388
1749261125,0.00387000,584448.00000000,0.00388
1749261125,0.00386900,1805034.00000000,0.00388
1749261125,0.00386800,2749445.00000000,0.00388
1749261125,0.00386700,227057.00000000,0.00388
1749261125,0.00386600,464659.00000000,0.00388
1749261125,0.00386500,98869.00000000,0.00388
1749261125,0.00386400,99063.00000000,0.00388
1749261125,0.00386300,233684.00000000,0.00388
1749261125,0.00386200,107907.00000000,0.00388
1749261125,0.00386100,187257.00000000,0.00388
1749261125,0.00386000,118298.00000000,0.00388
1749261125,0.00385900,24658.00000000,0.00388
1749261125,0.00385800,46580.00000000,0.00388
1749261125,0.00385700,354064.00000000,0.00388
1749261125,0.00385600,80781.00000000,0.00388
1749261125,0.00385500,231629.00000000,0.00388
1749261125,0.00385400,105661.00000000,0.00388
1749261125,0.00385300,556546.00000000,0.00388
1749261125,0.00385200,299120.00000000,0.00388
1749261125,0.00385100,119554.00000000,0.00388
1749261125,0.00385000,47881.00000000,0.00388
1749261125,0.00384900,96728.00000000,0.00388
1749261125,0.00384800,119529.00000000,0.00388
1749261125,0.00384700,345678.00000000,0.00388
1749261125,0.00384600,47882.00000000,0.00388
1749261125,0.00384500,81867.00000000,0.00388
1749261125,0.00384400,1485266.00000000,0.00388
1749261125,0.00384300,280788.00000000,0.00388
1749261125,0.00384200,81900.00000000,0.00388
1749261125,0.00384100,85450.00000000,0.00388
1749261125,0.00384000,173456.00000000,0.00388
1749261125,0.00383900,81901.00000000,0.00388
1749261125,0.00383800,81936.00000000,0.00388
1749261125,0.00383700,98784.00000000,0.00388
1749261125,0.00383600,81588.00000000,0.00388
1749261125,0.00383500,81950.00000000,0.00388
1749261125,0.00383400,81972.00000000,0.00388
1749261125,0.00383300,51341.00000000,0.00388
1749261125,0.00383200,83446.00000000,0.00388
1749261125,0.00383100,557167.00000000,0.00388
1749261125,0.00383000,36850.00000000,0.00388
1749261125,0.00382900,38874.00000000,0.00388
1749261125,0.00382800,1308.00000000,0.00388
1749261125,0.00382700,211888.00000000,0.00388
1749261125,0.00382600,38875.00000000,0.00388
1749261125,0.00382500,1309.00000000,0.00388
1749261125,0.00382400,1310.00000000,0.00388
1749261125,0.00382300,1310.00000000,0.00388
1749261125,0.00382200,1310.00000000,0.00388
1749261125,0.00382100,38877.00000000,0.00388
1749261125,0.00382000,221398.00000000,0.00388
1749261125,0.00381900,2750.00000000,0.00388
1749261125,0.00381800,1312.00000000,0.00388
1749261125,0.00381700,38878.00000000,0.00388
1749261125,0.00381600,377456.00000000,0.00388
1749261125,0.00381500,1313.00000000,0.00388
1749261125,0.00381400,49041.00000000,0.00388
1749261125,0.00381300,1313.00000000,0.00388
1749261125,0.00381200,5489.00000000,0.00388
1749261125,0.00381100,1314.00000000,0.00388
1749261125,0.00381000,25314.00000000,0.00388
1749261125,0.00380900,1315.00000000,0.00388
1749261125,0.00380800,2763.00000000,0.00388
1749261125,0.00380700,202085.00000000,0.00388
1749261125,0.00380600,3452.00000000,0.00388
1749261125,0.00380500,1316.00000000,0.00388
1749261125,0.00380400,4195.00000000,0.00388
1749261125,0.00380300,42866.00000000,0.00388
1749261125,0.00380200,914285.00000000,0.00388
1749261125,0.00380100,1318.00000000,0.00388
1749261125,0.00380000,84340.00000000,0.00388
1749261125,0.00379800,3943.00000000,0.00388
1749261125,0.00379700,1457.00000000,0.00388
1749261125,0.00379600,6329.00000000,0.00388
1749261125,0.00379500,5064.00000000,0.00388
1749261125,0.00379300,22619.00000000,0.00388
1749261125,0.00379000,42000.00000000,0.00388
1749261125,0.00378800,269000.00000000,0.00388
1749261125,0.00378600,1466.00000000,0.00388
1749261125,0.00378500,6642.00000000,0.00388
1749261125,0.00378100,7556.00000000,0.00388
1749261125,0.00378000,50000.00000000,0.00388
1749261125,0.00377900,9511.00000000,0.00388
1749261125,0.00377600,84557.00000000,0.00388
1749261125,0.00377500,1475.00000000,0.00388
1749261125,0.00377400,21190.00000000,0.00388
1749261125,0.00377100,4220.00000000,0.00388
1749261125,0.00376500,76833.00000000,0.00388
1749261125,0.00376400,683307.00000000,0.00388
1749261125,0.00375700,5115.00000000,0.00388
1749261125,0.00375600,8222.00000000,0.00388
1749261125,0.00375500,1680.00000000,0.00388
1749261442,0.00388100,25766.00000000,0.003881
1749261442,0.00388000,89130.00000000,0.003881
1749261442,0.00387900,61226.00000000,0.003881
1749261442,0.00387800,14226.00000000,0.003881
1749261442,0.00387700,16710.00000000,0.003881
1749261442,0.00387600,35090.00000000,0.003881
1749261442,0.00387500,123977.00000000,0.003881
1749261442,0.00387400,270503.00000000,0.003881
1749261442,0.00387300,97271.00000000,0.003881
1749261442,0.00387200,1497687.00000000,0.003881
1749261442,0.00387100,4542778.00000000,0.003881
1749261442,0.00387000,97286.00000000,0.003881
1749261442,0.00386900,245997.00000000,0.003881
1749261442,0.00386800,341335.00000000,0.003881
1749261442,0.00386700,71564.00000000,0.003881
1749261442,0.00386600,80578.00000000,0.003881
1749261442,0.00386500,46580.00000000,0.003881
1749261442,0.00386400,145559.00000000,0.003881
1749261442,0.00386300,184646.00000000,0.003881
1749261442,0.00386200,190113.00000000,0.003881
1749261442,0.00386100,289204.00000000,0.003881
1749261442,0.00386000,84146.00000000,0.003881
1749261442,0.00385900,80587.00000000,0.003881
1749261442,0.00385800,80587.00000000,0.003881
1749261442,0.00385700,187370.00000000,0.003881
1749261442,0.00385600,216464.00000000,0.003881
1749261442,0.00385500,231629.00000000,0.003881
1749261442,0.00385400,71460.00000000,0.003881
1749261442,0.00385300,556546.00000000,0.003881
1749261442,0.00385200,1656734.00000000,0.003881
1749261442,0.00385100,119554.00000000,0.003881
1749261442,0.00385000,81892.00000000,0.003881
1749261442,0.00384900,62830.00000000,0.003881
1749261442,0.00384800,111216.00000000,0.003881
1749261442,0.00384700,345678.00000000,0.003881
1749261442,0.00384600,47882.00000000,0.003881
1749261442,0.00384500,47882.00000000,0.003881
1749261442,0.00384400,90532.00000000,0.003881
1749261442,0.00384300,246772.00000000,0.003881
1749261442,0.00384200,47884.00000000,0.003881
1749261442,0.00384100,85450.00000000,0.003881
1749261442,0.00384000,173456.00000000,0.003881
1749261442,0.00383900,1305.00000000,0.003881
1749261442,0.00383800,1305.00000000,0.003881
1749261442,0.00383700,52204.00000000,0.003881
1749261442,0.00383600,9229.00000000,0.003881
1749261442,0.00383500,1306.00000000,0.003881
1749261442,0.00383400,1306.00000000,0.003881
1749261442,0.00383300,51341.00000000,0.003881
1749261442,0.00383200,49334.00000000,0.003881
1749261442,0.00383100,557167.00000000,0.003881
1749261442,0.00383000,2738.00000000,0.003881
1749261442,0.00382900,38874.00000000,0.003881
1749261442,0.00382800,1308.00000000,0.003881
1749261442,0.00382700,211888.00000000,0.003881
1749261442,0.00382600,38875.00000000,0.003881
1749261442,0.00382500,1309.00000000,0.003881
1749261442,0.00382400,1310.00000000,0.003881
1749261442,0.00382300,1310.00000000,0.003881
1749261442,0.00382200,1310.00000000,0.003881
1749261442,0.00382100,38877.00000000,0.003881
1749261442,0.00382000,21311.00000000,0.003881
1749261442,0.00381900,202889.00000000,0.003881
1749261442,0.00381800,1312.00000000,0.003881
1749261442,0.00381700,38878.00000000,0.003881
1749261442,0.00381600,377456.00000000,0.003881
1749261442,0.00381500,1313.00000000,0.003881
1749261442,0.00381400,49041.00000000,0.003881
1749261442,0.00381300,1313.00000000,0.003881
1749261442,0.00381200,5489.00000000,0.003881
1749261442,0.00381100,1314.00000000,0.003881
1749261442,0.00381000,25314.00000000,0.003881
1749261442,0.00380900,1315.00000000,0.003881
1749261442,0.00380800,2763.00000000,0.003881
1749261442,0.00380700,202085.00000000,0.003881
1749261442,0.00380600,3452.00000000,0.003881
1749261442,0.00380500,1316.00000000,0.003881
1749261442,0.00380400,4195.00000000,0.003881
1749261442,0.00380300,55699.00000000,0.003881
1749261442,0.00380200,914285.00000000,0.003881
1749261442,0.00380100,1318.00000000,0.003881
1749261442,0.00380000,84340.00000000,0.003881
1749261442,0.00379800,3943.00000000,0.003881
1749261442,0.00379700,1457.00000000,0.003881
1749261442,0.00379600,6329.00000000,0.003881
1749261442,0.00379500,5064.00000000,0.003881
1749261442,0.00379300,22619.00000000,0.003881
1749261442,0.00379000,42000.00000000,0.003881
1749261442,0.00378800,269000.00000000,0.003881
1749261442,0.00378600,1466.00000000,0.003881
1749261442,0.00378500,6642.00000000,0.003881
1749261442,0.00378100,7556.00000000,0.003881
1749261442,0.00378000,50000.00000000,0.003881
1749261442,0.00377900,9511.00000000,0.003881
1749261442,0.00377600,84557.00000000,0.003881
1749261442,0.00377500,1475.00000000,0.003881
1749261442,0.00377400,21190.00000000,0.003881
1749261442,0.00377100,4220.00000000,0.003881
1749261442,0.00376500,64000.00000000,0.003881
1749261442,0.00376400,683307.00000000,0.003881
1749261758,0.00387600,46580.00000000,0.003877
1749261758,0.00387500,107413.00000000,0.003877
1749261758,0.00387400,69922.00000000,0.003877
1749261758,0.00387300,73262.00000000,0.003877
1749261758,0.00387200,131710.00000000,0.003877
1749261758,0.00387100,190084.00000000,0.003877
1749261758,0.00387000,134905.00000000,0.003877
1749261758,0.00386900,145832.00000000,0.003877
1749261758,0.00386800,63250.00000000,0.003877
1749261758,0.00386700,639262.00000000,0.003877
1749261758,0.00386600,1677703.00000000,0.003877
1749261758,0.00386500,46580.00000000,0.003877
1749261758,0.00386400,154967.00000000,0.003877
1749261758,0.00386300,46580.00000000,0.003877
1749261758,0.00386200,80587.00000000,0.003877
1749261758,0.00386100,46580.00000000,0.003877
1749261758,0.00386000,3179039.00000000,0.003877
1749261758,0.00385900,226692.00000000,0.003877
1749261758,0.00385800,80587.00000000,0.003877
1749261758,0.00385700,287638.00000000,0.003877
1749261758,0.00385600,216464.00000000,0.003877
1749261758,0.00385500,84146.00000000,0.003877
1749261758,0.00385400,73161.00000000,0.003877
1749261758,0.00385300,694971.00000000,0.003877
1749261758,0.00385200,298948.00000000,0.003877
1749261758,0.00385100,260596.00000000,0.003877
1749261758,0.00385000,81892.00000000,0.003877
1749261758,0.00384900,264024.00000000,0.003877
1749261758,0.00384800,85447.00000000,0.003877
1749261758,0.00384700,345678.00000000,0.003877
1749261758,0.00384600,47882.00000000,0.003877
1749261758,0.00384500,81889.00000000,0.003877
1749261758,0.00384400,139492.00000000,0.003877
1749261758,0.00384300,47883.00000000,0.003877
1749261758,0.00384200,1477351.00000000,0.003877
1749261758,0.00384100,85450.00000000,0.003877
1749261758,0.00384000,173456.00000000,0.003877
1749261758,0.00383900,81910.00000000,0.003877
1749261758,0.00383800,1305.00000000,0.003877
1749261758,0.00383700,98784.00000000,0.003877
1749261758,0.00383600,43280.00000000,0.003877
1749261758,0.00383500,47886.00000000,0.003877
1749261758,0.00383400,1306.00000000,0.003877
1749261758,0.00383300,276541.00000000,0.003877
1749261758,0.00383200,49334.00000000,0.003877
1749261758,0.00383100,1307.00000000,0.003877
1749261758,0.00383000,2738.00000000,0.003877
1749261758,0.00382900,38874.00000000,0.003877
1749261758,0.00382800,1308.00000000,0.003877
1749261758,0.00382700,211888.00000000,0.003877
1749261758,0.00382600,38875.00000000,0.003877
1749261758,0.00382500,1309.00000000,0.003877
1749261758,0.00382400,1310.00000000,0.003877
1749261758,0.00382300,1310.00000000,0.003877
1749261758,0.00382200,1310.00000000,0.003877
1749261758,0.00382100,38877.00000000,0.003877
1749261758,0.00382000,625641.00000000,0.003877
1749261758,0.00381900,2750.00000000,0.003877
1749261758,0.00381800,1312.00000000,0.003877
1749261758,0.00381700,38878.00000000,0.003877
1749261758,0.00381600,377456.00000000,0.003877
1749261758,0.00381500,1313.00000000,0.003877
1749261758,0.00381400,49041.00000000,0.003877
1749261758,0.00381300,1313.00000000,0.003877
1749261758,0.00381200,5489.00000000,0.003877
1749261758,0.00381100,1314.00000000,0.003877
1749261758,0.00381000,25314.00000000,0.003877
1749261758,0.00380900,1315.00000000,0.003877
1749261758,0.00380800,2763.00000000,0.003877
1749261758,0.00380700,202085.00000000,0.003877
1749261758,0.00380600,204275.00000000,0.003877
1749261758,0.00380500,1316.00000000,0.003877
1749261758,0.00380400,4195.00000000,0.003877
1749261758,0.00380300,55699.00000000,0.003877
1749261758,0.00380200,914285.00000000,0.003877
1749261758,0.00380100,1318.00000000,0.003877
1749261758,0.00380000,84340.00000000,0.003877
1749261758,0.00379700,1457.00000000,0.003877
1749261758,0.00379600,10274.00000000,0.003877
1749261758,0.00379500,5064.00000000,0.003877
1749261758,0.00379300,22619.00000000,0.003877
1749261758,0.00379000,42000.00000000,0.003877
1749261758,0.00378600,1466.00000000,0.003877
1749261758,0.00378500,6642.00000000,0.003877
1749261758,0.00378100,7556.00000000,0.003877
1749261758,0.00378000,50000.00000000,0.003877
1749261758,0.00377900,9511.00000000,0.003877
1749261758,0.00377800,79420.00000000,0.003877
1749261758,0.00377600,5090.00000000,0.003877
1749261758,0.00377500,1475.00000000,0.003877
1749261758,0.00377400,21190.00000000,0.003877
1749261758,0.00377100,4220.00000000,0.003877
1749261758,0.00376500,64000.00000000,0.003877
1749261758,0.00376400,683307.00000000,0.003877
1749261758,0.00375700,5115.00000000,0.003877
1749261758,0.00375600,609248.00000000,0.003877
1749261758,0.00375500,1680.00000000,0.003877
1749261758,0.00375300,1494.00000000,0.003877
1749261758,0.00375200,1335.00000000,0.003877
1749261758,0.00375000,82133.00000000,0.003877
1749262061,0.00387700,22105.00000000,0.003879
1749262061,0.00387600,132393.00000000,0.003879
1749262061,0.00387500,63476.00000000,0.003879
1749262061,0.00387400,101459.00000000,0.003879
1749262061,0.00387300,100834.00000000,0.003879
1749262061,0.00387200,97336.00000000,0.003879
1749262061,0.00387100,618585.00000000,0.003879
1749262061,0.00387000,1813676.00000000,0.003879
1749262061,0.00386900,63288.00000000,0.003879
1749262061,0.00386800,63250.00000000,0.003879
1749262061,0.00386700,71564.00000000,0.003879
1749262061,0.00386600,80578.00000000,0.003879
1749262061,0.00386500,46580.00000000,0.003879
1749262061,0.00386400,2845446.00000000,0.003879
1749262061,0.00386300,325036.00000000,0.003879
1749262061,0.00386200,80587.00000000,0.003879
1749262061,0.00386100,46580.00000000,0.003879
1749262061,0.00386000,111121.00000000,0.003879
1749262061,0.00385900,226692.00000000,0.003879
1749262061,0.00385800,105132.00000000,0.003879
1749262061,0.00385700,123969.00000000,0.003879
1749262061,0.00385600,140521.00000000,0.003879
1749262061,0.00385500,234642.00000000,0.003879
1749262061,0.00385400,71460.00000000,0.003879
1749262061,0.00385300,696672.00000000,0.003879
1749262061,0.00385200,298948.00000000,0.003879
1749262061,0.00385100,260596.00000000,0.003879
1749262061,0.00385000,81892.00000000,0.003879
1749262061,0.00384900,47881.00000000,0.003879
1749262061,0.00384800,85447.00000000,0.003879
1749262061,0.00384700,485130.00000000,0.003879
1749262061,0.00384600,1578116.00000000,0.003879
1749262061,0.00384500,81889.00000000,0.003879
1749262061,0.00384400,139492.00000000,0.003879
1749262061,0.00384300,47883.00000000,0.003879
1749262061,0.00384200,81891.00000000,0.003879
1749262061,0.00384100,695370.00000000,0.003879
1749262061,0.00384000,173456.00000000,0.003879
1749262061,0.00383900,81910.00000000,0.003879
1749262061,0.00383800,1305.00000000,0.003879
1749262061,0.00383700,98784.00000000,0.003879
1749262061,0.00383600,43280.00000000,0.003879
1749262061,0.00383500,34863.00000000,0.003879
1749262061,0.00383400,1306.00000000,0.003879
1749262061,0.00383300,250749.00000000,0.003879
1749262061,0.00383200,15751.00000000,0.003879
1749262061,0.00383100,27073.00000000,0.003879
1749262061,0.00383000,2738.00000000,0.003879
1749262061,0.00382900,38874.00000000,0.003879
1749262061,0.00382800,1308.00000000,0.003879
1749262061,0.00382700,211888.00000000,0.003879
1749262061,0.00382600,38875.00000000,0.003879
1749262061,0.00382500,1309.00000000,0.003879
1749262061,0.00382400,1310.00000000,0.003879
1749262061,0.00382300,1310.00000000,0.003879
1749262061,0.00382200,1310.00000000,0.003879
1749262061,0.00382100,38877.00000000,0.003879
1749262061,0.00382000,21311.00000000,0.003879
1749262061,0.00381900,2750.00000000,0.003879
1749262061,0.00381800,1312.00000000,0.003879
1749262061,0.00381700,38878.00000000,0.003879
1749262061,0.00381600,377456.00000000,0.003879
1749262061,0.00381500,1313.00000000,0.003879
1749262061,0.00381400,49041.00000000,0.003879
1749262061,0.00381300,1313.00000000,0.003879
1749262061,0.00381200,5489.00000000,0.003879
1749262061,0.00381100,1314.00000000,0.003879
1749262061,0.00381000,25314.00000000,0.003879
1749262061,0.00380900,1315.00000000,0.003879
1749262061,0.00380800,2763.00000000,0.003879
1749262061,0.00380700,202085.00000000,0.003879
1749262061,0.00380600,204275.00000000,0.003879
1749262061,0.00380500,1316.00000000,0.003879
1749262061,0.00380400,4195.00000000,0.003879
1749262061,0.00380300,55699.00000000,0.003879
1749262061,0.00380200,914285.00000000,0.003879
1749262061,0.00380100,1318.00000000,0.003879
1749262061,0.00380000,84340.00000000,0.003879
1749262061,0.00379700,1457.00000000,0.003879
1749262061,0.00379600,10274.00000000,0.003879
1749262061,0.00379500,5064.00000000,0.003879
1749262061,0.00379300,22619.00000000,0.003879
1749262061,0.00379000,42000.00000000,0.003879
1749262061,0.00378600,270466.00000000,0.003879
1749262061,0.00378500,6642.00000000,0.003879
1749262061,0.00378100,7556.00000000,0.003879
1749262061,0.00378000,50000.00000000,0.003879
1749262061,0.00377900,9511.00000000,0.003879
1749262061,0.00377800,79420.00000000,0.003879
1749262061,0.00377600,5090.00000000,0.003879
1749262061,0.00377500,1475.00000000,0.003879
1749262061,0.00377400,21190.00000000,0.003879
1749262061,0.00377100,4220.00000000,0.003879
1749262061,0.00376500,64000.00000000,0.003879
1749262061,0.00376400,683307.00000000,0.003879
1749262061,0.00375700,5115.00000000,0.003879
1749262061,0.00375600,609248.00000000,0.003879
1749262061,0.00375500,1680.00000000,0.003879
1749262061,0.00375300,1494.00000000,0.003879
1749262061,0.00375200,1335.00000000,0.003879
1749262367,0.00388000,18536.00000000,0.003882
1749262367,0.00387900,125300.00000000,0.003882
1749262367,0.00387800,63754.00000000,0.003882
1749262367,0.00387700,95286.00000000,0.003882
1749262367,0.00387600,166100.00000000,0.003882
1749262367,0.00387500,209941.00000000,0.003882
1749262367,0.00387400,135341.00000000,0.003882
1749262367,0.00387300,63268.00000000,0.003882
1749262367,0.00387200,142388.00000000,0.003882
1749262367,0.00387100,97343.00000000,0.003882
1749262367,0.00387000,100854.00000000,0.003882
1749262367,0.00386900,97330.00000000,0.003882
1749262367,0.00386800,100467.00000000,0.003882
1749262367,0.00386700,88730.00000000,0.003882
1749262367,0.00386600,472826.00000000,0.003882
1749262367,0.00386500,1644300.00000000,0.003882
1749262367,0.00386400,2834985.00000000,0.003882
1749262367,0.00386300,46580.00000000,0.003882
1749262367,0.00386200,80587.00000000,0.003882
1749262367,0.00386100,71125.00000000,0.003882
1749262367,0.00386000,161535.00000000,0.003882
1749262367,0.00385900,226692.00000000,0.003882
1749262367,0.00385800,80587.00000000,0.003882
1749262367,0.00385700,167806.00000000,0.003882
1749262367,0.00385600,364788.00000000,0.003882
1749262367,0.00385500,84146.00000000,0.003882
1749262367,0.00385400,71460.00000000,0.003882
1749262367,0.00385300,694971.00000000,0.003882
1749262367,0.00385200,300648.00000000,0.003882
1749262367,0.00385100,260596.00000000,0.003882
1749262367,0.00385000,81892.00000000,0.003882
1749262367,0.00384900,47881.00000000,0.003882
1749262367,0.00384800,85447.00000000,0.003882
1749262367,0.00384700,485130.00000000,0.003882
1749262367,0.00384600,47882.00000000,0.003882
1749262367,0.00384500,1476260.00000000,0.003882
1749262367,0.00384400,139492.00000000,0.003882
1749262367,0.00384300,246772.00000000,0.003882
1749262367,0.00384200,81891.00000000,0.003882
1749262367,0.00384100,38870.00000000,0.003882
1749262367,0.00384000,173456.00000000,0.003882
1749262367,0.00383900,35330.00000000,0.003882
1749262367,0.00383800,1305.00000000,0.003882
1749262367,0.00383700,658294.00000000,0.003882
1749262367,0.00383600,43280.00000000,0.003882
1749262367,0.00383500,34863.00000000,0.003882
1749262367,0.00383400,1306.00000000,0.003882
1749262367,0.00383300,51341.00000000,0.003882
1749262367,0.00383200,15751.00000000,0.003882
1749262367,0.00383100,1307.00000000,0.003882
1749262367,0.00383000,28507.00000000,0.003882
1749262367,0.00382900,38874.00000000,0.003882
1749262367,0.00382800,1308.00000000,0.003882
1749262367,0.00382700,211888.00000000,0.003882
1749262367,0.00382600,38875.00000000,0.003882
1749262367,0.00382500,1309.00000000,0.003882
1749262367,0.00382400,1310.00000000,0.003882
1749262367,0.00382300,1310.00000000,0.003882
1749262367,0.00382200,1310.00000000,0.003882
1749262367,0.00382100,38877.00000000,0.003882
1749262367,0.00382000,21311.00000000,0.003882
1749262367,0.00381900,202889.00000000,0.003882
1749262367,0.00381800,1312.00000000,0.003882
1749262367,0.00381700,38878.00000000,0.003882
1749262367,0.00381600,377456.00000000,0.003882
1749262367,0.00381500,1313.00000000,0.003882
1749262367,0.00381400,49041.00000000,0.003882
1749262367,0.00381300,1313.00000000,0.003882
1749262367,0.00381200,5489.00000000,0.003882
1749262367,0.00381100,1314.00000000,0.003882
1749262367,0.00381000,25314.00000000,0.003882
1749262367,0.00380900,1315.00000000,0.003882
1749262367,0.00380800,2763.00000000,0.003882
1749262367,0.00380700,202085.00000000,0.003882
1749262367,0.00380600,3452.00000000,0.003882
1749262367,0.00380500,1316.00000000,0.003882
1749262367,0.00380400,4195.00000000,0.003882
1749262367,0.00380300,42866.00000000,0.003882
1749262367,0.00380200,914285.00000000,0.003882
1749262367,0.00380100,1318.00000000,0.003882
1749262367,0.00380000,84340.00000000,0.003882
1749262367,0.00379700,1457.00000000,0.003882
1749262367,0.00379600,6329.00000000,0.003882
1749262367,0.00379500,5064.00000000,0.003882
1749262367,0.00379300,22619.00000000,0.003882
1749262367,0.00379000,42000.00000000,0.003882
1749262367,0.00378600,1466.00000000,0.003882
1749262367,0.00378500,6642.00000000,0.003882
1749262367,0.00378200,269000.00000000,0.003882
1749262367,0.00378100,7556.00000000,0.003882
1749262367,0.00378000,50000.00000000,0.003882
1749262367,0.00377900,9511.00000000,0.003882
1749262367,0.00377800,79420.00000000,0.003882
1749262367,0.00377600,5090.00000000,0.003882
1749262367,0.00377500,1475.00000000,0.003882
1749262367,0.00377400,21190.00000000,0.003882
1749262367,0.00377100,4220.00000000,0.003882
1749262367,0.00376500,64000.00000000,0.003882
1749262367,0.00376400,683307.00000000,0.003882
1749262367,0.00375700,5115.00000000,0.003882
1749262668,0.00388200,16734.00000000,0.003883
1749262668,0.00388100,119328.00000000,0.003883
1749262668,0.00388000,96323.00000000,0.003883
1749262668,0.00387900,204105.00000000,0.003883
1749262668,0.00387800,135305.00000000,0.003883
1749262668,0.00387700,131108.00000000,0.003883
1749262668,0.00387600,178695.00000000,0.003883
1749262668,0.00387500,83214.00000000,0.003883
1749262668,0.00387400,1438067.00000000,0.003883
1749262668,0.00387300,4342419.00000000,0.003883
1749262668,0.00387200,63290.00000000,0.003883
1749262668,0.00387100,97343.00000000,0.003883
1749262668,0.00387000,100854.00000000,0.003883
1749262668,0.00386900,375247.00000000,0.003883
1749262668,0.00386800,83797.00000000,0.003883
1749262668,0.00386700,71564.00000000,0.003883
1749262668,0.00386600,80578.00000000,0.003883
1749262668,0.00386500,74130.00000000,0.003883
1749262668,0.00386400,142698.00000000,0.003883
1749262668,0.00386300,632505.00000000,0.003883
1749262668,0.00386200,80587.00000000,0.003883
1749262668,0.00386100,46580.00000000,0.003883
1749262668,0.00386000,84146.00000000,0.003883
1749262668,0.00385900,226692.00000000,0.003883
1749262668,0.00385800,80587.00000000,0.003883
1749262668,0.00385700,306897.00000000,0.003883
1749262668,0.00385600,364788.00000000,0.003883
1749262668,0.00385500,84146.00000000,0.003883
1749262668,0.00385400,71460.00000000,0.003883
1749262668,0.00385300,385076.00000000,0.003883
1749262668,0.00385200,1690785.00000000,0.003883
1749262668,0.00385100,260596.00000000,0.003883
1749262668,0.00385000,81892.00000000,0.003883
1749262668,0.00384900,47881.00000000,0.003883
1749262668,0.00384800,85447.00000000,0.003883
1749262668,0.00384700,345678.00000000,0.003883
1749262668,0.00384600,603723.00000000,0.003883
1749262668,0.00384500,81889.00000000,0.003883
1749262668,0.00384400,92912.00000000,0.003883
1749262668,0.00384300,215531.00000000,0.003883
1749262668,0.00384200,35311.00000000,0.003883
1749262668,0.00384100,38870.00000000,0.003883
1749262668,0.00384000,173456.00000000,0.003883
1749262668,0.00383900,35330.00000000,0.003883
1749262668,0.00383800,1305.00000000,0.003883
1749262668,0.00383700,224803.00000000,0.003883
1749262668,0.00383600,69026.00000000,0.003883
1749262668,0.00383500,34863.00000000,0.003883
1749262668,0.00383400,1306.00000000,0.003883
1749262668,0.00383300,51341.00000000,0.003883
1749262668,0.00383200,15751.00000000,0.003883
1749262668,0.00383100,1307.00000000,0.003883
1749262668,0.00383000,202302.00000000,0.003883
1749262668,0.00382900,38874.00000000,0.003883
1749262668,0.00382800,1308.00000000,0.003883
1749262668,0.00382700,38838.00000000,0.003883
1749262668,0.00382600,38875.00000000,0.003883
1749262668,0.00382500,1309.00000000,0.003883
1749262668,0.00382400,1310.00000000,0.003883
1749262668,0.00382300,1310.00000000,0.003883
1749262668,0.00382200,1310.00000000,0.003883
1749262668,0.00382100,38877.00000000,0.003883
1749262668,0.00382000,21311.00000000,0.003883
1749262668,0.00381900,2750.00000000,0.003883
1749262668,0.00381800,1312.00000000,0.003883
1749262668,0.00381700,38878.00000000,0.003883
1749262668,0.00381600,377456.00000000,0.003883
1749262668,0.00381500,1313.00000000,0.003883
1749262668,0.00381400,49041.00000000,0.003883
1749262668,0.00381300,1313.00000000,0.003883
1749262668,0.00381200,5489.00000000,0.003883
1749262668,0.00381100,1314.00000000,0.003883
1749262668,0.00381000,25314.00000000,0.003883
1749262668,0.00380900,1315.00000000,0.003883
1749262668,0.00380800,2763.00000000,0.003883
1749262668,0.00380700,202085.00000000,0.003883
1749262668,0.00380600,3452.00000000,0.003883
1749262668,0.00380500,1316.00000000,0.003883
1749262668,0.00380400,4195.00000000,0.003883
1749262668,0.00380300,42866.00000000,0.003883
1749262668,0.00380200,914285.00000000,0.003883
1749262668,0.00380100,5258.00000000,0.003883
1749262668,0.00380000,84340.00000000,0.003883
1749262668,0.00379700,1457.00000000,0.003883
1749262668,0.00379600,6329.00000000,0.003883
1749262668,0.00379500,5064.00000000,0.003883
1749262668,0.00379300,22619.00000000,0.003883
1749262668,0.00379000,42000.00000000,0.003883
1749262668,0.00378600,270466.00000000,0.003883
1749262668,0.00378500,6642.00000000,0.003883
1749262668,0.00378100,7556.00000000,0.003883
1749262668,0.00378000,50000.00000000,0.003883
1749262668,0.00377900,9511.00000000,0.003883
1749262668,0.00377800,79420.00000000,0.003883
1749262668,0.00377600,5090.00000000,0.003883
1749262668,0.00377500,1475.00000000,0.003883
1749262668,0.00377400,21190.00000000,0.003883
1749262668,0.00377100,4220.00000000,0.003883
1749262668,0.00376500,64000.00000000,0.003883
1749262668,0.00376400,683307.00000000,0.003883
1749262971,0.00388000,16598.00000000,0.003882
1749262971,0.00387900,119219.00000000,0.003882
1749262971,0.00387800,54740.00000000,0.003882
1749262971,0.00387700,95293.00000000,0.003882
1749262971,0.00387600,97757.00000000,0.003882
1749262971,0.00387500,95892.00000000,0.003882
1749262971,0.00387400,135341.00000000,0.003882
1749262971,0.00387300,63268.00000000,0.003882
1749262971,0.00387200,63290.00000000,0.003882
1749262971,0.00387100,97343.00000000,0.003882
1749262971,0.00387000,100854.00000000,0.003882
1749262971,0.00386900,97330.00000000,0.003882
1749262971,0.00386800,83797.00000000,0.003882
1749262971,0.00386700,71564.00000000,0.003882
1749262971,0.00386600,4644769.00000000,0.003882
1749262971,0.00386500,46580.00000000,0.003882
1749262971,0.00386400,145473.00000000,0.003882
1749262971,0.00386300,555226.00000000,0.003882
1749262971,0.00386200,80587.00000000,0.003882
1749262971,0.00386100,71125.00000000,0.003882
1749262971,0.00386000,161425.00000000,0.003882
1749262971,0.00385900,226692.00000000,0.003882
1749262971,0.00385800,80587.00000000,0.003882
1749262971,0.00385700,185671.00000000,0.003882
1749262971,0.00385600,364788.00000000,0.003882
1749262971,0.00385500,84146.00000000,0.003882
1749262971,0.00385400,71460.00000000,0.003882
1749262971,0.00385300,185005.00000000,0.003882
1749262971,0.00385200,441904.00000000,0.003882
1749262971,0.00385100,260596.00000000,0.003882
1749262971,0.00385000,1474452.00000000,0.003882
1749262971,0.00384900,47881.00000000,0.003882
1749262971,0.00384800,85447.00000000,0.003882
1749262971,0.00384700,345678.00000000,0.003882
1749262971,0.00384600,47882.00000000,0.003882
1749262971,0.00384500,280675.00000000,0.003882
1749262971,0.00384400,92912.00000000,0.003882
1749262971,0.00384300,47883.00000000,0.003882
1749262971,0.00384200,81891.00000000,0.003882
1749262971,0.00384100,687560.00000000,0.003882
1749262971,0.00384000,173456.00000000,0.003882
1749262971,0.00383900,81910.00000000,0.003882
1749262971,0.00383800,1305.00000000,0.003882
1749262971,0.00383700,224803.00000000,0.003882
1749262971,0.00383600,174498.00000000,0.003882
1749262971,0.00383500,34863.00000000,0.003882
1749262971,0.00383400,1306.00000000,0.003882
1749262971,0.00383300,51341.00000000,0.003882
1749262971,0.00383200,15751.00000000,0.003882
1749262971,0.00383100,1307.00000000,0.003882
1749262971,0.00383000,2738.00000000,0.003882
1749262971,0.00382900,38874.00000000,0.003882
1749262971,0.00382800,1308.00000000,0.003882
1749262971,0.00382700,38838.00000000,0.003882
1749262971,0.00382600,38875.00000000,0.003882
1749262971,0.00382500,1309.00000000,0.003882
1749262971,0.00382400,1310.00000000,0.003882
1749262971,0.00382300,1310.00000000,0.003882
1749262971,0.00382200,201292.00000000,0.003882
1749262971,0.00382100,38877.00000000,0.003882
1749262971,0.00382000,21311.00000000,0.003882
1749262971,0.00381900,2750.00000000,0.003882
1749262971,0.00381800,1312.00000000,0.003882
1749262971,0.00381700,38878.00000000,0.003882
1749262971,0.00381600,377456.00000000,0.003882
1749262971,0.00381500,1313.00000000,0.003882
1749262971,0.00381400,49041.00000000,0.003882
1749262971,0.00381300,1313.00000000,0.003882
1749262971,0.00381200,5489.00000000,0.003882
1749262971,0.00381100,1314.00000000,0.003882
1749262971,0.00381000,25314.00000000,0.003882
1749262971,0.00380900,1315.00000000,0.003882
1749262971,0.00380800,2763.00000000,0.003882
1749262971,0.00380700,202085.00000000,0.003882
1749262971,0.00380600,3452.00000000,0.003882
1749262971,0.00380500,1316.00000000,0.003882
1749262971,0.00380400,4195.00000000,0.003882
1749262971,0.00380300,1317.00000000,0.003882
1749262971,0.00380200,914285.00000000,0.003882
1749262971,0.00380100,5258.00000000,0.003882
1749262971,0.00380000,84340.00000000,0.003882
1749262971,0.00379700,1457.00000000,0.003882
1749262971,0.00379600,6329.00000000,0.003882
1749262971,0.00379500,5064.00000000,0.003882
1749262971,0.00379300,22619.00000000,0.003882
1749262971,0.00379000,42000.00000000,0.003882
1749262971,0.00378600,270466.00000000,0.003882
1749262971,0.00378500,6642.00000000,0.003882
1749262971,0.00378100,7556.00000000,0.003882
1749262971,0.00378000,50000.00000000,0.003882
1749262971,0.00377900,9511.00000000,0.003882
1749262971,0.00377800,79420.00000000,0.003882
1749262971,0.00377600,5090.00000000,0.003882
1749262971,0.00377500,1475.00000000,0.003882
1749262971,0.00377400,21190.00000000,0.003882
1749262971,0.00377100,4220.00000000,0.003882
1749262971,0.00376500,91333.00000000,0.003882
1749262971,0.00376400,683307.00000000,0.003882
1749262971,0.00375700,5115.00000000,0.003882
1749262971,0.00375600,8222.00000000,0.003882
1749263279,0.00388400,46580.00000000,0.003885
1749263279,0.00388300,105462.00000000,0.003885
1749263279,0.00388200,15014.00000000,0.003885
1749263279,0.00388100,16490.00000000,0.003885
1749263279,0.00388000,33261.00000000,0.003885
1749263279,0.00387900,76851.00000000,0.003885
1749263279,0.00387800,145891.00000000,0.003885
1749263279,0.00387700,243615.00000000,0.003885
1749263279,0.00387600,176916.00000000,0.003885
1749263279,0.00387500,83214.00000000,0.003885
1749263279,0.00387400,135341.00000000,0.003885
1749263279,0.00387300,63268.00000000,0.003885
1749263279,0.00387200,63290.00000000,0.003885
1749263279,0.00387100,97343.00000000,0.003885
1749263279,0.00387000,100854.00000000,0.003885
1749263279,0.00386900,80622.00000000,0.003885
1749263279,0.00386800,3123046.00000000,0.003885
1749263279,0.00386700,1696198.00000000,0.003885
1749263279,0.00386600,80578.00000000,0.003885
1749263279,0.00386500,71125.00000000,0.003885
1749263279,0.00386400,118153.00000000,0.003885
1749263279,0.00386300,632505.00000000,0.003885
1749263279,0.00386200,80587.00000000,0.003885
1749263279,0.00386100,46580.00000000,0.003885
1749263279,0.00386000,84146.00000000,0.003885
1749263279,0.00385900,226692.00000000,0.003885
1749263279,0.00385800,195004.00000000,0.003885
1749263279,0.00385700,185671.00000000,0.003885
1749263279,0.00385600,364788.00000000,0.003885
1749263279,0.00385500,84146.00000000,0.003885
1749263279,0.00385400,71460.00000000,0.003885
1749263279,0.00385300,185005.00000000,0.003885
1749263279,0.00385200,300647.00000000,0.003885
1749263279,0.00385100,1652794.00000000,0.003885
1749263279,0.00385000,96814.00000000,0.003885
1749263279,0.00384900,47881.00000000,0.003885
1749263279,0.00384800,85447.00000000,0.003885
1749263279,0.00384700,345678.00000000,0.003885
1749263279,0.00384600,47882.00000000,0.003885
1749263279,0.00384500,280675.00000000,0.003885
1749263279,0.00384400,77959.00000000,0.003885
1749263279,0.00384300,47883.00000000,0.003885
1749263279,0.00384200,107637.00000000,0.003885
1749263279,0.00384100,640980.00000000,0.003885
1749263279,0.00384000,173456.00000000,0.003885
1749263279,0.00383900,35330.00000000,0.003885
1749263279,0.00383800,1305.00000000,0.003885
1749263279,0.00383700,258343.00000000,0.003885
1749263279,0.00383600,43280.00000000,0.003885
1749263279,0.00383500,1306.00000000,0.003885
1749263279,0.00383400,1306.00000000,0.003885
1749263279,0.00383300,51341.00000000,0.003885
1749263279,0.00383200,15751.00000000,0.003885
1749263279,0.00383100,1307.00000000,0.003885
1749263279,0.00383000,2738.00000000,0.003885
1749263279,0.00382900,38874.00000000,0.003885
1749263279,0.00382800,1308.00000000,0.003885
1749263279,0.00382700,38838.00000000,0.003885
1749263279,0.00382600,38875.00000000,0.003885
1749263279,0.00382500,1309.00000000,0.003885
1749263279,0.00382400,1310.00000000,0.003885
1749263279,0.00382300,1310.00000000,0.003885
1749263279,0.00382200,201292.00000000,0.003885
1749263279,0.00382100,38877.00000000,0.003885
1749263279,0.00382000,21311.00000000,0.003885
1749263279,0.00381900,2750.00000000,0.003885
1749263279,0.00381800,1312.00000000,0.003885
1749263279,0.00381700,38878.00000000,0.003885
1749263279,0.00381600,377456.00000000,0.003885
1749263279,0.00381500,1313.00000000,0.003885
1749263279,0.00381400,49041.00000000,0.003885
1749263279,0.00381300,1313.00000000,0.003885
1749263279,0.00381200,5489.00000000,0.003885
1749263279,0.00381100,1314.00000000,0.003885
1749263279,0.00381000,25314.00000000,0.003885
1749263279,0.00380900,1315.00000000,0.003885
1749263279,0.00380800,2763.00000000,0.003885
1749263279,0.00380700,202085.00000000,0.003885
1749263279,0.00380600,3452.00000000,0.003885
1749263279,0.00380500,1316.00000000,0.003885
1749263279,0.00380400,4195.00000000,0.003885
1749263279,0.00380300,1317.00000000,0.003885
1749263279,0.00380200,918224.00000000,0.003885
1749263279,0.00380100,1318.00000000,0.003885
1749263279,0.00380000,84340.00000000,0.003885
1749263279,0.00379700,1457.00000000,0.003885
1749263279,0.00379600,6329.00000000,0.003885
1749263279,0.00379500,5064.00000000,0.003885
1749263279,0.00379300,22619.00000000,0.003885
1749263279,0.00379000,42000.00000000,0.003885
1749263279,0.00378600,270466.00000000,0.003885
1749263279,0.00378500,6642.00000000,0.003885
1749263279,0.00378100,7556.00000000,0.003885
1749263279,0.00378000,50000.00000000,0.003885
1749263279,0.00377900,9511.00000000,0.003885
1749263279,0.00377800,79420.00000000,0.003885
1749263279,0.00377600,5090.00000000,0.003885
1749263279,0.00377500,1475.00000000,0.003885
1749263279,0.00377400,21190.00000000,0.003885
1749263279,0.00377100,4220.00000000,0.003885
1749263581,0.00388000,46580.00000000,0.003882
1749263581,0.00387900,119165.00000000,0.003882
1749263581,0.00387800,76558.00000000,0.003882
1749263581,0.00387700,95288.00000000,0.003882
1749263581,0.00387600,159047.00000000,0.003882
1749263581,0.00387500,204257.00000000,0.003882
1749263581,0.00387400,135345.00000000,0.003882
1749263581,0.00387300,63268.00000000,0.003882
1749263581,0.00387200,115151.00000000,0.003882
1749263581,0.00387100,172869.00000000,0.003882
1749263581,0.00387000,84146.00000000,0.003882
1749263581,0.00386900,80622.00000000,0.003882
1749263581,0.00386800,63140.00000000,0.003882
1749263581,0.00386700,71564.00000000,0.003882
1749263581,0.00386600,476360.00000000,0.003882
1749263581,0.00386500,4333327.00000000,0.003882
1749263581,0.00386400,118153.00000000,0.003882
1749263581,0.00386300,728403.00000000,0.003882
1749263581,0.00386200,80587.00000000,0.003882
1749263581,0.00386100,46580.00000000,0.003882
1749263581,0.00386000,108691.00000000,0.003882
1749263581,0.00385900,80587.00000000,0.003882
1749263581,0.00385800,157866.00000000,0.003882
1749263581,0.00385700,185671.00000000,0.003882
1749263581,0.00385600,364788.00000000,0.003882
1749263581,0.00385500,84146.00000000,0.003882
1749263581,0.00385400,452040.00000000,0.003882
1749263581,0.00385300,186703.00000000,0.003882
1749263581,0.00385200,298948.00000000,0.003882
1749263581,0.00385100,260596.00000000,0.003882
1749263581,0.00385000,96814.00000000,0.003882
1749263581,0.00384900,47881.00000000,0.003882
1749263581,0.00384800,85447.00000000,0.003882
1749263581,0.00384700,345678.00000000,0.003882
1749263581,0.00384600,1441890.00000000,0.003882
1749263581,0.00384500,81889.00000000,0.003882
1749263581,0.00384400,124539.00000000,0.003882
1749263581,0.00384300,272538.00000000,0.003882
1749263581,0.00384200,81891.00000000,0.003882
1749263581,0.00384100,640980.00000000,0.003882
1749263581,0.00384000,173456.00000000,0.003882
1749263581,0.00383900,35330.00000000,0.003882
1749263581,0.00383800,1305.00000000,0.003882
1749263581,0.00383700,258343.00000000,0.003882
1749263581,0.00383600,43280.00000000,0.003882
1749263581,0.00383500,1306.00000000,0.003882
1749263581,0.00383400,1306.00000000,0.003882
1749263581,0.00383300,51341.00000000,0.003882
1749263581,0.00383200,15751.00000000,0.003882
1749263581,0.00383100,1307.00000000,0.003882
1749263581,0.00383000,14755.00000000,0.003882
1749263581,0.00382900,38874.00000000,0.003882
1749263581,0.00382800,1308.00000000,0.003882
1749263581,0.00382700,38838.00000000,0.003882
1749263581,0.00382600,38875.00000000,0.003882
1749263581,0.00382500,1309.00000000,0.003882
1749263581,0.00382400,1310.00000000,0.003882
1749263581,0.00382300,1310.00000000,0.003882
1749263581,0.00382200,1310.00000000,0.003882
1749263581,0.00382100,38877.00000000,0.003882
1749263581,0.00382000,21311.00000000,0.003882
1749263581,0.00381900,2750.00000000,0.003882
1749263581,0.00381800,1312.00000000,0.003882
1749263581,0.00381700,38878.00000000,0.003882
1749263581,0.00381600,377456.00000000,0.003882
1749263581,0.00381500,1313.00000000,0.003882
1749263581,0.00381400,249442.00000000,0.003882
1749263581,0.00381300,1313.00000000,0.003882
1749263581,0.00381200,5489.00000000,0.003882
1749263581,0.00381100,1314.00000000,0.003882
1749263581,0.00381000,25314.00000000,0.003882
1749263581,0.00380900,1315.00000000,0.003882
1749263581,0.00380800,2763.00000000,0.003882
1749263581,0.00380700,202085.00000000,0.003882
1749263581,0.00380600,3452.00000000,0.003882
1749263581,0.00380500,1316.00000000,0.003882
1749263581,0.00380400,4195.00000000,0.003882
1749263581,0.00380300,14210.00000000,0.003882
1749263581,0.00380200,918224.00000000,0.003882
1749263581,0.00380100,1318.00000000,0.003882
1749263581,0.00380000,84340.00000000,0.003882
1749263581,0.00379700,1457.00000000,0.003882
1749263581,0.00379600,6329.00000000,0.003882
1749263581,0.00379500,5064.00000000,0.003882
1749263581,0.00379300,22619.00000000,0.003882
1749263581,0.00379000,311000.00000000,0.003882
1749263581,0.00378600,1466.00000000,0.003882
1749263581,0.00378500,6642.00000000,0.003882
1749263581,0.00378100,7556.00000000,0.003882
1749263581,0.00378000,50000.00000000,0.003882
1749263581,0.00377900,9511.00000000,0.003882
1749263581,0.00377800,79420.00000000,0.003882
1749263581,0.00377600,5090.00000000,0.003882
1749263581,0.00377500,1475.00000000,0.003882
1749263581,0.00377400,21190.00000000,0.003882
1749263581,0.00377100,4220.00000000,0.003882
1749263581,0.00376500,91333.00000000,0.003882
1749263581,0.00376400,683307.00000000,0.003882
1749263581,0.00376100,670870.00000000,0.003882
1749263581,0.00375700,5115.00000000,0.003882
1749263882,0.00388300,55280.00000000,0.003882
1749263882,0.00388200,118099.00000000,0.003882
1749263882,0.00388100,7622.00000000,0.003882
1749263882,0.00388000,47083.00000000,0.003882
1749263882,0.00387900,76795.00000000,0.003882
1749263882,0.00387800,90225.00000000,0.003882
1749263882,0.00387700,63754.00000000,0.003882
1749263882,0.00387600,97770.00000000,0.003882
1749263882,0.00387500,146033.00000000,0.003882
1749263882,0.00387400,135345.00000000,0.003882
1749263882,0.00387300,63268.00000000,0.003882
1749263882,0.00387200,46580.00000000,0.003882
1749263882,0.00387100,80635.00000000,0.003882
1749263882,0.00387000,398755.00000000,0.003882
1749263882,0.00386900,1676849.00000000,0.003882
1749263882,0.00386800,2734412.00000000,0.003882
1749263882,0.00386700,99183.00000000,0.003882
1749263882,0.00386600,80578.00000000,0.003882
1749263882,0.00386500,46580.00000000,0.003882
1749263882,0.00386400,118153.00000000,0.003882
1749263882,0.00386300,657093.00000000,0.003882
1749263882,0.00386200,226676.00000000,0.003882
1749263882,0.00386100,46580.00000000,0.003882
1749263882,0.00386000,99064.00000000,0.003882
1749263882,0.00385900,80587.00000000,0.003882
1749263882,0.00385800,80587.00000000,0.003882
1749263882,0.00385700,333890.00000000,0.003882
1749263882,0.00385600,1608555.00000000,0.003882
1749263882,0.00385500,84146.00000000,0.003882
1749263882,0.00385400,452040.00000000,0.003882
1749263882,0.00385300,185005.00000000,0.003882
1749263882,0.00385200,298948.00000000,0.003882
1749263882,0.00385100,260596.00000000,0.003882
1749263882,0.00385000,81892.00000000,0.003882
1749263882,0.00384900,73640.00000000,0.003882
1749263882,0.00384800,85447.00000000,0.003882
1749263882,0.00384700,345678.00000000,0.003882
1749263882,0.00384600,47882.00000000,0.003882
1749263882,0.00384500,81889.00000000,0.003882
1749263882,0.00384400,124539.00000000,0.003882
1749263882,0.00384300,200192.00000000,0.003882
1749263882,0.00384200,81891.00000000,0.003882
1749263882,0.00384100,640980.00000000,0.003882
1749263882,0.00384000,173456.00000000,0.003882
1749263882,0.00383900,81910.00000000,0.003882
1749263882,0.00383800,1305.00000000,0.003882
1749263882,0.00383700,258343.00000000,0.003882
1749263882,0.00383600,89860.00000000,0.003882
1749263882,0.00383500,1306.00000000,0.003882
1749263882,0.00383400,1306.00000000,0.003882
1749263882,0.00383300,51341.00000000,0.003882
1749263882,0.00383200,15751.00000000,0.003882
1749263882,0.00383100,1307.00000000,0.003882
1749263882,0.00383000,14755.00000000,0.003882
1749263882,0.00382900,38874.00000000,0.003882
1749263882,0.00382800,1308.00000000,0.003882
1749263882,0.00382700,38838.00000000,0.003882
1749263882,0.00382600,38875.00000000,0.003882
1749263882,0.00382500,1309.00000000,0.003882
1749263882,0.00382400,1310.00000000,0.003882
1749263882,0.00382300,201240.00000000,0.003882
1749263882,0.00382200,1310.00000000,0.003882
1749263882,0.00382100,38877.00000000,0.003882
1749263882,0.00382000,21311.00000000,0.003882
1749263882,0.00381900,2750.00000000,0.003882
1749263882,0.00381800,1312.00000000,0.003882
1749263882,0.00381700,38878.00000000,0.003882
1749263882,0.00381600,377456.00000000,0.003882
1749263882,0.00381500,1313.00000000,0.003882
1749263882,0.00381400,49041.00000000,0.003882
1749263882,0.00381300,1313.00000000,0.003882
1749263882,0.00381200,5489.00000000,0.003882
1749263882,0.00381100,1314.00000000,0.003882
1749263882,0.00381000,25314.00000000,0.003882
1749263882,0.00380900,1315.00000000,0.003882
1749263882,0.00380800,2763.00000000,0.003882
1749263882,0.00380700,202085.00000000,0.003882
1749263882,0.00380600,3452.00000000,0.003882
1749263882,0.00380500,13412.00000000,0.003882
1749263882,0.00380400,4195.00000000,0.003882
1749263882,0.00380300,14210.00000000,0.003882
1749263882,0.00380200,918224.00000000,0.003882
1749263882,0.00380100,1318.00000000,0.003882
1749263882,0.00380000,84340.00000000,0.003882
1749263882,0.00379700,1457.00000000,0.003882
1749263882,0.00379600,6329.00000000,0.003882
1749263882,0.00379500,5064.00000000,0.003882
1749263882,0.00379300,22619.00000000,0.003882
1749263882,0.00379000,42000.00000000,0.003882
1749263882,0.00378600,1466.00000000,0.003882
1749263882,0.00378500,275642.00000000,0.003882
1749263882,0.00378100,7556.00000000,0.003882
1749263882,0.00378000,50000.00000000,0.003882
1749263882,0.00377900,9511.00000000,0.003882
1749263882,0.00377800,79420.00000000,0.003882
1749263882,0.00377600,5090.00000000,0.003882
1749263882,0.00377500,1475.00000000,0.003882
1749263882,0.00377400,21190.00000000,0.003882
1749263882,0.00377100,4220.00000000,0.003882
1749263882,0.00376500,91333.00000000,0.003882
1749264184,0.00389300,46580.00000000,0.003895
1749264184,0.00389200,163243.00000000,0.003895
1749264184,0.00389100,46580.00000000,0.003895
1749264184,0.00389000,37926.00000000,0.003895
1749264184,0.00388900,60650.00000000,0.003895
1749264184,0.00388800,132046.00000000,0.003895
1749264184,0.00388700,158769.00000000,0.003895
1749264184,0.00388600,48859.00000000,0.003895
1749264184,0.00388500,200949.00000000,0.003895
1749264184,0.00388400,170159.00000000,0.003895
1749264184,0.00388300,61528.00000000,0.003895
1749264184,0.00388200,74746.00000000,0.003895
1749264184,0.00388100,33898.00000000,0.003895
1749264184,0.00388000,127730.00000000,0.003895
1749264184,0.00387900,57959.00000000,0.003895
1749264184,0.00387800,71547.00000000,0.003895
1749264184,0.00387700,16400.00000000,0.003895
1749264184,0.00387600,33898.00000000,0.003895
1749264184,0.00387500,4448516.00000000,0.003895
1749264184,0.00387400,118044.00000000,0.003895
1749264184,0.00387300,553912.00000000,0.003895
1749264184,0.00387200,385450.00000000,0.003895
1749264184,0.00387100,227613.00000000,0.003895
1749264184,0.00387000,84146.00000000,0.003895
1749264184,0.00386900,80491.00000000,0.003895
1749264184,0.00386800,80478.00000000,0.003895
1749264184,0.00386700,84146.00000000,0.003895
1749264184,0.00386600,33911.00000000,0.003895
1749264184,0.00386500,46580.00000000,0.003895
1749264184,0.00386400,218415.00000000,0.003895
1749264184,0.00386300,46580.00000000,0.003895
1749264184,0.00386200,226615.00000000,0.003895
1749264184,0.00386100,46580.00000000,0.003895
1749264184,0.00386000,272037.00000000,0.003895
1749264184,0.00385900,389885.00000000,0.003895
1749264184,0.00385800,33941.00000000,0.003895
1749264184,0.00385700,1613841.00000000,0.003895
1749264184,0.00385600,216351.00000000,0.003895
1749264184,0.00385500,84146.00000000,0.003895
1749264184,0.00385400,209849.00000000,0.003895
1749264184,0.00385300,46580.00000000,0.003895
1749264184,0.00385200,264038.00000000,0.003895
1749264184,0.00385100,119554.00000000,0.003895
1749264184,0.00385000,81809.00000000,0.003895
1749264184,0.00384900,47881.00000000,0.003895
1749264184,0.00384800,85447.00000000,0.003895
1749264184,0.00384700,1302.00000000,0.003895
1749264184,0.00384600,246616.00000000,0.003895
1749264184,0.00384500,81353.00000000,0.003895
1749264184,0.00384400,97095.00000000,0.003895
1749264184,0.00384300,1303.00000000,0.003895
1749264184,0.00384200,47884.00000000,0.003895
1749264184,0.00384100,640980.00000000,0.003895
1749264184,0.00384000,173456.00000000,0.003895
1749264184,0.00383900,47885.00000000,0.003895
1749264184,0.00383800,1305.00000000,0.003895
1749264184,0.00383700,224803.00000000,0.003895
1749264184,0.00383600,9229.00000000,0.003895
1749264184,0.00383500,1306.00000000,0.003895
1749264184,0.00383400,377968.00000000,0.003895
1749264184,0.00383300,51341.00000000,0.003895
1749264184,0.00383200,15751.00000000,0.003895
1749264184,0.00383100,200819.00000000,0.003895
1749264184,0.00383000,14755.00000000,0.003895
1749264184,0.00382900,38874.00000000,0.003895
1749264184,0.00382800,1308.00000000,0.003895
1749264184,0.00382700,38838.00000000,0.003895
1749264184,0.00382600,38875.00000000,0.003895
1749264184,0.00382500,1309.00000000,0.003895
1749264184,0.00382400,1310.00000000,0.003895
1749264184,0.00382300,1310.00000000,0.003895
1749264184,0.00382200,1310.00000000,0.003895
1749264184,0.00382100,38877.00000000,0.003895
1749264184,0.00382000,21311.00000000,0.003895
1749264184,0.00381900,2750.00000000,0.003895
1749264184,0.00381800,1312.00000000,0.003895
1749264184,0.00381700,38878.00000000,0.003895
1749264184,0.00381600,1312.00000000,0.003895
1749264184,0.00381500,1313.00000000,0.003895
1749264184,0.00381400,49041.00000000,0.003895
1749264184,0.00381300,1313.00000000,0.003895
1749264184,0.00381200,5489.00000000,0.003895
1749264184,0.00381100,1314.00000000,0.003895
1749264184,0.00381000,25314.00000000,0.003895
1749264184,0.00380900,1315.00000000,0.003895
1749264184,0.00380800,2763.00000000,0.003895
1749264184,0.00380700,202085.00000000,0.003895
1749264184,0.00380600,3452.00000000,0.003895
1749264184,0.00380500,13412.00000000,0.003895
1749264184,0.00380400,4195.00000000,0.003895
1749264184,0.00380300,14210.00000000,0.003895
1749264184,0.00380200,918224.00000000,0.003895
1749264184,0.00380100,1318.00000000,0.003895
1749264184,0.00380000,84340.00000000,0.003895
1749264184,0.00379700,1457.00000000,0.003895
1749264184,0.00379600,6329.00000000,0.003895
1749264184,0.00379500,274064.00000000,0.003895
1749264184,0.00379300,22619.00000000,0.003895
1749264184,0.00379000,42000.00000000,0.003895
1749264184,0.00378600,1466.00000000,0.003895
1749264485,0.00389400,46580.00000000,0.003894
1749264485,0.00389300,71547.00000000,0.003894
1749264485,0.00389200,116544.00000000,0.003894
1749264485,0.00389100,101526.00000000,0.003894
1749264485,0.00389000,134504.00000000,0.003894
1749264485,0.00388900,179993.00000000,0.003894
1749264485,0.00388800,170784.00000000,0.003894
1749264485,0.00388700,87883.00000000,0.003894
1749264485,0.00388600,48876.00000000,0.003894
1749264485,0.00388500,74526.00000000,0.003894
1749264485,0.00388400,198574.00000000,0.003894
1749264485,0.00388300,61528.00000000,0.003894
1749264485,0.00388200,123690.00000000,0.003894
1749264485,0.00388100,1642247.00000000,0.003894
1749264485,0.00388000,50381.00000000,0.003894
1749264485,0.00387900,46580.00000000,0.003894
1749264485,0.00387800,251933.00000000,0.003894
1749264485,0.00387600,2720397.00000000,0.003894
1749264485,0.00387500,323133.00000000,0.003894
1749264485,0.00387400,118044.00000000,0.003894
1749264485,0.00387300,46580.00000000,0.003894
1749264485,0.00387200,51544.00000000,0.003894
1749264485,0.00387100,227613.00000000,0.003894
1749264485,0.00387000,84146.00000000,0.003894
1749264485,0.00386900,80491.00000000,0.003894
1749264485,0.00386800,291519.00000000,0.003894
1749264485,0.00386700,84146.00000000,0.003894
1749264485,0.00386600,33911.00000000,0.003894
1749264485,0.00386500,46580.00000000,0.003894
1749264485,0.00386400,84146.00000000,0.003894
1749264485,0.00386300,555226.00000000,0.003894
1749264485,0.00386200,226615.00000000,0.003894
1749264485,0.00386100,46580.00000000,0.003894
1749264485,0.00386000,132962.00000000,0.003894
1749264485,0.00385900,46580.00000000,0.003894
1749264485,0.00385800,33941.00000000,0.003894
1749264485,0.00385700,1639521.00000000,0.003894
1749264485,0.00385600,216351.00000000,0.003894
1749264485,0.00385500,84146.00000000,0.003894
1749264485,0.00385400,209849.00000000,0.003894
1749264485,0.00385300,46580.00000000,0.003894
1749264485,0.00385200,264038.00000000,0.003894
1749264485,0.00385100,119554.00000000,0.003894
1749264485,0.00385000,221246.00000000,0.003894
1749264485,0.00384900,392078.00000000,0.003894
1749264485,0.00384800,85447.00000000,0.003894
1749264485,0.00384700,1302.00000000,0.003894
1749264485,0.00384600,246616.00000000,0.003894
1749264485,0.00384500,81353.00000000,0.003894
1749264485,0.00384400,90532.00000000,0.003894
1749264485,0.00384300,1303.00000000,0.003894
1749264485,0.00384200,47884.00000000,0.003894
1749264485,0.00384100,640980.00000000,0.003894
1749264485,0.00384000,173456.00000000,0.003894
1749264485,0.00383900,47885.00000000,0.003894
1749264485,0.00383800,1305.00000000,0.003894
1749264485,0.00383700,224803.00000000,0.003894
1749264485,0.00383600,9229.00000000,0.003894
1749264485,0.00383500,1306.00000000,0.003894
1749264485,0.00383400,377968.00000000,0.003894
1749264485,0.00383300,51341.00000000,0.003894
1749264485,0.00383200,15751.00000000,0.003894
1749264485,0.00383100,1307.00000000,0.003894
1749264485,0.00383000,14755.00000000,0.003894
1749264485,0.00382900,38874.00000000,0.003894
1749264485,0.00382800,1308.00000000,0.003894
1749264485,0.00382700,38838.00000000,0.003894
1749264485,0.00382600,38875.00000000,0.003894
1749264485,0.00382500,1309.00000000,0.003894
1749264485,0.00382400,1310.00000000,0.003894
1749264485,0.00382300,201240.00000000,0.003894
1749264485,0.00382200,1310.00000000,0.003894
1749264485,0.00382100,38877.00000000,0.003894
1749264485,0.00382000,21311.00000000,0.003894
1749264485,0.00381900,2750.00000000,0.003894
1749264485,0.00381800,1312.00000000,0.003894
1749264485,0.00381700,38878.00000000,0.003894
1749264485,0.00381600,1312.00000000,0.003894
1749264485,0.00381500,1313.00000000,0.003894
1749264485,0.00381400,52968.00000000,0.003894
1749264485,0.00381300,1313.00000000,0.003894
1749264485,0.00381200,5489.00000000,0.003894
1749264485,0.00381100,1314.00000000,0.003894
1749264485,0.00381000,25314.00000000,0.003894
1749264485,0.00380900,1315.00000000,0.003894
1749264485,0.00380800,2763.00000000,0.003894
1749264485,0.00380700,202085.00000000,0.003894
1749264485,0.00380600,3452.00000000,0.003894
1749264485,0.00380500,13412.00000000,0.003894
1749264485,0.00380400,4195.00000000,0.003894
1749264485,0.00380300,14210.00000000,0.003894
1749264485,0.00380200,914285.00000000,0.003894
1749264485,0.00380100,1318.00000000,0.003894
1749264485,0.00380000,84340.00000000,0.003894
1749264485,0.00379700,1457.00000000,0.003894
1749264485,0.00379600,6329.00000000,0.003894
1749264485,0.00379500,274064.00000000,0.003894
1749264485,0.00379300,22619.00000000,0.003894
1749264485,0.00379000,42000.00000000,0.003894
1749264485,0.00378600,1466.00000000,0.003894
1749264787,0.00389900,46580.00000000,0.0039
1749264787,0.00389800,71415.00000000,0.0039
1749264787,0.00389700,62226.00000000,0.0039
1749264787,0.00389600,85040.00000000,0.0039
1749264787,0.00389500,75644.00000000,0.0039
1749264787,0.00389400,134259.00000000,0.0039
1749264787,0.00389300,194806.00000000,0.0039
1749264787,0.00389200,240678.00000000,0.0039
1749264787,0.00389100,63042.00000000,0.0039
1749264787,0.00389000,80506.00000000,0.0039
1749264787,0.00388900,50317.00000000,0.0039
1749264787,0.00388800,1717699.00000000,0.0039
1749264787,0.00388700,2768606.00000000,0.0039
1749264787,0.00388600,401398.00000000,0.0039
1749264787,0.00388500,76850.00000000,0.0039
1749264787,0.00388400,133075.00000000,0.0039
1749264787,0.00388300,61528.00000000,0.0039
1749264787,0.00388200,46580.00000000,0.0039
1749264787,0.00388100,50350.00000000,0.0039
1749264787,0.00388000,33981.00000000,0.0039
1749264787,0.00387900,46580.00000000,0.0039
1749264787,0.00387800,111842.00000000,0.0039
1749264787,0.00387600,33898.00000000,0.0039
1749264787,0.00387500,46580.00000000,0.0039
1749264787,0.00387400,118044.00000000,0.0039
1749264787,0.00387300,610821.00000000,0.0039
1749264787,0.00387200,51544.00000000,0.0039
1749264787,0.00387100,616645.00000000,0.0039
1749264787,0.00387000,84146.00000000,0.0039
1749264787,0.00386900,80491.00000000,0.0039
1749264787,0.00386800,80478.00000000,0.0039
1749264787,0.00386700,1470584.00000000,0.0039
1749264787,0.00386600,59554.00000000,0.0039
1749264787,0.00386500,46580.00000000,0.0039
1749264787,0.00386400,281954.00000000,0.0039
1749264787,0.00386300,695810.00000000,0.0039
1749264787,0.00386200,226615.00000000,0.0039
1749264787,0.00386100,185619.00000000,0.0039
1749264787,0.00386000,132962.00000000,0.0039
1749264787,0.00385900,389885.00000000,0.0039
1749264787,0.00385800,35633.00000000,0.0039
1749264787,0.00385700,222114.00000000,0.0039
1749264787,0.00385600,216351.00000000,0.0039
1749264787,0.00385500,84146.00000000,0.0039
1749264787,0.00385400,209849.00000000,0.0039
1749264787,0.00385300,79982.00000000,0.0039
1749264787,0.00385200,264038.00000000,0.0039
1749264787,0.00385100,119554.00000000,0.0039
1749264787,0.00385000,81809.00000000,0.0039
1749264787,0.00384900,47881.00000000,0.0039
1749264787,0.00384800,85447.00000000,0.0039
1749264787,0.00384700,1302.00000000,0.0039
1749264787,0.00384600,47882.00000000,0.0039
1749264787,0.00384500,47882.00000000,0.0039
1749264787,0.00384400,90532.00000000,0.0039
1749264787,0.00384300,1303.00000000,0.0039
1749264787,0.00384200,1304.00000000,0.0039
1749264787,0.00384100,38870.00000000,0.0039
1749264787,0.00384000,173456.00000000,0.0039
1749264787,0.00383900,1305.00000000,0.0039
1749264787,0.00383800,1305.00000000,0.0039
1749264787,0.00383700,224803.00000000,0.0039
1749264787,0.00383600,9229.00000000,0.0039
1749264787,0.00383500,1306.00000000,0.0039
1749264787,0.00383400,377968.00000000,0.0039
1749264787,0.00383300,51341.00000000,0.0039
1749264787,0.00383200,215211.00000000,0.0039
1749264787,0.00383100,1307.00000000,0.0039
1749264787,0.00383000,14755.00000000,0.0039
1749264787,0.00382900,38874.00000000,0.0039
1749264787,0.00382800,1308.00000000,0.0039
1749264787,0.00382700,38838.00000000,0.0039
1749264787,0.00382600,38875.00000000,0.0039
1749264787,0.00382500,1309.00000000,0.0039
1749264787,0.00382400,1310.00000000,0.0039
1749264787,0.00382300,1310.00000000,0.0039
1749264787,0.00382200,1310.00000000,0.0039
1749264787,0.00382100,38877.00000000,0.0039
1749264787,0.00382000,21311.00000000,0.0039
1749264787,0.00381900,2750.00000000,0.0039
1749264787,0.00381800,1312.00000000,0.0039
1749264787,0.00381700,38878.00000000,0.0039
1749264787,0.00381600,201608.00000000,0.0039
1749264787,0.00381500,1313.00000000,0.0039
1749264787,0.00381400,52968.00000000,0.0039
1749264787,0.00381300,1313.00000000,0.0039
1749264787,0.00381200,5489.00000000,0.0039
1749264787,0.00381100,1314.00000000,0.0039
1749264787,0.00381000,25314.00000000,0.0039
1749264787,0.00380900,1315.00000000,0.0039
1749264787,0.00380800,2763.00000000,0.0039
1749264787,0.00380700,1315.00000000,0.0039
1749264787,0.00380600,3452.00000000,0.0039
1749264787,0.00380500,13412.00000000,0.0039
1749264787,0.00380400,4195.00000000,0.0039
1749264787,0.00380300,14210.00000000,0.0039
1749264787,0.00380200,914285.00000000,0.0039
1749264787,0.00380100,1318.00000000,0.0039
1749264787,0.00380000,84340.00000000,0.0039
1749264787,0.00379700,1457.00000000,0.0039
1749265089,0.00390800,137174.00000000,0.00391
1749265089,0.00390700,17153.00000000,0.00391
1749265089,0.00390600,116459.00000000,0.00391
1749265089,0.00390500,96796.00000000,0.00391
1749265089,0.00390400,94928.00000000,0.00391
1749265089,0.00390300,173226.00000000,0.00391
1749265089,0.00390200,251627.00000000,0.00391
1749265089,0.00390100,96054.00000000,0.00391
1749265089,0.00390000,96054.00000000,0.00391
1749265089,0.00389900,62256.00000000,0.00391
1749265089,0.00389800,115384.00000000,0.00391
1749265089,0.00389700,176072.00000000,0.00391
1749265089,0.00389600,4344943.00000000,0.00391
1749265089,0.00389500,53194.00000000,0.00391
1749265089,0.00389400,96067.00000000,0.00391
1749265089,0.00389300,15706.00000000,0.00391
1749265089,0.00389200,392339.00000000,0.00391
1749265089,0.00389000,46580.00000000,0.00391
1749265089,0.00388900,33907.00000000,0.00391
1749265089,0.00388800,46580.00000000,0.00391
1749265089,0.00388700,71473.00000000,0.00391
1749265089,0.00388600,181731.00000000,0.00391
1749265089,0.00388500,224465.00000000,0.00391
1749265089,0.00388400,118127.00000000,0.00391
1749265089,0.00388300,531604.00000000,0.00391
1749265089,0.00388200,46580.00000000,0.00391
1749265089,0.00388100,33898.00000000,0.00391
1749265089,0.00388000,33981.00000000,0.00391
1749265089,0.00387900,46580.00000000,0.00391
1749265089,0.00387800,71547.00000000,0.00391
1749265089,0.00387700,1382862.00000000,0.00391
1749265089,0.00387600,33898.00000000,0.00391
1749265089,0.00387500,243827.00000000,0.00391
1749265089,0.00387400,118044.00000000,0.00391
1749265089,0.00387300,66455.00000000,0.00391
1749265089,0.00387200,197256.00000000,0.00391
1749265089,0.00387100,219158.00000000,0.00391
1749265089,0.00387000,84146.00000000,0.00391
1749265089,0.00386900,422909.00000000,0.00391
1749265089,0.00386800,80478.00000000,0.00391
1749265089,0.00386700,259226.00000000,0.00391
1749265089,0.00386600,169432.00000000,0.00391
1749265089,0.00386500,46580.00000000,0.00391
1749265089,0.00386400,222177.00000000,0.00391
1749265089,0.00386300,836414.00000000,0.00391
1749265089,0.00386200,82213.00000000,0.00391
1749265089,0.00386100,79913.00000000,0.00391
1749265089,0.00386000,118044.00000000,0.00391
1749265089,0.00385900,46580.00000000,0.00391
1749265089,0.00385800,33941.00000000,0.00391
1749265089,0.00385700,46580.00000000,0.00391
1749265089,0.00385600,80478.00000000,0.00391
1749265089,0.00385500,84146.00000000,0.00391
1749265089,0.00385400,71460.00000000,0.00391
1749265089,0.00385300,46580.00000000,0.00391
1749265089,0.00385200,321457.00000000,0.00391
1749265089,0.00385100,72974.00000000,0.00391
1749265089,0.00385000,206934.00000000,0.00391
1749265089,0.00384900,1301.00000000,0.00391
1749265089,0.00384800,406228.00000000,0.00391
1749265089,0.00384700,173505.00000000,0.00391
1749265089,0.00384600,1302.00000000,0.00391
1749265089,0.00384500,1302.00000000,0.00391
1749265089,0.00384400,43952.00000000,0.00391
1749265089,0.00384300,1303.00000000,0.00391
1749265089,0.00384200,1304.00000000,0.00391
1749265089,0.00384100,38870.00000000,0.00391
1749265089,0.00384000,1304.00000000,0.00391
1749265089,0.00383900,1305.00000000,0.00391
1749265089,0.00383800,1305.00000000,0.00391
1749265089,0.00383700,52204.00000000,0.00391
1749265089,0.00383600,9229.00000000,0.00391
1749265089,0.00383500,1306.00000000,0.00391
1749265089,0.00383400,1306.00000000,0.00391
1749265089,0.00383300,51341.00000000,0.00391
1749265089,0.00383200,15751.00000000,0.00391
1749265089,0.00383100,1307.00000000,0.00391
1749265089,0.00383000,14755.00000000,0.00391
1749265089,0.00382900,38874.00000000,0.00391
1749265089,0.00382800,1308.00000000,0.00391
1749265089,0.00382700,38838.00000000,0.00391
1749265089,0.00382600,38875.00000000,0.00391
1749265089,0.00382500,1309.00000000,0.00391
1749265089,0.00382400,201187.00000000,0.00391
1749265089,0.00382300,1310.00000000,0.00391
1749265089,0.00382200,1310.00000000,0.00391
1749265089,0.00382100,38877.00000000,0.00391
1749265089,0.00382000,25231.00000000,0.00391
1749265089,0.00381900,2750.00000000,0.00391
1749265089,0.00381800,1312.00000000,0.00391
1749265089,0.00381700,38878.00000000,0.00391
1749265089,0.00381600,1312.00000000,0.00391
1749265089,0.00381500,1313.00000000,0.00391
1749265089,0.00381400,49041.00000000,0.00391
1749265089,0.00381300,1313.00000000,0.00391
1749265089,0.00381200,5489.00000000,0.00391
1749265089,0.00381100,1314.00000000,0.00391
1749265089,0.00381000,25314.00000000,0.00391
1749265089,0.00380900,1315.00000000,0.00391
1749265089,0.00380800,2763.00000000,0.00391
1749265393,0.00390400,46580.00000000,0.003904
1749265393,0.00390300,108940.00000000,0.003904
1749265393,0.00390200,78919.00000000,0.003904
1749265393,0.00390100,78901.00000000,0.003904
1749265393,0.00390000,62256.00000000,0.003904
1749265393,0.00389900,62256.00000000,0.003904
1749265393,0.00389800,100247.00000000,0.003904
1749265393,0.00389700,100504.00000000,0.003904
1749265393,0.00389600,163586.00000000,0.003904
1749265393,0.00389500,53194.00000000,0.003904
1749265393,0.00389400,96067.00000000,0.003904
1749265393,0.00389300,158151.00000000,0.003904
1749265393,0.00389200,118031.00000000,0.003904
1749265393,0.00389000,321351.00000000,0.003904
1749265393,0.00388900,80487.00000000,0.003904
1749265393,0.00388800,125309.00000000,0.003904
1749265393,0.00388700,71473.00000000,0.003904
1749265393,0.00388600,4307551.00000000,0.003904
1749265393,0.00388400,118127.00000000,0.003904
1749265393,0.00388300,506026.00000000,0.003904
1749265393,0.00388200,46580.00000000,0.003904
1749265393,0.00388100,210090.00000000,0.003904
1749265393,0.00388000,33981.00000000,0.003904
1749265393,0.00387900,46580.00000000,0.003904
1749265393,0.00387800,440639.00000000,0.003904
1749265393,0.00387600,33898.00000000,0.003904
1749265393,0.00387500,46580.00000000,0.003904
1749265393,0.00387400,118044.00000000,0.003904
1749265393,0.00387300,51625.00000000,0.003904
1749265393,0.00387200,197256.00000000,0.003904
1749265393,0.00387100,219158.00000000,0.003904
1749265393,0.00387000,84146.00000000,0.003904
1749265393,0.00386900,422909.00000000,0.003904
1749265393,0.00386800,80478.00000000,0.003904
1749265393,0.00386700,1858164.00000000,0.003904
1749265393,0.00386600,169432.00000000,0.003904
1749265393,0.00386500,46580.00000000,0.003904
1749265393,0.00386400,222177.00000000,0.003904
1749265393,0.00386300,187184.00000000,0.003904
1749265393,0.00386200,80526.00000000,0.003904
1749265393,0.00386100,79913.00000000,0.003904
1749265393,0.00386000,118044.00000000,0.003904
1749265393,0.00385900,46580.00000000,0.003904
1749265393,0.00385800,35630.00000000,0.003904
1749265393,0.00385700,46580.00000000,0.003904
1749265393,0.00385600,80478.00000000,0.003904
1749265393,0.00385500,84146.00000000,0.003904
1749265393,0.00385400,71460.00000000,0.003904
1749265393,0.00385300,46580.00000000,0.003904
1749265393,0.00385200,321457.00000000,0.003904
1749265393,0.00385100,776624.00000000,0.003904
1749265393,0.00385000,206934.00000000,0.003904
1749265393,0.00384900,1301.00000000,0.003904
1749265393,0.00384800,406228.00000000,0.003904
1749265393,0.00384700,173505.00000000,0.003904
1749265393,0.00384600,1302.00000000,0.003904
1749265393,0.00384500,1302.00000000,0.003904
1749265393,0.00384400,43952.00000000,0.003904
1749265393,0.00384300,1303.00000000,0.003904
1749265393,0.00384200,1304.00000000,0.003904
1749265393,0.00384100,38870.00000000,0.003904
1749265393,0.00384000,1304.00000000,0.003904
1749265393,0.00383900,1305.00000000,0.003904
1749265393,0.00383800,1305.00000000,0.003904
1749265393,0.00383700,52204.00000000,0.003904
1749265393,0.00383600,9229.00000000,0.003904
1749265393,0.00383500,1306.00000000,0.003904
1749265393,0.00383400,1306.00000000,0.003904
1749265393,0.00383300,51341.00000000,0.003904
1749265393,0.00383200,15751.00000000,0.003904
1749265393,0.00383100,1307.00000000,0.003904
1749265393,0.00383000,14755.00000000,0.003904
1749265393,0.00382900,38874.00000000,0.003904
1749265393,0.00382800,1308.00000000,0.003904
1749265393,0.00382700,38838.00000000,0.003904
1749265393,0.00382600,38875.00000000,0.003904
1749265393,0.00382500,1309.00000000,0.003904
1749265393,0.00382400,201187.00000000,0.003904
1749265393,0.00382300,1310.00000000,0.003904
1749265393,0.00382200,1310.00000000,0.003904
1749265393,0.00382100,38877.00000000,0.003904
1749265393,0.00382000,25231.00000000,0.003904
1749265393,0.00381900,2750.00000000,0.003904
1749265393,0.00381800,1312.00000000,0.003904
1749265393,0.00381700,38878.00000000,0.003904
1749265393,0.00381600,1312.00000000,0.003904
1749265393,0.00381500,1313.00000000,0.003904
1749265393,0.00381400,49041.00000000,0.003904
1749265393,0.00381300,1313.00000000,0.003904
1749265393,0.00381200,5489.00000000,0.003904
1749265393,0.00381100,1314.00000000,0.003904
1749265393,0.00381000,25314.00000000,0.003904
1749265393,0.00380900,1315.00000000,0.003904
1749265393,0.00380800,702335.00000000,0.003904
1749265393,0.00380700,1315.00000000,0.003904
1749265393,0.00380600,3452.00000000,0.003904
1749265393,0.00380500,13412.00000000,0.003904
1749265393,0.00380400,273195.00000000,0.003904
1749265393,0.00380300,14210.00000000,0.003904
1749265393,0.00380200,914285.00000000,0.003904
1749265700,0.00390900,46580.00000000,0.003908
1749265700,0.00390800,102207.00000000,0.003908
1749265700,0.00390700,67566.00000000,0.003908
1749265700,0.00390600,126260.00000000,0.003908
1749265700,0.00390500,188214.00000000,0.003908
1749265700,0.00390400,144430.00000000,0.003908
1749265700,0.00390300,190611.00000000,0.003908
1749265700,0.00390200,96042.00000000,0.003908
1749265700,0.00390100,62256.00000000,0.003908
1749265700,0.00390000,96058.00000000,0.003908
1749265700,0.00389900,364223.00000000,0.003908
1749265700,0.00389800,200970.00000000,0.003908
1749265700,0.00389700,62226.00000000,0.003908
1749265700,0.00389600,80421.00000000,0.003908
1749265700,0.00389500,94525.00000000,0.003908
1749265700,0.00389400,181309.00000000,0.003908
1749265700,0.00389300,2680409.00000000,0.003908
1749265700,0.00389200,1746366.00000000,0.003908
1749265700,0.00389100,57231.00000000,0.003908
1749265700,0.00389000,46580.00000000,0.003908
1749265700,0.00388900,80487.00000000,0.003908
1749265700,0.00388800,105224.00000000,0.003908
1749265700,0.00388700,86307.00000000,0.003908
1749265700,0.00388600,182176.00000000,0.003908
1749265700,0.00388400,118127.00000000,0.003908
1749265700,0.00388300,506026.00000000,0.003908
1749265700,0.00388200,46580.00000000,0.003908
1749265700,0.00388100,33898.00000000,0.003908
1749265700,0.00388000,33981.00000000,0.003908
1749265700,0.00387900,72164.00000000,0.003908
1749265700,0.00387800,575741.00000000,0.003908
1749265700,0.00387700,197145.00000000,0.003908
1749265700,0.00387600,33898.00000000,0.003908
1749265700,0.00387500,1567795.00000000,0.003908
1749265700,0.00387400,258249.00000000,0.003908
1749265700,0.00387300,751405.00000000,0.003908
1749265700,0.00387200,197256.00000000,0.003908
1749265700,0.00387100,394067.00000000,0.003908
1749265700,0.00387000,84146.00000000,0.003908
1749265700,0.00386900,422909.00000000,0.003908
1749265700,0.00386800,80478.00000000,0.003908
1749265700,0.00386700,84146.00000000,0.003908
1749265700,0.00386600,33911.00000000,0.003908
1749265700,0.00386500,46580.00000000,0.003908
1749265700,0.00386400,85834.00000000,0.003908
1749265700,0.00386300,46580.00000000,0.003908
1749265700,0.00386200,80526.00000000,0.003908
1749265700,0.00386100,79913.00000000,0.003908
1749265700,0.00386000,487317.00000000,0.003908
1749265700,0.00385900,46580.00000000,0.003908
1749265700,0.00385800,33941.00000000,0.003908
1749265700,0.00385700,46580.00000000,0.003908
1749265700,0.00385600,80478.00000000,0.003908
1749265700,0.00385500,84146.00000000,0.003908
1749265700,0.00385400,71460.00000000,0.003908
1749265700,0.00385300,46580.00000000,0.003908
1749265700,0.00385200,76453.00000000,0.003908
1749265700,0.00385100,72974.00000000,0.003908
1749265700,0.00385000,35229.00000000,0.003908
1749265700,0.00384900,1301.00000000,0.003908
1749265700,0.00384800,406228.00000000,0.003908
1749265700,0.00384700,173505.00000000,0.003908
1749265700,0.00384600,1302.00000000,0.003908
1749265700,0.00384500,1302.00000000,0.003908
1749265700,0.00384400,43952.00000000,0.003908
1749265700,0.00384300,1303.00000000,0.003908
1749265700,0.00384200,1304.00000000,0.003908
1749265700,0.00384100,38870.00000000,0.003908
1749265700,0.00384000,1304.00000000,0.003908
1749265700,0.00383900,1305.00000000,0.003908
1749265700,0.00383800,1305.00000000,0.003908
1749265700,0.00383700,52204.00000000,0.003908
1749265700,0.00383600,9229.00000000,0.003908
1749265700,0.00383500,1306.00000000,0.003908
1749265700,0.00383400,1306.00000000,0.003908
1749265700,0.00383300,250749.00000000,0.003908
1749265700,0.00383200,15751.00000000,0.003908
1749265700,0.00383100,1307.00000000,0.003908
1749265700,0.00383000,18665.00000000,0.003908
1749265700,0.00382900,38874.00000000,0.003908
1749265700,0.00382800,1308.00000000,0.003908
1749265700,0.00382700,38838.00000000,0.003908
1749265700,0.00382600,38875.00000000,0.003908
1749265700,0.00382500,1309.00000000,0.003908
1749265700,0.00382400,1310.00000000,0.003908
1749265700,0.00382300,1310.00000000,0.003908
1749265700,0.00382200,1310.00000000,0.003908
1749265700,0.00382100,38877.00000000,0.003908
1749265700,0.00382000,21311.00000000,0.003908
1749265700,0.00381900,2750.00000000,0.003908
1749265700,0.00381800,1312.00000000,0.003908
1749265700,0.00381700,38878.00000000,0.003908
1749265700,0.00381600,1312.00000000,0.003908
1749265700,0.00381500,1313.00000000,0.003908
1749265700,0.00381400,318041.00000000,0.003908
1749265700,0.00381300,1313.00000000,0.003908
1749265700,0.00381200,5489.00000000,0.003908
1749265700,0.00381100,1314.00000000,0.003908
1749265700,0.00381000,25314.00000000,0.003908
1749265700,0.00380900,1315.00000000,0.003908
1749266002,0.00391200,46580.00000000,0.003913
1749266002,0.00391100,132696.00000000,0.003913
1749266002,0.00391000,59677.00000000,0.003913
1749266002,0.00390900,111679.00000000,0.003913
1749266002,0.00390800,95956.00000000,0.003913
1749266002,0.00390700,195883.00000000,0.003913
1749266002,0.00390600,205909.00000000,0.003913
1749266002,0.00390500,62130.00000000,0.003913
1749266002,0.00390400,95943.00000000,0.003913
1749266002,0.00390300,159223.00000000,0.003913
1749266002,0.00390200,124335.00000000,0.003913
1749266002,0.00390100,335899.00000000,0.003913
1749266002,0.00390000,198443.00000000,0.003913
1749266002,0.00389900,62256.00000000,0.003913
1749266002,0.00389800,87036.00000000,0.003913
1749266002,0.00389700,260997.00000000,0.003913
1749266002,0.00389600,4404047.00000000,0.003913
1749266002,0.00389500,78897.00000000,0.003913
1749266002,0.00389400,138993.00000000,0.003913
1749266002,0.00389300,519549.00000000,0.003913
1749266002,0.00389200,158181.00000000,0.003913
1749266002,0.00389100,57231.00000000,0.003913
1749266002,0.00389000,103242.00000000,0.003913
1749266002,0.00388900,80487.00000000,0.003913
1749266002,0.00388800,46580.00000000,0.003913
1749266002,0.00388700,71473.00000000,0.003913
1749266002,0.00388600,182176.00000000,0.003913
1749266002,0.00388500,196739.00000000,0.003913
1749266002,0.00388400,118127.00000000,0.003913
1749266002,0.00388200,191916.00000000,0.003913
1749266002,0.00388100,184080.00000000,0.003913
1749266002,0.00388000,134146.00000000,0.003913
1749266002,0.00387900,1005074.00000000,0.003913
1749266002,0.00387800,1589154.00000000,0.003913
1749266002,0.00387600,33898.00000000,0.003913
1749266002,0.00387500,184219.00000000,0.003913
1749266002,0.00387400,258249.00000000,0.003913
1749266002,0.00387300,51625.00000000,0.003913
1749266002,0.00387200,226425.00000000,0.003913
1749266002,0.00387100,80478.00000000,0.003913
1749266002,0.00387000,84146.00000000,0.003913
1749266002,0.00386900,424595.00000000,0.003913
1749266002,0.00386800,80478.00000000,0.003913
1749266002,0.00386700,84146.00000000,0.003913
1749266002,0.00386600,33911.00000000,0.003913
1749266002,0.00386500,46580.00000000,0.003913
1749266002,0.00386400,84146.00000000,0.003913
1749266002,0.00386300,244439.00000000,0.003913
1749266002,0.00386200,80526.00000000,0.003913
1749266002,0.00386100,823843.00000000,0.003913
1749266002,0.00386000,289304.00000000,0.003913
1749266002,0.00385900,46580.00000000,0.003913
1749266002,0.00385800,33941.00000000,0.003913
1749266002,0.00385700,218337.00000000,0.003913
1749266002,0.00385600,80478.00000000,0.003913
1749266002,0.00385500,37566.00000000,0.003913
1749266002,0.00385400,24880.00000000,0.003913
1749266002,0.00385200,76453.00000000,0.003913
1749266002,0.00385100,72974.00000000,0.003913
1749266002,0.00385000,35229.00000000,0.003913
1749266002,0.00384900,1301.00000000,0.003913
1749266002,0.00384800,406228.00000000,0.003913
1749266002,0.00384700,1302.00000000,0.003913
1749266002,0.00384600,1302.00000000,0.003913
1749266002,0.00384500,1302.00000000,0.003913
1749266002,0.00384400,43952.00000000,0.003913
1749266002,0.00384300,1303.00000000,0.003913
1749266002,0.00384200,1304.00000000,0.003913
1749266002,0.00384100,38870.00000000,0.003913
1749266002,0.00384000,1304.00000000,0.003913
1749266002,0.00383900,1305.00000000,0.003913
1749266002,0.00383800,1305.00000000,0.003913
1749266002,0.00383700,52204.00000000,0.003913
1749266002,0.00383600,9229.00000000,0.003913
1749266002,0.00383500,1306.00000000,0.003913
1749266002,0.00383400,1306.00000000,0.003913
1749266002,0.00383300,250749.00000000,0.003913
1749266002,0.00383200,15751.00000000,0.003913
1749266002,0.00383100,1307.00000000,0.003913
1749266002,0.00383000,18665.00000000,0.003913
1749266002,0.00382900,38874.00000000,0.003913
1749266002,0.00382800,1308.00000000,0.003913
1749266002,0.00382700,38838.00000000,0.003913
1749266002,0.00382600,38875.00000000,0.003913
1749266002,0.00382500,1309.00000000,0.003913
1749266002,0.00382400,1310.00000000,0.003913
1749266002,0.00382300,1310.00000000,0.003913
1749266002,0.00382200,1310.00000000,0.003913
1749266002,0.00382100,38877.00000000,0.003913
1749266002,0.00382000,21311.00000000,0.003913
1749266002,0.00381900,2750.00000000,0.003913
1749266002,0.00381800,1312.00000000,0.003913
1749266002,0.00381700,38878.00000000,0.003913
1749266002,0.00381600,1312.00000000,0.003913
1749266002,0.00381500,1313.00000000,0.003913
1749266002,0.00381400,49041.00000000,0.003913
1749266002,0.00381300,1313.00000000,0.003913
1749266002,0.00381200,5489.00000000,0.003913
1749266002,0.00381100,1314.00000000,0.003913
1749266002,0.00381000,25314.00000000,0.003913
1749266303,0.00390600,11339.00000000,0.003909
1749266303,0.00390500,117799.00000000,0.003909
1749266303,0.00390400,75391.00000000,0.003909
1749266303,0.00390300,213152.00000000,0.003909
1749266303,0.00390200,188609.00000000,0.003909
1749266303,0.00390100,62256.00000000,0.003909
1749266303,0.00390000,175836.00000000,0.003909
1749266303,0.00389900,180685.00000000,0.003909
1749266303,0.00389800,87036.00000000,0.003909
1749266303,0.00389700,103579.00000000,0.003909
1749266303,0.00389600,164105.00000000,0.003909
1749266303,0.00389500,416639.00000000,0.003909
1749266303,0.00389400,4405458.00000000,0.003909
1749266303,0.00389300,504726.00000000,0.003909
1749266303,0.00389200,158181.00000000,0.003909
1749266303,0.00389100,57231.00000000,0.003909
1749266303,0.00389000,103242.00000000,0.003909
1749266303,0.00388900,80487.00000000,0.003909
1749266303,0.00388800,181334.00000000,0.003909
1749266303,0.00388700,86303.00000000,0.003909
1749266303,0.00388600,182176.00000000,0.003909
1749266303,0.00388500,334024.00000000,0.003909
1749266303,0.00388400,118127.00000000,0.003909
1749266303,0.00388200,191916.00000000,0.003909
1749266303,0.00388100,184080.00000000,0.003909
1749266303,0.00388000,134146.00000000,0.003909
1749266303,0.00387900,46580.00000000,0.003909
1749266303,0.00387800,71547.00000000,0.003909
1749266303,0.00387700,46580.00000000,0.003909
1749266303,0.00387600,375798.00000000,0.003909
1749266303,0.00387500,46580.00000000,0.003909
1749266303,0.00387400,258249.00000000,0.003909
1749266303,0.00387300,1435915.00000000,0.003909
1749266303,0.00387200,226425.00000000,0.003909
1749266303,0.00387100,80478.00000000,0.003909
1749266303,0.00387000,84146.00000000,0.003909
1749266303,0.00386900,113754.00000000,0.003909
1749266303,0.00386800,82166.00000000,0.003909
1749266303,0.00386700,84146.00000000,0.003909
1749266303,0.00386600,33911.00000000,0.003909
1749266303,0.00386500,46580.00000000,0.003909
1749266303,0.00386400,218975.00000000,0.003909
1749266303,0.00386300,244439.00000000,0.003909
1749266303,0.00386200,80526.00000000,0.003909
1749266303,0.00386100,790510.00000000,0.003909
1749266303,0.00386000,289304.00000000,0.003909
1749266303,0.00385900,46580.00000000,0.003909
1749266303,0.00385800,80521.00000000,0.003909
1749266303,0.00385700,218337.00000000,0.003909
1749266303,0.00385600,80478.00000000,0.003909
1749266303,0.00385500,37566.00000000,0.003909
1749266303,0.00385400,24880.00000000,0.003909
1749266303,0.00385200,76453.00000000,0.003909
1749266303,0.00385100,72974.00000000,0.003909
1749266303,0.00385000,35229.00000000,0.003909
1749266303,0.00384900,1301.00000000,0.003909
1749266303,0.00384800,406228.00000000,0.003909
1749266303,0.00384700,1302.00000000,0.003909
1749266303,0.00384600,1302.00000000,0.003909
1749266303,0.00384500,1302.00000000,0.003909
1749266303,0.00384400,43952.00000000,0.003909
1749266303,0.00384300,1303.00000000,0.003909
1749266303,0.00384200,1304.00000000,0.003909
1749266303,0.00384100,38870.00000000,0.003909
1749266303,0.00384000,1304.00000000,0.003909
1749266303,0.00383900,1305.00000000,0.003909
1749266303,0.00383800,1305.00000000,0.003909
1749266303,0.00383700,52204.00000000,0.003909
1749266303,0.00383600,9229.00000000,0.003909
1749266303,0.00383500,1306.00000000,0.003909
1749266303,0.00383400,1306.00000000,0.003909
1749266303,0.00383300,250749.00000000,0.003909
1749266303,0.00383200,15751.00000000,0.003909
1749266303,0.00383100,694047.00000000,0.003909
1749266303,0.00383000,14755.00000000,0.003909
1749266303,0.00382900,38874.00000000,0.003909
1749266303,0.00382800,1308.00000000,0.003909
1749266303,0.00382700,38838.00000000,0.003909
1749266303,0.00382600,38875.00000000,0.003909
1749266303,0.00382500,1309.00000000,0.003909
1749266303,0.00382400,1310.00000000,0.003909
1749266303,0.00382300,1310.00000000,0.003909
1749266303,0.00382200,1310.00000000,0.003909
1749266303,0.00382100,38877.00000000,0.003909
1749266303,0.00382000,21311.00000000,0.003909
1749266303,0.00381900,2750.00000000,0.003909
1749266303,0.00381800,1312.00000000,0.003909
1749266303,0.00381700,38878.00000000,0.003909
1749266303,0.00381600,1312.00000000,0.003909
1749266303,0.00381500,1313.00000000,0.003909
1749266303,0.00381400,49041.00000000,0.003909
1749266303,0.00381300,1313.00000000,0.003909
1749266303,0.00381200,5489.00000000,0.003909
1749266303,0.00381100,1314.00000000,0.003909
1749266303,0.00381000,25314.00000000,0.003909
1749266303,0.00380900,1315.00000000,0.003909
1749266303,0.00380800,2763.00000000,0.003909
1749266303,0.00380700,1315.00000000,0.003909
1749266303,0.00380600,3452.00000000,0.003909
1749266303,0.00380500,13412.00000000,0.003909
1749266609,0.00390600,46580.00000000,0.003907
1749266609,0.00390500,118087.00000000,0.003907
1749266609,0.00390400,54940.00000000,0.003907
1749266609,0.00390300,60630.00000000,0.003907
1749266609,0.00390200,103864.00000000,0.003907
1749266609,0.00390100,62256.00000000,0.003907
1749266609,0.00390000,121665.00000000,0.003907
1749266609,0.00389900,141681.00000000,0.003907
1749266609,0.00389800,87036.00000000,0.003907
1749266609,0.00389700,116217.00000000,0.003907
1749266609,0.00389600,108648.00000000,0.003907
1749266609,0.00389500,892415.00000000,0.003907
1749266609,0.00389400,80439.00000000,0.003907
1749266609,0.00389300,504726.00000000,0.003907
1749266609,0.00389200,158181.00000000,0.003907
1749266609,0.00389100,57231.00000000,0.003907
1749266609,0.00389000,256893.00000000,0.003907
1749266609,0.00388900,4350479.00000000,0.003907
1749266609,0.00388800,105224.00000000,0.003907
1749266609,0.00388700,71473.00000000,0.003907
1749266609,0.00388600,308842.00000000,0.003907
1749266609,0.00388500,46580.00000000,0.003907
1749266609,0.00388400,118127.00000000,0.003907
1749266609,0.00388200,191916.00000000,0.003907
1749266609,0.00388100,210462.00000000,0.003907
1749266609,0.00388000,80561.00000000,0.003907
1749266609,0.00387900,46580.00000000,0.003907
1749266609,0.00387800,232263.00000000,0.003907
1749266609,0.00387700,46580.00000000,0.003907
1749266609,0.00387600,512069.00000000,0.003907
1749266609,0.00387500,184219.00000000,0.003907
1749266609,0.00387400,258249.00000000,0.003907
1749266609,0.00387300,51625.00000000,0.003907
1749266609,0.00387200,423824.00000000,0.003907
1749266609,0.00387100,219158.00000000,0.003907
1749266609,0.00387000,84146.00000000,0.003907
1749266609,0.00386900,113754.00000000,0.003907
1749266609,0.00386800,1466558.00000000,0.003907
1749266609,0.00386700,85836.00000000,0.003907
1749266609,0.00386600,33911.00000000,0.003907
1749266609,0.00386500,46580.00000000,0.003907
1749266609,0.00386400,84146.00000000,0.003907
1749266609,0.00386300,46580.00000000,0.003907
1749266609,0.00386200,80526.00000000,0.003907
1749266609,0.00386100,790510.00000000,0.003907
1749266609,0.00386000,289304.00000000,0.003907
1749266609,0.00385900,46580.00000000,0.003907
1749266609,0.00385800,80521.00000000,0.003907
1749266609,0.00385700,171757.00000000,0.003907
1749266609,0.00385600,33898.00000000,0.003907
1749266609,0.00385500,235836.00000000,0.003907
1749266609,0.00385400,24880.00000000,0.003907
1749266609,0.00385200,76453.00000000,0.003907
1749266609,0.00385100,72974.00000000,0.003907
1749266609,0.00385000,35229.00000000,0.003907
1749266609,0.00384900,1301.00000000,0.003907
1749266609,0.00384800,406228.00000000,0.003907
1749266609,0.00384700,1302.00000000,0.003907
1749266609,0.00384600,1302.00000000,0.003907
1749266609,0.00384500,1302.00000000,0.003907
1749266609,0.00384400,43952.00000000,0.003907
1749266609,0.00384300,1303.00000000,0.003907
1749266609,0.00384200,1304.00000000,0.003907
1749266609,0.00384100,38870.00000000,0.003907
1749266609,0.00384000,1304.00000000,0.003907
1749266609,0.00383900,1305.00000000,0.003907
1749266609,0.00383800,1305.00000000,0.003907
1749266609,0.00383700,52204.00000000,0.003907
1749266609,0.00383600,9229.00000000,0.003907
1749266609,0.00383500,1306.00000000,0.003907
1749266609,0.00383400,1306.00000000,0.003907
1749266609,0.00383300,250749.00000000,0.003907
1749266609,0.00383200,15751.00000000,0.003907
1749266609,0.00383100,694047.00000000,0.003907
1749266609,0.00383000,14755.00000000,0.003907
1749266609,0.00382900,38874.00000000,0.003907
1749266609,0.00382800,1308.00000000,0.003907
1749266609,0.00382700,38838.00000000,0.003907
1749266609,0.00382600,38875.00000000,0.003907
1749266609,0.00382500,1309.00000000,0.003907
1749266609,0.00382400,5226.00000000,0.003907
1749266609,0.00382300,1310.00000000,0.003907
1749266609,0.00382200,1310.00000000,0.003907
1749266609,0.00382100,38877.00000000,0.003907
1749266609,0.00382000,21311.00000000,0.003907
1749266609,0.00381900,2750.00000000,0.003907
1749266609,0.00381800,1312.00000000,0.003907
1749266609,0.00381700,38878.00000000,0.003907
1749266609,0.00381600,1312.00000000,0.003907
1749266609,0.00381500,1313.00000000,0.003907
1749266609,0.00381400,49041.00000000,0.003907
1749266609,0.00381300,1313.00000000,0.003907
1749266609,0.00381200,5489.00000000,0.003907
1749266609,0.00381100,1314.00000000,0.003907
1749266609,0.00381000,25314.00000000,0.003907
1749266609,0.00380900,1315.00000000,0.003907
1749266609,0.00380800,2763.00000000,0.003907
1749266609,0.00380700,1315.00000000,0.003907
1749266609,0.00380600,3452.00000000,0.003907
1749266609,0.00380500,13412.00000000,0.003907
1749266911,0.00391000,46580.00000000,0.003911
1749266911,0.00390900,118287.00000000,0.003911
1749266911,0.00390800,15848.00000000,0.003911
1749266911,0.00390700,67549.00000000,0.003911
1749266911,0.00390600,96196.00000000,0.003911
1749266911,0.00390500,76541.00000000,0.003911
1749266911,0.00390400,69893.00000000,0.003911
1749266911,0.00390300,145724.00000000,0.003911
1749266911,0.00390200,143798.00000000,0.003911
1749266911,0.00390100,240928.00000000,0.003911
1749266911,0.00390000,328003.00000000,0.003911
1749266911,0.00389900,62256.00000000,0.003911
1749266911,0.00389800,87036.00000000,0.003911
1749266911,0.00389700,62226.00000000,0.003911
1749266911,0.00389600,80421.00000000,0.003911
1749266911,0.00389500,433966.00000000,0.003911
1749266911,0.00389400,4346904.00000000,0.003911
1749266911,0.00389300,504726.00000000,0.003911
1749266911,0.00389200,158181.00000000,0.003911
1749266911,0.00389100,103811.00000000,0.003911
1749266911,0.00389000,103242.00000000,0.003911
1749266911,0.00388900,80487.00000000,0.003911
1749266911,0.00388800,105224.00000000,0.003911
1749266911,0.00388700,222027.00000000,0.003911
1749266911,0.00388600,33928.00000000,0.003911
1749266911,0.00388500,46580.00000000,0.003911
1749266911,0.00388400,158518.00000000,0.003911
1749266911,0.00388300,46580.00000000,0.003911
1749266911,0.00388200,191916.00000000,0.003911
1749266911,0.00388100,381022.00000000,0.003911
1749266911,0.00388000,80561.00000000,0.003911
1749266911,0.00387900,1553904.00000000,0.003911
1749266911,0.00387800,206649.00000000,0.003911
1749266911,0.00387700,46580.00000000,0.003911
1749266911,0.00387600,375798.00000000,0.003911
1749266911,0.00387500,184219.00000000,0.003911
1749266911,0.00387400,258249.00000000,0.003911
1749266911,0.00387300,51625.00000000,0.003911
1749266911,0.00387200,226425.00000000,0.003911
1749266911,0.00387100,80478.00000000,0.003911
1749266911,0.00387000,84146.00000000,0.003911
1749266911,0.00386900,115441.00000000,0.003911
1749266911,0.00386800,80478.00000000,0.003911
1749266911,0.00386700,84146.00000000,0.003911
1749266911,0.00386600,80491.00000000,0.003911
1749266911,0.00386500,244337.00000000,0.003911
1749266911,0.00386400,84146.00000000,0.003911
1749266911,0.00386300,46580.00000000,0.003911
1749266911,0.00386200,80526.00000000,0.003911
1749266911,0.00386100,790510.00000000,0.003911
1749266911,0.00386000,242724.00000000,0.003911
1749266911,0.00385800,33941.00000000,0.003911
1749266911,0.00385700,171757.00000000,0.003911
1749266911,0.00385600,33898.00000000,0.003911
1749266911,0.00385500,37566.00000000,0.003911
1749266911,0.00385400,24880.00000000,0.003911
1749266911,0.00385200,76453.00000000,0.003911
1749266911,0.00385100,72974.00000000,0.003911
1749266911,0.00385000,35229.00000000,0.003911
1749266911,0.00384900,1301.00000000,0.003911
1749266911,0.00384800,406228.00000000,0.003911
1749266911,0.00384700,1302.00000000,0.003911
1749266911,0.00384600,1302.00000000,0.003911
1749266911,0.00384500,1302.00000000,0.003911
1749266911,0.00384400,43952.00000000,0.003911
1749266911,0.00384300,1303.00000000,0.003911
1749266911,0.00384200,1304.00000000,0.003911
1749266911,0.00384100,38870.00000000,0.003911
1749266911,0.00384000,1304.00000000,0.003911
1749266911,0.00383900,1305.00000000,0.003911
1749266911,0.00383800,1305.00000000,0.003911
1749266911,0.00383700,52204.00000000,0.003911
1749266911,0.00383600,9229.00000000,0.003911
1749266911,0.00383500,1306.00000000,0.003911
1749266911,0.00383400,1306.00000000,0.003911
1749266911,0.00383300,250749.00000000,0.003911
1749266911,0.00383200,15751.00000000,0.003911
1749266911,0.00383100,694047.00000000,0.003911
1749266911,0.00383000,14755.00000000,0.003911
1749266911,0.00382900,38874.00000000,0.003911
1749266911,0.00382800,1308.00000000,0.003911
1749266911,0.00382700,38838.00000000,0.003911
1749266911,0.00382600,38875.00000000,0.003911
1749266911,0.00382500,1309.00000000,0.003911
1749266911,0.00382400,5226.00000000,0.003911
1749266911,0.00382300,1310.00000000,0.003911
1749266911,0.00382200,1310.00000000,0.003911
1749266911,0.00382100,38877.00000000,0.003911
1749266911,0.00382000,21311.00000000,0.003911
1749266911,0.00381900,2750.00000000,0.003911
1749266911,0.00381800,1312.00000000,0.003911
1749266911,0.00381700,38878.00000000,0.003911
1749266911,0.00381600,1312.00000000,0.003911
1749266911,0.00381500,1313.00000000,0.003911
1749266911,0.00381400,49041.00000000,0.003911
1749266911,0.00381300,1313.00000000,0.003911
1749266911,0.00381200,5489.00000000,0.003911
1749266911,0.00381100,1314.00000000,0.003911
1749266911,0.00381000,25314.00000000,0.003911
1749266911,0.00380900,1315.00000000,0.003911
1749267213,0.00390300,22450.00000000,0.003905
1749267213,0.00390200,85306.00000000,0.003905
1749267213,0.00390100,108612.00000000,0.003905
1749267213,0.00390000,43153.00000000,0.003905
1749267213,0.00389900,141426.00000000,0.003905
1749267213,0.00389800,182885.00000000,0.003905
1749267213,0.00389700,129145.00000000,0.003905
1749267213,0.00389600,347203.00000000,0.003905
1749267213,0.00389500,413804.00000000,0.003905
1749267213,0.00389400,254895.00000000,0.003905
1749267213,0.00389300,504726.00000000,0.003905
1749267213,0.00389200,301241.00000000,0.003905
1749267213,0.00389100,103811.00000000,0.003905
1749267213,0.00389000,46580.00000000,0.003905
1749267213,0.00388900,2819483.00000000,0.003905
1749267213,0.00388800,1694702.00000000,0.003905
1749267213,0.00388700,346496.00000000,0.003905
1749267213,0.00388600,33928.00000000,0.003905
1749267213,0.00388500,46580.00000000,0.003905
1749267213,0.00388400,174877.00000000,0.003905
1749267213,0.00388300,46580.00000000,0.003905
1749267213,0.00388200,191916.00000000,0.003905
1749267213,0.00388100,92337.00000000,0.003905
1749267213,0.00388000,230711.00000000,0.003905
1749267213,0.00387900,61418.00000000,0.003905
1749267213,0.00387800,206649.00000000,0.003905
1749267213,0.00387700,46580.00000000,0.003905
1749267213,0.00387600,375798.00000000,0.003905
1749267213,0.00387500,209836.00000000,0.003905
1749267213,0.00387400,258249.00000000,0.003905
1749267213,0.00387300,165592.00000000,0.003905
1749267213,0.00387200,423824.00000000,0.003905
1749267213,0.00387100,219158.00000000,0.003905
