timestamp,price,volume,current_price
1749260767,0.68100000,1035.23000000,0.6811
1749260767,0.68090000,1356.96000000,0.6811
1749260767,0.68080000,1480.72000000,0.6811
1749260767,0.68070000,1366.10000000,0.6811
1749260767,0.68060000,1352.82000000,0.6811
1749260767,0.68050000,4784.58000000,0.6811
1749260767,0.68040000,6981.63000000,0.6811
1749260767,0.68030000,6626.87000000,0.6811
1749260767,0.68020000,3417.79000000,0.6811
1749260767,0.68010000,6275.38000000,0.6811
1749260767,0.68000000,8241.98000000,0.6811
1749260767,0.67990000,7009.31000000,0.6811
1749260767,0.67980000,7619.81000000,0.6811
1749260767,0.67970000,8799.77000000,0.6811
1749260767,0.67960000,6098.98000000,0.6811
1749260767,0.67950000,1961.02000000,0.6811
1749260767,0.67940000,740.92000000,0.6811
1749260767,0.67930000,307.33000000,0.6811
1749260767,0.67920000,86.95000000,0.6811
1749260767,0.67910000,80.68000000,0.6811
1749260767,0.67900000,9445.70000000,0.6811
1749260767,0.67890000,34.09000000,0.6811
1749260767,0.67880000,175.54000000,0.6811
1749260767,0.67870000,3058.72000000,0.6811
1749260767,0.67860000,25.53000000,0.6811
1749260767,0.67850000,2201.52000000,0.6811
1749260767,0.67840000,14.57000000,0.6811
1749260767,0.67830000,744.38000000,0.6811
1749260767,0.67820000,9388.33000000,0.6811
1749260767,0.67810000,14.58000000,0.6811
1749260767,0.67800000,3400.33000000,0.6811
1749260767,0.67790000,1467.33000000,0.6811
1749260767,0.67780000,14.59000000,0.6811
1749260767,0.67770000,25.56000000,0.6811
1749260767,0.67760000,2423.57000000,0.6811
1749260767,0.67750000,88.69000000,0.6811
1749260767,0.67740000,25.58000000,0.6811
1749260767,0.67730000,1533.00000000,0.6811
1749260767,0.67720000,14.60000000,0.6811
1749260767,0.67710000,3531.58000000,0.6811
1749260767,0.67700000,12383.95000000,0.6811
1749260767,0.67690000,14.61000000,0.6811
1749260767,0.67680000,25.60000000,0.6811
1749260767,0.67670000,2690.45000000,0.6811
1749260767,0.67660000,5225.82000000,0.6811
1749260767,0.67650000,2095.07000000,0.6811
1749260767,0.67640000,6227.95000000,0.6811
1749260767,0.67630000,4502.94000000,0.6811
1749260767,0.67620000,55.18000000,0.6811
1749260767,0.67610000,14.62000000,0.6811
1749260767,0.67600000,55.17000000,0.6811
1749260767,0.67590000,367.45000000,0.6811
1749260767,0.67580000,1485.33000000,0.6811
1749260767,0.67570000,2953.63000000,0.6811
1749260767,0.67560000,25.64000000,0.6811
1749260767,0.67550000,14806.15000000,0.6811
1749260767,0.67540000,14.64000000,0.6811
1749260767,0.67530000,25.66000000,0.6811
1749260767,0.67520000,2205.34000000,0.6811
1749260767,0.67510000,14.64000000,0.6811
1749260767,0.67500000,586.55000000,0.6811
1749260767,0.67490000,14.65000000,0.6811
1749260767,0.67480000,22.48000000,0.6811
1749260767,0.67470000,25.67000000,0.6811
1749260767,0.67460000,14.65000000,0.6811
1749260767,0.67450000,460.27000000,0.6811
1749260767,0.67440000,14.66000000,0.6811
1749260767,0.67430000,2289.34000000,0.6811
1749260767,0.67420000,3485.89000000,0.6811
1749260767,0.67410000,379.64000000,0.6811
1749260767,0.67400000,64.35000000,0.6811
1749260767,0.67390000,14.67000000,0.6811
1749260767,0.67380000,14.67000000,0.6811
1749260767,0.67370000,1593.18000000,0.6811
1749260767,0.67360000,430.69000000,0.6811
1749260767,0.67350000,14.68000000,0.6811
1749260767,0.67340000,444.11000000,0.6811
1749260767,0.67330000,191.12000000,0.6811
1749260767,0.67320000,9.34000000,0.6811
1749260767,0.67280000,29.61000000,0.6811
1749260767,0.67270000,734.17000000,0.6811
1749260767,0.67260000,12.78000000,0.6811
1749260767,0.67230000,14.00000000,0.6811
1749260767,0.67220000,2215.76000000,0.6811
1749260767,0.67210000,14878.73000000,0.6811
1749260767,0.67200000,26.62000000,0.6811
1749260767,0.67170000,7603.29000000,0.6811
1749260767,0.67130000,243.33000000,0.6811
1749260767,0.67120000,7.83000000,0.6811
1749260767,0.67110000,2879.18000000,0.6811
1749260767,0.67060000,221.89000000,0.6811
1749260767,0.67040000,30.20000000,0.6811
1749260767,0.67000000,2119.33000000,0.6811
1749260767,0.66950000,1564.00000000,0.6811
1749260767,0.66920000,358.62000000,0.6811
1749260767,0.66900000,8.37000000,0.6811
1749260767,0.66880000,1124.59000000,0.6811
1749260767,0.66800000,87.36000000,0.6811
1749260767,0.66790000,8.98000000,0.6811
1749260767,0.66780000,1503.54000000,0.6811
1749261088,0.68320000,614.66000000,0.6833
1749261088,0.68310000,338.12000000,0.6833
1749261088,0.68300000,1889.28000000,0.6833
1749261088,0.68290000,4154.40000000,0.6833
1749261088,0.68280000,4262.61000000,0.6833
1749261088,0.68270000,5048.79000000,0.6833
1749261088,0.68260000,3235.30000000,0.6833
1749261088,0.68250000,3650.32000000,0.6833
1749261088,0.68240000,6009.09000000,0.6833
1749261088,0.68230000,9870.35000000,0.6833
1749261088,0.68220000,8053.81000000,0.6833
1749261088,0.68210000,4484.39000000,0.6833
1749261088,0.68200000,1930.15000000,0.6833
1749261088,0.68190000,3635.09000000,0.6833
1749261088,0.68180000,740.80000000,0.6833
1749261088,0.68170000,280.82000000,0.6833
1749261088,0.68160000,1478.42000000,0.6833
1749261088,0.68150000,136.25000000,0.6833
1749261088,0.68140000,783.24000000,0.6833
1749261088,0.68130000,1478.43000000,0.6833
1749261088,0.68120000,3854.74000000,0.6833
1749261088,0.68110000,14.68000000,0.6833
1749261088,0.68100000,1673.27000000,0.6833
1749261088,0.68090000,1034.34000000,0.6833
1749261088,0.68080000,14.69000000,0.6833
1749261088,0.68070000,1612.10000000,0.6833
1749261088,0.68060000,874.91000000,0.6833
1749261088,0.68050000,3480.22000000,0.6833
1749261088,0.68040000,10088.81000000,0.6833
1749261088,0.68030000,2474.38000000,0.6833
1749261088,0.68020000,14.54000000,0.6833
1749261088,0.68010000,4427.74000000,0.6833
1749261088,0.68000000,5256.91000000,0.6833
1749261088,0.67990000,740.91000000,0.6833
1749261088,0.67980000,1478.23000000,0.6833
1749261088,0.67970000,3269.15000000,0.6833
1749261088,0.67960000,58.63000000,0.6833
1749261088,0.67950000,1798.52000000,0.6833
1749261088,0.67940000,740.92000000,0.6833
1749261088,0.67930000,6964.75000000,0.6833
1749261088,0.67920000,795.78000000,0.6833
1749261088,0.67910000,38.05000000,0.6833
1749261088,0.67900000,1614.59000000,0.6833
1749261088,0.67890000,34.09000000,0.6833
1749261088,0.67880000,14.56000000,0.6833
1749261088,0.67870000,3921.08000000,0.6833
1749261088,0.67860000,6218.72000000,0.6833
1749261088,0.67850000,2201.52000000,0.6833
1749261088,0.67840000,5078.20000000,0.6833
1749261088,0.67830000,25.55000000,0.6833
1749261088,0.67820000,1467.33000000,0.6833
1749261088,0.67810000,14.58000000,0.6833
1749261088,0.67800000,3400.33000000,0.6833
1749261088,0.67790000,1467.33000000,0.6833
1749261088,0.67780000,14.59000000,0.6833
1749261088,0.67770000,25.56000000,0.6833
1749261088,0.67760000,2594.00000000,0.6833
1749261088,0.67750000,88.69000000,0.6833
1749261088,0.67740000,25.58000000,0.6833
1749261088,0.67730000,16238.34000000,0.6833
1749261088,0.67720000,14.60000000,0.6833
1749261088,0.67710000,3531.58000000,0.6833
1749261088,0.67700000,1497.54000000,0.6833
1749261088,0.67690000,14.61000000,0.6833
1749261088,0.67680000,25.60000000,0.6833
1749261088,0.67670000,2165.04000000,0.6833
1749261088,0.67660000,14.61000000,0.6833
1749261088,0.67650000,2095.07000000,0.6833
1749261088,0.67640000,14.62000000,0.6833
1749261088,0.67630000,4502.94000000,0.6833
1749261088,0.67620000,55.18000000,0.6833
1749261088,0.67610000,14.62000000,0.6833
1749261088,0.67600000,55.17000000,0.6833
1749261088,0.67590000,766.31000000,0.6833
1749261088,0.67580000,1849.38000000,0.6833
1749261088,0.67570000,2953.63000000,0.6833
1749261088,0.67560000,11.01000000,0.6833
1749261088,0.67530000,11.02000000,0.6833
1749261088,0.67520000,2190.70000000,0.6833
1749261088,0.67510000,1964.86000000,0.6833
1749261088,0.67500000,571.91000000,0.6833
1749261088,0.67480000,198.55000000,0.6833
1749261088,0.67470000,11.02000000,0.6833
1749261088,0.67430000,2274.68000000,0.6833
1749261088,0.67420000,3471.23000000,0.6833
1749261088,0.67410000,242.31000000,0.6833
1749261088,0.67400000,49.68000000,0.6833
1749261088,0.67370000,7617.15000000,0.6833
1749261088,0.67340000,444.11000000,0.6833
1749261088,0.67320000,9.34000000,0.6833
1749261088,0.67280000,29.61000000,0.6833
1749261088,0.67270000,8.58000000,0.6833
1749261088,0.67260000,12.78000000,0.6833
1749261088,0.67230000,14.00000000,0.6833
1749261088,0.67220000,2215.76000000,0.6833
1749261088,0.67210000,14878.73000000,0.6833
1749261088,0.67200000,26.62000000,0.6833
1749261088,0.67170000,357.25000000,0.6833
1749261088,0.67120000,7.83000000,0.6833
1749261088,0.67110000,2879.18000000,0.6833
1749261401,0.68300000,581.73000000,0.683
1749261401,0.68290000,952.16000000,0.683
1749261401,0.68280000,1555.86000000,0.683
1749261401,0.68270000,2238.84000000,0.683
1749261401,0.68260000,1908.00000000,0.683
1749261401,0.68250000,5093.63000000,0.683
1749261401,0.68240000,9790.65000000,0.683
1749261401,0.68230000,5551.19000000,0.683
1749261401,0.68220000,7605.45000000,0.683
1749261401,0.68210000,6894.37000000,0.683
1749261401,0.68200000,657.70000000,0.683
1749261401,0.68190000,2998.19000000,0.683
1749261401,0.68180000,7843.94000000,0.683
1749261401,0.68170000,1835.84000000,0.683
1749261401,0.68160000,1731.29000000,0.683
1749261401,0.68150000,2304.11000000,0.683
1749261401,0.68140000,1248.46000000,0.683
1749261401,0.68130000,1799.39000000,0.683
1749261401,0.68120000,1527.01000000,0.683
1749261401,0.68110000,2100.04000000,0.683
1749261401,0.68100000,8356.74000000,0.683
1749261401,0.68090000,741.06000000,0.683
1749261401,0.68080000,8314.64000000,0.683
1749261401,0.68070000,3785.22000000,0.683
1749261401,0.68060000,14.69000000,0.683
1749261401,0.68050000,791.82000000,0.683
1749261401,0.68040000,2204.58000000,0.683
1749261401,0.68030000,4142.87000000,0.683
1749261401,0.68020000,176.06000000,0.683
1749261401,0.68010000,1478.23000000,0.683
1749261401,0.68000000,84.16000000,0.683
1749261401,0.67990000,1054.12000000,0.683
1749261401,0.67980000,1478.23000000,0.683
1749261401,0.67970000,356.07000000,0.683
1749261401,0.67960000,14.55000000,0.683
1749261401,0.67950000,5138.88000000,0.683
1749261401,0.67940000,8641.01000000,0.683
1749261401,0.67930000,14.55000000,0.683
1749261401,0.67920000,25.51000000,0.683
1749261401,0.67910000,207.26000000,0.683
1749261401,0.67900000,1467.31000000,0.683
1749261401,0.67890000,34.09000000,0.683
1749261401,0.67880000,6968.33000000,0.683
1749261401,0.67870000,3921.08000000,0.683
1749261401,0.67860000,25.53000000,0.683
1749261401,0.67850000,2599.56000000,0.683
1749261401,0.67840000,278.40000000,0.683
1749261401,0.67830000,6221.48000000,0.683
1749261401,0.67820000,1467.33000000,0.683
1749261401,0.67810000,14.58000000,0.683
1749261401,0.67800000,59.97000000,0.683
1749261401,0.67790000,1467.33000000,0.683
1749261401,0.67780000,14.59000000,0.683
1749261401,0.67770000,25.56000000,0.683
1749261401,0.67760000,2594.00000000,0.683
1749261401,0.67750000,88.69000000,0.683
1749261401,0.67740000,4513.90000000,0.683
1749261401,0.67730000,16238.34000000,0.683
1749261401,0.67720000,14.60000000,0.683
1749261401,0.67710000,3531.58000000,0.683
1749261401,0.67700000,1497.54000000,0.683
1749261401,0.67690000,14.61000000,0.683
1749261401,0.67680000,25.60000000,0.683
1749261401,0.67670000,1699.59000000,0.683
1749261401,0.67660000,14.61000000,0.683
1749261401,0.67650000,2559.09000000,0.683
1749261401,0.67640000,14.62000000,0.683
1749261401,0.67630000,14.62000000,0.683
1749261401,0.67620000,55.18000000,0.683
1749261401,0.67610000,14.62000000,0.683
1749261401,0.67600000,55.17000000,0.683
1749261401,0.67590000,25.62000000,0.683
1749261401,0.67580000,1849.38000000,0.683
1749261401,0.67570000,2953.62000000,0.683
1749261401,0.67560000,25.63000000,0.683
1749261401,0.67550000,14.64000000,0.683
1749261401,0.67530000,11.02000000,0.683
1749261401,0.67520000,2190.70000000,0.683
1749261401,0.67510000,4239.54000000,0.683
1749261401,0.67500000,571.91000000,0.683
1749261401,0.67480000,198.55000000,0.683
1749261401,0.67470000,11.02000000,0.683
1749261401,0.67420000,3471.23000000,0.683
1749261401,0.67410000,976.99000000,0.683
1749261401,0.67400000,49.68000000,0.683
1749261401,0.67370000,32.77000000,0.683
1749261401,0.67340000,444.11000000,0.683
1749261401,0.67330000,7651.20000000,0.683
1749261401,0.67320000,9.34000000,0.683
1749261401,0.67280000,2245.37000000,0.683
1749261401,0.67270000,8.58000000,0.683
1749261401,0.67260000,12.78000000,0.683
1749261401,0.67230000,14.00000000,0.683
1749261401,0.67220000,13672.41000000,0.683
1749261401,0.67210000,14878.73000000,0.683
1749261401,0.67200000,26.62000000,0.683
1749261401,0.67170000,71.79000000,0.683
1749261401,0.67120000,2134.61000000,0.683
1749261401,0.67110000,2879.18000000,0.683
1749261401,0.67070000,357.83000000,0.683
1749261713,0.68240000,130.04000000,0.6825
1749261713,0.68230000,650.96000000,0.6825
1749261713,0.68220000,1729.63000000,0.6825
1749261713,0.68210000,2283.49000000,0.6825
1749261713,0.68200000,3214.19000000,0.6825
1749261713,0.68190000,4608.58000000,0.6825
1749261713,0.68180000,6977.10000000,0.6825
1749261713,0.68170000,13566.99000000,0.6825
1749261713,0.68160000,5926.41000000,0.6825
1749261713,0.68150000,6481.11000000,0.6825
1749261713,0.68140000,8291.64000000,0.6825
1749261713,0.68130000,3680.24000000,0.6825
1749261713,0.68120000,1981.43000000,0.6825
1749261713,0.68110000,5294.84000000,0.6825
1749261713,0.68100000,6311.75000000,0.6825
1749261713,0.68090000,3958.08000000,0.6825
1749261713,0.68080000,3654.13000000,0.6825
1749261713,0.68070000,1815.96000000,0.6825
1749261713,0.68060000,3548.57000000,0.6825
1749261713,0.68050000,1086.78000000,0.6825
1749261713,0.68040000,2542.08000000,0.6825
1749261713,0.68030000,56.73000000,0.6825
1749261713,0.68020000,352.04000000,0.6825
1749261713,0.68010000,1815.73000000,0.6825
1749261713,0.68000000,4440.97000000,0.6825
1749261713,0.67990000,1078.41000000,0.6825
1749261713,0.67980000,1478.23000000,0.6825
1749261713,0.67970000,14.55000000,0.6825
1749261713,0.67960000,14.55000000,0.6825
1749261713,0.67950000,5138.88000000,0.6825
1749261713,0.67940000,8804.19000000,0.6825
1749261713,0.67930000,14.55000000,0.6825
1749261713,0.67920000,25.51000000,0.6825
1749261713,0.67910000,38.05000000,0.6825
1749261713,0.67900000,6262.87000000,0.6825
1749261713,0.67890000,79.00000000,0.6825
1749261713,0.67880000,14.56000000,0.6825
1749261713,0.67870000,3921.08000000,0.6825
1749261713,0.67860000,25.53000000,0.6825
1749261713,0.67850000,2201.52000000,0.6825
1749261713,0.67840000,278.40000000,0.6825
1749261713,0.67830000,25.55000000,0.6825
1749261713,0.67820000,1865.22000000,0.6825
1749261713,0.67810000,6972.32000000,0.6825
1749261713,0.67800000,59.97000000,0.6825
1749261713,0.67790000,1467.33000000,0.6825
1749261713,0.67780000,14.59000000,0.6825
1749261713,0.67770000,6226.97000000,0.6825
1749261713,0.67760000,2594.00000000,0.6825
1749261713,0.67750000,88.69000000,0.6825
1749261713,0.67740000,4513.90000000,0.6825
1749261713,0.67730000,16238.34000000,0.6825
1749261713,0.67720000,14.60000000,0.6825
1749261713,0.67710000,3531.58000000,0.6825
1749261713,0.67700000,1497.54000000,0.6825
1749261713,0.67690000,14.61000000,0.6825
1749261713,0.67680000,25.60000000,0.6825
1749261713,0.67670000,1699.59000000,0.6825
1749261713,0.67660000,14.61000000,0.6825
1749261713,0.67650000,2095.07000000,0.6825
1749261713,0.67640000,14.62000000,0.6825
1749261713,0.67630000,14.62000000,0.6825
1749261713,0.67620000,55.18000000,0.6825
1749261713,0.67610000,14.62000000,0.6825
1749261713,0.67600000,515.60000000,0.6825
1749261713,0.67590000,25.63000000,0.6825
1749261713,0.67580000,1849.39000000,0.6825
1749261713,0.67570000,3689.53000000,0.6825
1749261713,0.67560000,25.64000000,0.6825
1749261713,0.67550000,14.64000000,0.6825
1749261713,0.67540000,14.64000000,0.6825
1749261713,0.67530000,25.66000000,0.6825
1749261713,0.67520000,2205.34000000,0.6825
1749261713,0.67510000,4254.18000000,0.6825
1749261713,0.67500000,586.56000000,0.6825
1749261713,0.67490000,14.65000000,0.6825
1749261713,0.67480000,198.55000000,0.6825
1749261713,0.67470000,11.02000000,0.6825
1749261713,0.67420000,3471.23000000,0.6825
1749261713,0.67410000,242.31000000,0.6825
1749261713,0.67400000,49.68000000,0.6825
1749261713,0.67370000,32.77000000,0.6825
1749261713,0.67340000,444.11000000,0.6825
1749261713,0.67320000,9.34000000,0.6825
1749261713,0.67310000,71.64000000,0.6825
1749261713,0.67290000,7589.13000000,0.6825
1749261713,0.67280000,2245.37000000,0.6825
1749261713,0.67270000,8.58000000,0.6825
1749261713,0.67260000,75.05000000,0.6825
1749261713,0.67230000,14.00000000,0.6825
1749261713,0.67220000,13672.41000000,0.6825
1749261713,0.67210000,14878.73000000,0.6825
1749261713,0.67200000,26.62000000,0.6825
1749261713,0.67120000,7.83000000,0.6825
1749261713,0.67110000,2879.18000000,0.6825
1749261713,0.67060000,221.89000000,0.6825
1749261713,0.67040000,30.20000000,0.6825
1749261713,0.67000000,2119.33000000,0.6825
1749261713,0.66960000,1555.19000000,0.6825
1749261713,0.66950000,2008.11000000,0.6825
1749262015,0.68070000,14.69000000,0.6806
1749262015,0.68060000,767.58000000,0.6806
1749262015,0.68050000,675.13000000,0.6806
1749262015,0.68040000,3901.83000000,0.6806
1749262015,0.68030000,1814.79000000,0.6806
1749262015,0.68020000,489.69000000,0.6806
1749262015,0.68010000,4432.31000000,0.6806
1749262015,0.68000000,6865.23000000,0.6806
1749262015,0.67990000,5469.81000000,0.6806
1749262015,0.67980000,13243.31000000,0.6806
1749262015,0.67970000,9957.75000000,0.6806
1749262015,0.67960000,1649.39000000,0.6806
1749262015,0.67950000,3906.18000000,0.6806
1749262015,0.67940000,7993.87000000,0.6806
1749262015,0.67930000,6299.97000000,0.6806
1749262015,0.67920000,929.38000000,0.6806
1749262015,0.67910000,425.93000000,0.6806
1749262015,0.67900000,1804.81000000,0.6806
1749262015,0.67890000,1284.20000000,0.6806
1749262015,0.67880000,509.44000000,0.6806
1749262015,0.67870000,3394.51000000,0.6806
1749262015,0.67860000,3915.72000000,0.6806
1749262015,0.67850000,2539.02000000,0.6806
1749262015,0.67840000,14.57000000,0.6806
1749262015,0.67830000,25.55000000,0.6806
1749262015,0.67820000,1467.33000000,0.6806
1749262015,0.67810000,14.58000000,0.6806
1749262015,0.67800000,59.97000000,0.6806
1749262015,0.67790000,1467.33000000,0.6806
1749262015,0.67780000,7937.66000000,0.6806
1749262015,0.67770000,25.56000000,0.6806
1749262015,0.67760000,5593.40000000,0.6806
1749262015,0.67750000,88.69000000,0.6806
1749262015,0.67740000,25.58000000,0.6806
1749262015,0.67730000,3107.96000000,0.6806
1749262015,0.67720000,14.60000000,0.6806
1749262015,0.67710000,4834.61000000,0.6806
1749262015,0.67700000,1544.71000000,0.6806
1749262015,0.67690000,740.98000000,0.6806
1749262015,0.67680000,3943.07000000,0.6806
1749262015,0.67670000,7910.17000000,0.6806
1749262015,0.67660000,7648.81000000,0.6806
1749262015,0.67650000,2095.07000000,0.6806
1749262015,0.67640000,14.62000000,0.6806
1749262015,0.67630000,14.62000000,0.6806
1749262015,0.67620000,55.18000000,0.6806
1749262015,0.67610000,2193.74000000,0.6806
1749262015,0.67600000,55.17000000,0.6806
1749262015,0.67590000,4855.77000000,0.6806
1749262015,0.67580000,1485.33000000,0.6806
1749262015,0.67570000,2953.63000000,0.6806
1749262015,0.67560000,25.64000000,0.6806
1749262015,0.67550000,14.64000000,0.6806
1749262015,0.67540000,14808.65000000,0.6806
1749262015,0.67530000,25.66000000,0.6806
1749262015,0.67520000,2205.34000000,0.6806
1749262015,0.67510000,2289.32000000,0.6806
1749262015,0.67500000,586.55000000,0.6806
1749262015,0.67490000,14.64000000,0.6806
1749262015,0.67480000,22.48000000,0.6806
1749262015,0.67470000,25.67000000,0.6806
1749262015,0.67460000,14.65000000,0.6806
1749262015,0.67450000,14.65000000,0.6806
1749262015,0.67440000,25.69000000,0.6806
1749262015,0.67430000,462.02000000,0.6806
1749262015,0.67420000,3485.89000000,0.6806
1749262015,0.67410000,3548.03000000,0.6806
1749262015,0.67400000,64.34000000,0.6806
1749262015,0.67390000,14.67000000,0.6806
1749262015,0.67380000,379.81000000,0.6806
1749262015,0.67370000,47.44000000,0.6806
1749262015,0.67360000,1980.28000000,0.6806
1749262015,0.67350000,14.68000000,0.6806
1749262015,0.67340000,458.79000000,0.6806
1749262015,0.67330000,205.80000000,0.6806
1749262015,0.67320000,24.03000000,0.6806
1749262015,0.67280000,2245.37000000,0.6806
1749262015,0.67270000,8.58000000,0.6806
1749262015,0.67260000,12.78000000,0.6806
1749262015,0.67250000,737.99000000,0.6806
1749262015,0.67230000,14.00000000,0.6806
1749262015,0.67210000,14878.73000000,0.6806
1749262015,0.67200000,26.62000000,0.6806
1749262015,0.67170000,62.35000000,0.6806
1749262015,0.67130000,315.16000000,0.6806
1749262015,0.67120000,13680.24000000,0.6806
1749262015,0.67110000,10490.24000000,0.6806
1749262015,0.67060000,221.89000000,0.6806
1749262015,0.67040000,30.20000000,0.6806
1749262015,0.67000000,2119.33000000,0.6806
1749262015,0.66990000,358.25000000,0.6806
1749262015,0.66950000,8.58000000,0.6806
1749262015,0.66910000,1124.59000000,0.6806
1749262015,0.66900000,8.37000000,0.6806
1749262015,0.66800000,87.36000000,0.6806
1749262015,0.66790000,1568.13000000,0.6806
1749262015,0.66760000,7.83000000,0.6806
1749262015,0.66750000,44.93000000,0.6806
1749262015,0.66720000,96.43000000,0.6806
1749262015,0.66710000,84.04000000,0.6806
1749262317,0.68180000,790.39000000,0.6817
1749262317,0.68170000,1230.83000000,0.6817
1749262317,0.68160000,771.89000000,0.6817
1749262317,0.68150000,1467.21000000,0.6817
1749262317,0.68140000,2132.85000000,0.6817
1749262317,0.68130000,5079.12000000,0.6817
1749262317,0.68120000,7105.75000000,0.6817
1749262317,0.68110000,3706.02000000,0.6817
1749262317,0.68100000,4189.01000000,0.6817
1749262317,0.68090000,4491.34000000,0.6817
1749262317,0.68080000,2125.81000000,0.6817
1749262317,0.68070000,6070.00000000,0.6817
1749262317,0.68060000,8631.05000000,0.6817
1749262317,0.68050000,8288.42000000,0.6817
1749262317,0.68040000,2948.42000000,0.6817
1749262317,0.68030000,363.22000000,0.6817
1749262317,0.68020000,2885.48000000,0.6817
1749262317,0.68010000,4828.34000000,0.6817
1749262317,0.68000000,555.09000000,0.6817
1749262317,0.67990000,1078.41000000,0.6817
1749262317,0.67980000,5062.52000000,0.6817
1749262317,0.67970000,4897.28000000,0.6817
1749262317,0.67960000,1470.14000000,0.6817
1749262317,0.67950000,1858.41000000,0.6817
1749262317,0.67940000,8143.25000000,0.6817
1749262317,0.67930000,4196.59000000,0.6817
1749262317,0.67920000,676.49000000,0.6817
1749262317,0.67910000,375.55000000,0.6817
1749262317,0.67900000,1804.81000000,0.6817
1749262317,0.67890000,34.09000000,0.6817
1749262317,0.67880000,14.56000000,0.6817
1749262317,0.67870000,7923.22000000,0.6817
1749262317,0.67860000,3578.22000000,0.6817
1749262317,0.67850000,2370.04000000,0.6817
1749262317,0.67840000,14.57000000,0.6817
1749262317,0.67830000,25.55000000,0.6817
1749262317,0.67820000,1467.33000000,0.6817
1749262317,0.67810000,60.48000000,0.6817
1749262317,0.67800000,59.97000000,0.6817
1749262317,0.67790000,1467.33000000,0.6817
1749262317,0.67780000,14.59000000,0.6817
1749262317,0.67770000,25.56000000,0.6817
1749262317,0.67760000,12559.44000000,0.6817
1749262317,0.67750000,493.06000000,0.6817
1749262317,0.67740000,25.58000000,0.6817
1749262317,0.67730000,2939.38000000,0.6817
1749262317,0.67720000,6220.59000000,0.6817
1749262317,0.67710000,4834.61000000,0.6817
1749262317,0.67700000,1497.54000000,0.6817
1749262317,0.67690000,740.98000000,0.6817
1749262317,0.67680000,3943.07000000,0.6817
1749262317,0.67670000,1699.59000000,0.6817
1749262317,0.67660000,279.14000000,0.6817
1749262317,0.67650000,2095.07000000,0.6817
1749262317,0.67640000,14.62000000,0.6817
1749262317,0.67630000,14.62000000,0.6817
1749262317,0.67620000,55.18000000,0.6817
1749262317,0.67610000,2193.74000000,0.6817
1749262317,0.67600000,55.17000000,0.6817
1749262317,0.67590000,4855.77000000,0.6817
1749262317,0.67580000,1485.33000000,0.6817
1749262317,0.67570000,2953.63000000,0.6817
1749262317,0.67560000,25.64000000,0.6817
1749262317,0.67550000,14.64000000,0.6817
1749262317,0.67540000,14808.65000000,0.6817
1749262317,0.67530000,25.66000000,0.6817
1749262317,0.67520000,4201.44000000,0.6817
1749262317,0.67510000,2289.32000000,0.6817
1749262317,0.67500000,586.55000000,0.6817
1749262317,0.67490000,14.64000000,0.6817
1749262317,0.67480000,22.48000000,0.6817
1749262317,0.67470000,25.67000000,0.6817
1749262317,0.67460000,14.65000000,0.6817
1749262317,0.67450000,14.65000000,0.6817
1749262317,0.67440000,25.69000000,0.6817
1749262317,0.67430000,14.66000000,0.6817
1749262317,0.67420000,3471.23000000,0.6817
1749262317,0.67410000,4267.52000000,0.6817
1749262317,0.67400000,49.68000000,0.6817
1749262317,0.67380000,365.14000000,0.6817
1749262317,0.67370000,32.77000000,0.6817
1749262317,0.67360000,419.64000000,0.6817
1749262317,0.67340000,444.11000000,0.6817
1749262317,0.67330000,191.12000000,0.6817
1749262317,0.67320000,9.34000000,0.6817
1749262317,0.67280000,2245.37000000,0.6817
1749262317,0.67270000,8.58000000,0.6817
1749262317,0.67260000,12.78000000,0.6817
1749262317,0.67230000,14.00000000,0.6817
1749262317,0.67220000,7599.12000000,0.6817
1749262317,0.67210000,14878.73000000,0.6817
1749262317,0.67200000,26.62000000,0.6817
1749262317,0.67180000,71.78000000,0.6817
1749262317,0.67150000,62.37000000,0.6817
1749262317,0.67130000,243.33000000,0.6817
1749262317,0.67120000,7.83000000,0.6817
1749262317,0.67110000,2879.18000000,0.6817
1749262317,0.67060000,221.89000000,0.6817
1749262317,0.67040000,30.20000000,0.6817
1749262317,0.67000000,2119.33000000,0.6817
1749262618,0.68420000,805.00000000,0.6844
1749262618,0.68410000,1679.78000000,0.6844
1749262618,0.68400000,1735.58000000,0.6844
1749262618,0.68390000,2410.65000000,0.6844
1749262618,0.68380000,3622.31000000,0.6844
1749262618,0.68370000,3124.96000000,0.6844
1749262618,0.68360000,6802.92000000,0.6844
1749262618,0.68350000,7516.31000000,0.6844
1749262618,0.68340000,12102.88000000,0.6844
1749262618,0.68330000,7611.80000000,0.6844
1749262618,0.68320000,6344.30000000,0.6844
1749262618,0.68310000,2396.34000000,0.6844
1749262618,0.68300000,5466.31000000,0.6844
1749262618,0.68290000,7803.59000000,0.6844
1749262618,0.68280000,1394.95000000,0.6844
1749262618,0.68270000,1331.04000000,0.6844
1749262618,0.68260000,4832.12000000,0.6844
1749262618,0.68250000,1369.51000000,0.6844
1749262618,0.68240000,586.80000000,0.6844
1749262618,0.68230000,1804.90000000,0.6844
1749262618,0.68220000,1227.04000000,0.6844
1749262618,0.68210000,724.04000000,0.6844
1749262618,0.68200000,2531.28000000,0.6844
1749262618,0.68190000,8220.91000000,0.6844
1749262618,0.68180000,352.16000000,0.6844
1749262618,0.68170000,14.67000000,0.6844
1749262618,0.68160000,1815.92000000,0.6844
1749262618,0.68150000,56.60000000,0.6844
1749262618,0.68140000,1391.01000000,0.6844
1749262618,0.68130000,3756.91000000,0.6844
1749262618,0.68120000,183.38000000,0.6844
1749262618,0.68110000,14.68000000,0.6844
1749262618,0.68100000,1478.43000000,0.6844
1749262618,0.68090000,3819.26000000,0.6844
1749262618,0.68080000,14.69000000,0.6844
1749262618,0.68070000,4733.06000000,0.6844
1749262618,0.68060000,14.69000000,0.6844
1749262618,0.68050000,14.69000000,0.6844
1749262618,0.68040000,2204.83000000,0.6844
1749262618,0.68030000,11738.42000000,0.6844
1749262618,0.68020000,14.69000000,0.6844
1749262618,0.68010000,1478.47000000,0.6844
1749262618,0.68000000,487.96000000,0.6844
1749262618,0.67990000,740.91000000,0.6844
1749262618,0.67980000,7660.49000000,0.6844
1749262618,0.67970000,354.46000000,0.6844
1749262618,0.67960000,14.55000000,0.6844
1749262618,0.67950000,1478.24000000,0.6844
1749262618,0.67940000,740.92000000,0.6844
1749262618,0.67930000,582.36000000,0.6844
1749262618,0.67920000,25.51000000,0.6844
1749262618,0.67910000,1489.32000000,0.6844
1749262618,0.67900000,16181.50000000,0.6844
1749262618,0.67890000,34.09000000,0.6844
1749262618,0.67880000,3354.92000000,0.6844
1749262618,0.67870000,3921.44000000,0.6844
1749262618,0.67860000,2205.25000000,0.6844
1749262618,0.67850000,1475.15000000,0.6844
1749262618,0.67840000,14.57000000,0.6844
1749262618,0.67830000,3790.35000000,0.6844
1749262618,0.67820000,1467.33000000,0.6844
1749262618,0.67810000,3465.85000000,0.6844
1749262618,0.67800000,59.97000000,0.6844
1749262618,0.67790000,1939.78000000,0.6844
1749262618,0.67780000,6039.29000000,0.6844
1749262618,0.67770000,25.56000000,0.6844
1749262618,0.67760000,73.92000000,0.6844
1749262618,0.67750000,1547.15000000,0.6844
1749262618,0.67740000,25.58000000,0.6844
1749262618,0.67730000,31.51000000,0.6844
1749262618,0.67720000,14.60000000,0.6844
1749262618,0.67710000,25.59000000,0.6844
1749262618,0.67700000,44.80000000,0.6844
1749262618,0.67690000,14.61000000,0.6844
1749262618,0.67680000,25.60000000,0.6844
1749262618,0.67670000,246.84000000,0.6844
1749262618,0.67660000,417.93000000,0.6844
1749262618,0.67650000,2080.46000000,0.6844
1749262618,0.67620000,40.56000000,0.6844
1749262618,0.67600000,40.55000000,0.6844
1749262618,0.67590000,11.00000000,0.6844
1749262618,0.67580000,8.58000000,0.6844
1749262618,0.67570000,3665.70000000,0.6844
1749262618,0.67560000,11.01000000,0.6844
1749262618,0.67530000,11.02000000,0.6844
1749262618,0.67510000,2274.68000000,0.6844
1749262618,0.67500000,571.91000000,0.6844
1749262618,0.67480000,7.83000000,0.6844
1749262618,0.67470000,201.76000000,0.6844
1749262618,0.67460000,7568.09000000,0.6844
1749262618,0.67440000,33.04000000,0.6844
1749262618,0.67430000,220.22000000,0.6844
1749262618,0.67410000,11.03000000,0.6844
1749262618,0.67400000,49.68000000,0.6844
1749262618,0.67380000,1545.50000000,0.6844
1749262618,0.67370000,32.77000000,0.6844
1749262618,0.67340000,444.11000000,0.6844
1749262618,0.67320000,71.55000000,0.6844
1749262618,0.67300000,71.65000000,0.6844
1749262618,0.67280000,2602.05000000,0.6844
1749262921,0.68620000,1672.14000000,0.6862
1749262921,0.68610000,815.75000000,0.6862
1749262921,0.68600000,1676.76000000,0.6862
1749262921,0.68590000,686.14000000,0.6862
1749262921,0.68580000,3335.35000000,0.6862
1749262921,0.68570000,3673.73000000,0.6862
1749262921,0.68560000,5962.69000000,0.6862
1749262921,0.68550000,3679.12000000,0.6862
1749262921,0.68540000,4727.22000000,0.6862
1749262921,0.68530000,298.10000000,0.6862
1749262921,0.68520000,5519.24000000,0.6862
1749262921,0.68510000,5380.29000000,0.6862
1749262921,0.68500000,20461.00000000,0.6862
1749262921,0.68490000,5296.45000000,0.6862
1749262921,0.68480000,1512.13000000,0.6862
1749262921,0.68470000,2540.53000000,0.6862
1749262921,0.68460000,646.58000000,0.6862
1749262921,0.68450000,2741.08000000,0.6862
1749262921,0.68440000,363.07000000,0.6862
1749262921,0.68430000,456.04000000,0.6862
1749262921,0.68420000,1815.82000000,0.6862
1749262921,0.68410000,1146.67000000,0.6862
1749262921,0.68400000,1247.25000000,0.6862
1749262921,0.68390000,2674.26000000,0.6862
1749262921,0.68380000,352.12000000,0.6862
1749262921,0.68370000,562.22000000,0.6862
1749262921,0.68360000,551.72000000,0.6862
1749262921,0.68350000,3880.30000000,0.6862
1749262921,0.68340000,2626.27000000,0.6862
1749262921,0.68330000,513.90000000,0.6862
1749262921,0.68320000,1804.89000000,0.6862
1749262921,0.68310000,8350.08000000,0.6862
1749262921,0.68300000,4104.41000000,0.6862
1749262921,0.68290000,1467.39000000,0.6862
1749262921,0.68280000,3347.86000000,0.6862
1749262921,0.68270000,720.98000000,0.6862
1749262921,0.68260000,1467.39000000,0.6862
1749262921,0.68250000,1231.16000000,0.6862
1749262921,0.68240000,87.64000000,0.6862
1749262921,0.68230000,1467.40000000,0.6862
1749262921,0.68220000,25.64000000,0.6862
1749262921,0.68210000,4804.84000000,0.6862
1749262921,0.68200000,2201.58000000,0.6862
1749262921,0.68190000,67.12000000,0.6862
1749262921,0.68180000,14.66000000,0.6862
1749262921,0.68170000,14804.28000000,0.6862
1749262921,0.68160000,1478.42000000,0.6862
1749262921,0.68150000,6579.29000000,0.6862
1749262921,0.68140000,741.04000000,0.6862
1749262921,0.68130000,1478.43000000,0.6862
1749262921,0.68120000,14.68000000,0.6862
1749262921,0.68110000,3301.04000000,0.6862
1749262921,0.68100000,1478.43000000,0.6862
1749262921,0.68090000,741.05000000,0.6862
1749262921,0.68080000,14690.45000000,0.6862
1749262921,0.68070000,1478.46000000,0.6862
1749262921,0.68060000,14.69000000,0.6862
1749262921,0.68050000,3911.23000000,0.6862
1749262921,0.68040000,1478.46000000,0.6862
1749262921,0.68030000,14.69000000,0.6862
1749262921,0.68020000,14.69000000,0.6862
1749262921,0.68010000,1478.47000000,0.6862
1749262921,0.68000000,9971.08000000,0.6862
1749262921,0.67990000,14.54000000,0.6862
1749262921,0.67980000,1478.23000000,0.6862
1749262921,0.67970000,836.06000000,0.6862
1749262921,0.67960000,14.55000000,0.6862
1749262921,0.67950000,1478.24000000,0.6862
1749262921,0.67940000,4513.94000000,0.6862
1749262921,0.67930000,14.55000000,0.6862
1749262921,0.67920000,25.51000000,0.6862
1749262921,0.67910000,1489.32000000,0.6862
1749262921,0.67900000,14.56000000,0.6862
1749262921,0.67890000,34.09000000,0.6862
1749262921,0.67880000,14.56000000,0.6862
1749262921,0.67870000,14.58000000,0.6862
1749262921,0.67860000,2190.68000000,0.6862
1749262921,0.67850000,7.83000000,0.6862
1749262921,0.67830000,3511.90000000,0.6862
1749262921,0.67810000,3870.84000000,0.6862
1749262921,0.67800000,45.39000000,0.6862
1749262921,0.67780000,1536.38000000,0.6862
1749262921,0.67770000,10.97000000,0.6862
1749262921,0.67760000,59.33000000,0.6862
1749262921,0.67750000,2258.14000000,0.6862
1749262921,0.67740000,10.98000000,0.6862
1749262921,0.67730000,2235.02000000,0.6862
1749262921,0.67710000,10.99000000,0.6862
1749262921,0.67700000,30.19000000,0.6862
1749262921,0.67680000,374.51000000,0.6862
1749262921,0.67670000,232.23000000,0.6862
1749262921,0.67650000,2080.46000000,0.6862
1749262921,0.67620000,40.56000000,0.6862
1749262921,0.67610000,190.35000000,0.6862
1749262921,0.67600000,40.55000000,0.6862
1749262921,0.67590000,11.00000000,0.6862
1749262921,0.67580000,8.58000000,0.6862
1749262921,0.67570000,2939.00000000,0.6862
1749262921,0.67560000,11.01000000,0.6862
1749262921,0.67540000,444.11000000,0.6862
1749263223,0.68740000,510.13000000,0.6874
1749263223,0.68730000,807.02000000,0.6874
1749263223,0.68720000,1092.14000000,0.6874
1749263223,0.68710000,1108.45000000,0.6874
1749263223,0.68700000,1549.96000000,0.6874
1749263223,0.68690000,2118.79000000,0.6874
1749263223,0.68680000,16222.17000000,0.6874
1749263223,0.68670000,5003.36000000,0.6874
1749263223,0.68660000,4001.85000000,0.6874
1749263223,0.68650000,6439.37000000,0.6874
1749263223,0.68640000,5165.09000000,0.6874
1749263223,0.68630000,5557.25000000,0.6874
1749263223,0.68620000,5677.98000000,0.6874
1749263223,0.68610000,8316.87000000,0.6874
1749263223,0.68600000,1424.70000000,0.6874
1749263223,0.68590000,1505.79000000,0.6874
1749263223,0.68580000,1826.71000000,0.6874
1749263223,0.68570000,3121.37000000,0.6874
1749263223,0.68560000,405.72000000,0.6874
1749263223,0.68550000,4255.83000000,0.6874
1749263223,0.68540000,1815.79000000,0.6874
1749263223,0.68530000,712.10000000,0.6874
1749263223,0.68520000,593.02000000,0.6874
1749263223,0.68510000,2531.22000000,0.6874
1749263223,0.68500000,6048.45000000,0.6874
1749263223,0.68490000,1213.05000000,0.6874
1749263223,0.68480000,1804.85000000,0.6874
1749263223,0.68470000,352.12000000,0.6874
1749263223,0.68460000,2626.23000000,0.6874
1749263223,0.68450000,5803.15000000,0.6874
1749263223,0.68440000,14.62000000,0.6874
1749263223,0.68430000,363.07000000,0.6874
1749263223,0.68420000,1467.37000000,0.6874
1749263223,0.68410000,2810.96000000,0.6874
1749263223,0.68400000,771.54000000,0.6874
1749263223,0.68390000,1467.37000000,0.6874
1749263223,0.68380000,14.62000000,0.6874
1749263223,0.68370000,194.98000000,0.6874
1749263223,0.68360000,14.62000000,0.6874
1749263223,0.68350000,6019.81000000,0.6874
1749263223,0.68340000,25.61000000,0.6874
1749263223,0.68330000,14.64000000,0.6874
1749263223,0.68320000,8775.17000000,0.6874
1749263223,0.68310000,65.24000000,0.6874
1749263223,0.68300000,8570.22000000,0.6874
1749263223,0.68290000,1467.39000000,0.6874
1749263223,0.68280000,25.62000000,0.6874
1749263223,0.68270000,6170.64000000,0.6874
1749263223,0.68260000,1467.39000000,0.6874
1749263223,0.68250000,752.01000000,0.6874
1749263223,0.68240000,14.65000000,0.6874
1749263223,0.68230000,8640.30000000,0.6874
1749263223,0.68220000,25.64000000,0.6874
1749263223,0.68210000,4804.84000000,0.6874
1749263223,0.68200000,2201.58000000,0.6874
1749263223,0.68190000,25.66000000,0.6874
1749263223,0.68180000,14.66000000,0.6874
1749263223,0.68170000,14.67000000,0.6874
1749263223,0.68160000,1478.42000000,0.6874
1749263223,0.68150000,353.68000000,0.6874
1749263223,0.68140000,14.67000000,0.6874
1749263223,0.68130000,1478.43000000,0.6874
1749263223,0.68120000,14.68000000,0.6874
1749263223,0.68110000,14.68000000,0.6874
1749263223,0.68100000,1969.32000000,0.6874
1749263223,0.68090000,1462.11000000,0.6874
1749263223,0.68080000,14690.45000000,0.6874
1749263223,0.68070000,1478.46000000,0.6874
1749263223,0.68060000,14.69000000,0.6874
1749263223,0.68050000,14.69000000,0.6874
1749263223,0.68040000,729.94000000,0.6874
1749263223,0.68030000,14.69000000,0.6874
1749263223,0.68020000,14.69000000,0.6874
1749263223,0.68010000,25.72000000,0.6874
1749263223,0.68000000,9971.08000000,0.6874
1749263223,0.67990000,14.54000000,0.6874
1749263223,0.67980000,10.94000000,0.6874
1749263223,0.67970000,428.09000000,0.6874
1749263223,0.67950000,10.94000000,0.6874
1749263223,0.67940000,4499.39000000,0.6874
1749263223,0.67920000,1576.50000000,0.6874
1749263223,0.67910000,743.91000000,0.6874
1749263223,0.67890000,19.53000000,0.6874
1749263223,0.67880000,14.70000000,0.6874
1749263223,0.67860000,2190.68000000,0.6874
1749263223,0.67850000,7.83000000,0.6874
1749263223,0.67830000,3511.90000000,0.6874
1749263223,0.67810000,3451.27000000,0.6874
1749263223,0.67800000,45.39000000,0.6874
1749263223,0.67780000,7537.08000000,0.6874
1749263223,0.67770000,10.97000000,0.6874
1749263223,0.67760000,59.33000000,0.6874
1749263223,0.67750000,74.10000000,0.6874
1749263223,0.67740000,10.98000000,0.6874
1749263223,0.67730000,2476.19000000,0.6874
1749263223,0.67710000,10.99000000,0.6874
1749263223,0.67700000,30.19000000,0.6874
1749263223,0.67680000,10.99000000,0.6874
1749263223,0.67670000,232.23000000,0.6874
1749263223,0.67660000,61.90000000,0.6874
1749263524,0.68810000,197.07000000,0.688
1749263524,0.68800000,804.92000000,0.688
1749263524,0.68790000,1204.60000000,0.688
1749263524,0.68780000,633.80000000,0.688
1749263524,0.68770000,1914.62000000,0.688
1749263524,0.68760000,3414.21000000,0.688
1749263524,0.68750000,2956.11000000,0.688
1749263524,0.68740000,7140.77000000,0.688
1749263524,0.68730000,5946.07000000,0.688
1749263524,0.68720000,6406.70000000,0.688
1749263524,0.68710000,8295.47000000,0.688
1749263524,0.68700000,5001.60000000,0.688
1749263524,0.68690000,986.04000000,0.688
1749263524,0.68680000,6677.35000000,0.688
1749263524,0.68670000,2977.35000000,0.688
1749263524,0.68660000,666.04000000,0.688
1749263524,0.68650000,2096.15000000,0.688
1749263524,0.68640000,4442.31000000,0.688
1749263524,0.68630000,1239.67000000,0.688
1749263524,0.68620000,2544.08000000,0.688
1749263524,0.68610000,2456.48000000,0.688
1749263524,0.68600000,493.94000000,0.688
1749263524,0.68590000,3148.63000000,0.688
1749263524,0.68580000,7440.09000000,0.688
1749263524,0.68570000,1078.45000000,0.688
1749263524,0.68560000,3382.20000000,0.688
1749263524,0.68550000,3399.89000000,0.688
1749263524,0.68540000,1804.85000000,0.688
1749263524,0.68530000,352.10000000,0.688
1749263524,0.68520000,363.04000000,0.688
1749263524,0.68510000,2531.22000000,0.688
1749263524,0.68500000,2363.91000000,0.688
1749263524,0.68490000,3347.78000000,0.688
1749263524,0.68480000,1467.35000000,0.688
1749263524,0.68470000,14.62000000,0.688
1749263524,0.68460000,2374.65000000,0.688
1749263524,0.68450000,2213.32000000,0.688
1749263524,0.68440000,222.52000000,0.688
1749263524,0.68430000,25.57000000,0.688
1749263524,0.68420000,1467.37000000,0.688
1749263524,0.68410000,14.62000000,0.688
1749263524,0.68400000,771.54000000,0.688
1749263524,0.68390000,6228.57000000,0.688
1749263524,0.68380000,7830.97000000,0.688
1749263524,0.68370000,25.59000000,0.688
1749263524,0.68360000,14.62000000,0.688
1749263524,0.68350000,5983.93000000,0.688
1749263524,0.68340000,25.61000000,0.688
1749263524,0.68330000,6165.23000000,0.688
1749263524,0.68320000,1865.66000000,0.688
1749263524,0.68310000,6933.78000000,0.688
1749263524,0.68300000,741.01000000,0.688
1749263524,0.68290000,1467.39000000,0.688
1749263524,0.68280000,25.62000000,0.688
1749263524,0.68270000,14650.19000000,0.688
1749263524,0.68260000,1467.39000000,0.688
1749263524,0.68250000,25.64000000,0.688
1749263524,0.68240000,14.65000000,0.688
1749263524,0.68230000,5798.05000000,0.688
1749263524,0.68220000,25.64000000,0.688
1749263524,0.68210000,2199.61000000,0.688
1749263524,0.68200000,1475.21000000,0.688
1749263524,0.68190000,25.66000000,0.688
1749263524,0.68180000,277.17000000,0.688
1749263524,0.68170000,717.56000000,0.688
1749263524,0.68160000,1973.59000000,0.688
1749263524,0.68150000,353.68000000,0.688
1749263524,0.68140000,14.67000000,0.688
1749263524,0.68130000,4525.07000000,0.688
1749263524,0.68120000,14.68000000,0.688
1749263524,0.68110000,14.68000000,0.688
1749263524,0.68100000,36.90000000,0.688
1749263524,0.68090000,1462.11000000,0.688
1749263524,0.68080000,45.66000000,0.688
1749263524,0.68070000,25.71000000,0.688
1749263524,0.68060000,14.69000000,0.688
1749263524,0.68040000,25.69000000,0.688
1749263524,0.68020000,3670.78000000,0.688
1749263524,0.68010000,11.03000000,0.688
1749263524,0.68000000,9693.33000000,0.688
1749263524,0.67980000,10.94000000,0.688
1749263524,0.67970000,428.09000000,0.688
1749263524,0.67950000,10.94000000,0.688
1749263524,0.67920000,1544.16000000,0.688
1749263524,0.67910000,743.91000000,0.688
1749263524,0.67900000,189.53000000,0.688
1749263524,0.67890000,19.53000000,0.688
1749263524,0.67870000,3448.22000000,0.688
1749263524,0.67860000,10.96000000,0.688
1749263524,0.67850000,7.83000000,0.688
1749263524,0.67830000,3511.90000000,0.688
1749263524,0.67800000,45.39000000,0.688
1749263524,0.67770000,10.97000000,0.688
1749263524,0.67760000,7597.51000000,0.688
1749263524,0.67750000,74.10000000,0.688
1749263524,0.67740000,10.98000000,0.688
1749263524,0.67730000,258.08000000,0.688
1749263524,0.67720000,61.84000000,0.688
1749263524,0.67710000,10.99000000,0.688
1749263524,0.67680000,10.99000000,0.688
1749263830,0.68800000,1269.09000000,0.6881
1749263830,0.68790000,1033.73000000,0.6881
1749263830,0.68780000,1097.26000000,0.6881
1749263830,0.68770000,1914.55000000,0.6881
1749263830,0.68760000,6377.04000000,0.6881
1749263830,0.68750000,8192.17000000,0.6881
1749263830,0.68740000,2112.43000000,0.6881
1749263830,0.68730000,2829.94000000,0.6881
1749263830,0.68720000,3533.57000000,0.6881
1749263830,0.68710000,5191.44000000,0.6881
1749263830,0.68700000,10178.41000000,0.6881
1749263830,0.68690000,5114.00000000,0.6881
1749263830,0.68680000,2059.22000000,0.6881
1749263830,0.68670000,2674.29000000,0.6881
1749263830,0.68660000,638.46000000,0.6881
1749263830,0.68650000,1700.83000000,0.6881
1749263830,0.68640000,1943.15000000,0.6881
1749263830,0.68630000,4239.71000000,0.6881
1749263830,0.68620000,4265.92000000,0.6881
1749263830,0.68610000,4358.71000000,0.6881
1749263830,0.68600000,488.15000000,0.6881
1749263830,0.68590000,2278.42000000,0.6881
1749263830,0.68580000,5176.93000000,0.6881
1749263830,0.68570000,1151.91000000,0.6881
1749263830,0.68560000,3148.42000000,0.6881
1749263830,0.68550000,41.54000000,0.6881
1749263830,0.68540000,1804.85000000,0.6881
1749263830,0.68530000,14.60000000,0.6881
1749263830,0.68520000,34.12000000,0.6881
1749263830,0.68510000,2531.22000000,0.6881
1749263830,0.68500000,46.64000000,0.6881
1749263830,0.68490000,3515.22000000,0.6881
1749263830,0.68480000,1467.35000000,0.6881
1749263830,0.68470000,14.62000000,0.6881
1749263830,0.68460000,7831.73000000,0.6881
1749263830,0.68450000,2213.32000000,0.6881
1749263830,0.68440000,52.83000000,0.6881
1749263830,0.68430000,25.57000000,0.6881
1749263830,0.68420000,1467.37000000,0.6881
1749263830,0.68410000,14.62000000,0.6881
1749263830,0.68400000,771.54000000,0.6881
1749263830,0.68390000,6624.64000000,0.6881
1749263830,0.68380000,14.62000000,0.6881
1749263830,0.68370000,6926.38000000,0.6881
1749263830,0.68360000,14.62000000,0.6881
1749263830,0.68350000,5983.93000000,0.6881
1749263830,0.68340000,25.61000000,0.6881
1749263830,0.68330000,6165.23000000,0.6881
1749263830,0.68320000,1467.39000000,0.6881
1749263830,0.68310000,25.62000000,0.6881
1749263830,0.68300000,14.64000000,0.6881
1749263830,0.68290000,1467.39000000,0.6881
1749263830,0.68280000,25.62000000,0.6881
1749263830,0.68270000,14650.19000000,0.6881
1749263830,0.68260000,1467.39000000,0.6881
1749263830,0.68250000,25.64000000,0.6881
1749263830,0.68240000,14.65000000,0.6881
1749263830,0.68230000,5798.05000000,0.6881
1749263830,0.68220000,25.64000000,0.6881
1749263830,0.68210000,2227.46000000,0.6881
1749263830,0.68200000,1475.21000000,0.6881
1749263830,0.68190000,25.66000000,0.6881
1749263830,0.68180000,277.17000000,0.6881
1749263830,0.68170000,507.23000000,0.6881
1749263830,0.68160000,25.67000000,0.6881
1749263830,0.68150000,353.68000000,0.6881
1749263830,0.68140000,14.67000000,0.6881
1749263830,0.68130000,4525.07000000,0.6881
1749263830,0.68120000,14.68000000,0.6881
1749263830,0.68110000,14.68000000,0.6881
1749263830,0.68100000,36.90000000,0.6881
1749263830,0.68090000,1462.11000000,0.6881
1749263830,0.68080000,45.49000000,0.6881
1749263830,0.68070000,25.55000000,0.6881
1749263830,0.68060000,14.53000000,0.6881
1749263830,0.68050000,14.53000000,0.6881
1749263830,0.68040000,200.16000000,0.6881
1749263830,0.68020000,3706.06000000,0.6881
1749263830,0.68010000,11.03000000,0.6881
1749263830,0.68000000,9693.33000000,0.6881
1749263830,0.67980000,10.94000000,0.6881
1749263830,0.67970000,428.09000000,0.6881
1749263830,0.67950000,10.94000000,0.6881
1749263830,0.67920000,1544.16000000,0.6881
1749263830,0.67910000,743.91000000,0.6881
1749263830,0.67890000,19.53000000,0.6881
1749263830,0.67870000,3448.22000000,0.6881
1749263830,0.67860000,10.96000000,0.6881
1749263830,0.67850000,7.83000000,0.6881
1749263830,0.67840000,7527.09000000,0.6881
1749263830,0.67830000,10.97000000,0.6881
1749263830,0.67800000,45.39000000,0.6881
1749263830,0.67770000,10.97000000,0.6881
1749263830,0.67760000,59.33000000,0.6881
1749263830,0.67750000,74.10000000,0.6881
1749263830,0.67740000,10.98000000,0.6881
1749263830,0.67730000,258.08000000,0.6881
1749263830,0.67720000,35.44000000,0.6881
1749263830,0.67710000,10.99000000,0.6881
1749263830,0.67680000,10.99000000,0.6881
1749264132,0.68670000,967.50000000,0.6867
1749264132,0.68660000,1352.77000000,0.6867
1749264132,0.68650000,1765.59000000,0.6867
1749264132,0.68640000,559.42000000,0.6867
1749264132,0.68630000,3336.35000000,0.6867
1749264132,0.68620000,5737.13000000,0.6867
1749264132,0.68610000,2174.69000000,0.6867
1749264132,0.68600000,6534.22000000,0.6867
1749264132,0.68590000,766.99000000,0.6867
1749264132,0.68580000,3987.06000000,0.6867
1749264132,0.68570000,7430.18000000,0.6867
1749264132,0.68560000,10259.56000000,0.6867
1749264132,0.68550000,9563.06000000,0.6867
1749264132,0.68540000,8532.80000000,0.6867
1749264132,0.68530000,4386.99000000,0.6867
1749264132,0.68520000,5099.98000000,0.6867
1749264132,0.68510000,2531.22000000,0.6867
1749264132,0.68500000,3691.76000000,0.6867
1749264132,0.68490000,435.91000000,0.6867
1749264132,0.68480000,1804.85000000,0.6867
1749264132,0.68470000,352.12000000,0.6867
1749264132,0.68460000,484.34000000,0.6867
1749264132,0.68450000,2550.82000000,0.6867
1749264132,0.68440000,512.75000000,0.6867
1749264132,0.68430000,363.07000000,0.6867
1749264132,0.68420000,1804.87000000,0.6867
1749264132,0.68410000,14.62000000,0.6867
1749264132,0.68400000,1109.04000000,0.6867
1749264132,0.68390000,6566.07000000,0.6867
1749264132,0.68380000,14.62000000,0.6867
1749264132,0.68370000,11304.94000000,0.6867
1749264132,0.68360000,14.62000000,0.6867
1749264132,0.68350000,2267.15000000,0.6867
1749264132,0.68340000,376.75000000,0.6867
1749264132,0.68330000,14.64000000,0.6867
1749264132,0.68320000,1467.39000000,0.6867
1749264132,0.68310000,1152.47000000,0.6867
1749264132,0.68300000,14.64000000,0.6867
1749264132,0.68290000,1467.39000000,0.6867
1749264132,0.68280000,1774.65000000,0.6867
1749264132,0.68270000,14650.19000000,0.6867
1749264132,0.68260000,8378.11000000,0.6867
1749264132,0.68250000,6183.44000000,0.6867
1749264132,0.68240000,3900.62000000,0.6867
1749264132,0.68230000,1911.51000000,0.6867
1749264132,0.68220000,25.64000000,0.6867
1749264132,0.68210000,2227.46000000,0.6867
1749264132,0.68200000,22.46000000,0.6867
1749264132,0.68190000,3508.11000000,0.6867
1749264132,0.68180000,3709.71000000,0.6867
1749264132,0.68170000,14.67000000,0.6867
1749264132,0.68160000,25.67000000,0.6867
1749264132,0.68150000,353.68000000,0.6867
1749264132,0.68140000,14.52000000,0.6867
1749264132,0.68130000,4524.92000000,0.6867
1749264132,0.68120000,14.51000000,0.6867
1749264132,0.68110000,14.52000000,0.6867
1749264132,0.68100000,36.75000000,0.6867
1749264132,0.68090000,14.52000000,0.6867
1749264132,0.68080000,45.49000000,0.6867
1749264132,0.68070000,25.54000000,0.6867
1749264132,0.68060000,14.53000000,0.6867
1749264132,0.68050000,14.53000000,0.6867
1749264132,0.68040000,214.69000000,0.6867
1749264132,0.68030000,14.53000000,0.6867
1749264132,0.68020000,2267.93000000,0.6867
1749264132,0.68010000,506.74000000,0.6867
1749264132,0.68000000,9707.87000000,0.6867
1749264132,0.67990000,14.54000000,0.6867
1749264132,0.67980000,25.48000000,0.6867
1749264132,0.67970000,435.73000000,0.6867
1749264132,0.67960000,1546.86000000,0.6867
1749264132,0.67950000,25.49000000,0.6867
1749264132,0.67940000,14.55000000,0.6867
1749264132,0.67930000,14.55000000,0.6867
1749264132,0.67920000,25.51000000,0.6867
1749264132,0.67910000,750.66000000,0.6867
1749264132,0.67890000,19.53000000,0.6867
1749264132,0.67860000,10.96000000,0.6867
1749264132,0.67850000,7.83000000,0.6867
1749264132,0.67830000,10.97000000,0.6867
1749264132,0.67800000,45.39000000,0.6867
1749264132,0.67770000,10.97000000,0.6867
1749264132,0.67760000,59.33000000,0.6867
1749264132,0.67750000,74.10000000,0.6867
1749264132,0.67740000,10.98000000,0.6867
1749264132,0.67730000,7796.03000000,0.6867
1749264132,0.67720000,35.44000000,0.6867
1749264132,0.67710000,10.99000000,0.6867
1749264132,0.67680000,10.99000000,0.6867
1749264132,0.67670000,232.23000000,0.6867
1749264132,0.67650000,2069.47000000,0.6867
1749264132,0.67620000,29.57000000,0.6867
1749264132,0.67600000,40.55000000,0.6867
1749264132,0.67580000,8.58000000,0.6867
1749264132,0.67570000,2939.00000000,0.6867
1749264132,0.67550000,444.11000000,0.6867
1749264132,0.67530000,2231.52000000,0.6867
1749264132,0.67520000,35.54000000,0.6867
1749264132,0.67510000,1542.52000000,0.6867
1749264438,0.68740000,1125.59000000,0.6875
1749264438,0.68730000,489.26000000,0.6875
1749264438,0.68720000,1208.50000000,0.6875
1749264438,0.68710000,3422.64000000,0.6875
1749264438,0.68700000,1960.97000000,0.6875
1749264438,0.68690000,5011.44000000,0.6875
1749264438,0.68680000,362.98000000,0.6875
1749264438,0.68670000,1440.98000000,0.6875
1749264438,0.68660000,4324.06000000,0.6875
1749264438,0.68650000,10882.67000000,0.6875
1749264438,0.68640000,8847.61000000,0.6875
1749264438,0.68630000,6247.62000000,0.6875
1749264438,0.68620000,5702.33000000,0.6875
1749264438,0.68610000,743.44000000,0.6875
1749264438,0.68600000,1424.34000000,0.6875
1749264438,0.68590000,923.34000000,0.6875
1749264438,0.68580000,4744.69000000,0.6875
1749264438,0.68570000,2110.37000000,0.6875
1749264438,0.68560000,4790.49000000,0.6875
1749264438,0.68550000,929.05000000,0.6875
1749264438,0.68540000,8232.31000000,0.6875
1749264438,0.68530000,4125.73000000,0.6875
1749264438,0.68520000,3045.75000000,0.6875
1749264438,0.68510000,2835.69000000,0.6875
1749264438,0.68500000,3674.34000000,0.6875
1749264438,0.68490000,25.54000000,0.6875
1749264438,0.68480000,1804.85000000,0.6875
1749264438,0.68470000,14.62000000,0.6875
1749264438,0.68460000,25.57000000,0.6875
1749264438,0.68450000,2550.82000000,0.6875
1749264438,0.68440000,184.28000000,0.6875
1749264438,0.68430000,25.57000000,0.6875
1749264438,0.68420000,1467.37000000,0.6875
1749264438,0.68410000,14.62000000,0.6875
1749264438,0.68400000,8589.31000000,0.6875
1749264438,0.68390000,6228.57000000,0.6875
1749264438,0.68380000,14.62000000,0.6875
1749264438,0.68370000,3311.95000000,0.6875
1749264438,0.68360000,14.62000000,0.6875
1749264438,0.68350000,1971.20000000,0.6875
1749264438,0.68340000,376.75000000,0.6875
1749264438,0.68330000,310.68000000,0.6875
1749264438,0.68320000,8375.77000000,0.6875
1749264438,0.68310000,1152.47000000,0.6875
1749264438,0.68300000,14.64000000,0.6875
1749264438,0.68290000,1467.39000000,0.6875
1749264438,0.68280000,6180.71000000,0.6875
1749264438,0.68270000,14650.19000000,0.6875
1749264438,0.68260000,1467.39000000,0.6875
1749264438,0.68250000,25.64000000,0.6875
1749264438,0.68240000,3900.62000000,0.6875
1749264438,0.68230000,1911.51000000,0.6875
1749264438,0.68220000,25.64000000,0.6875
1749264438,0.68210000,2227.46000000,0.6875
1749264438,0.68200000,22.46000000,0.6875
1749264438,0.68190000,3508.11000000,0.6875
1749264438,0.68180000,3709.71000000,0.6875
1749264438,0.68170000,14.67000000,0.6875
1749264438,0.68160000,25.67000000,0.6875
1749264438,0.68150000,353.68000000,0.6875
1749264438,0.68140000,14.52000000,0.6875
1749264438,0.68130000,4524.92000000,0.6875
1749264438,0.68120000,14.51000000,0.6875
1749264438,0.68110000,14.52000000,0.6875
1749264438,0.68100000,524.33000000,0.6875
1749264438,0.68090000,14.52000000,0.6875
1749264438,0.68080000,1493.13000000,0.6875
1749264438,0.68070000,25.54000000,0.6875
1749264438,0.68060000,14.53000000,0.6875
1749264438,0.68050000,14.53000000,0.6875
1749264438,0.68040000,214.69000000,0.6875
1749264438,0.68030000,14.53000000,0.6875
1749264438,0.68020000,2267.93000000,0.6875
1749264438,0.68010000,25.57000000,0.6875
1749264438,0.68000000,9707.87000000,0.6875
1749264438,0.67990000,14.54000000,0.6875
1749264438,0.67980000,10.94000000,0.6875
1749264438,0.67970000,421.18000000,0.6875
1749264438,0.67960000,1532.31000000,0.6875
1749264438,0.67950000,10.94000000,0.6875
1749264438,0.67920000,10.95000000,0.6875
1749264438,0.67910000,750.66000000,0.6875
1749264438,0.67890000,19.53000000,0.6875
1749264438,0.67860000,10.96000000,0.6875
1749264438,0.67850000,7.83000000,0.6875
1749264438,0.67830000,10.97000000,0.6875
1749264438,0.67800000,45.39000000,0.6875
1749264438,0.67770000,7548.32000000,0.6875
1749264438,0.67760000,59.33000000,0.6875
1749264438,0.67750000,74.10000000,0.6875
1749264438,0.67740000,10.98000000,0.6875
1749264438,0.67730000,258.08000000,0.6875
1749264438,0.67720000,35.44000000,0.6875
1749264438,0.67710000,10.99000000,0.6875
1749264438,0.67680000,10.99000000,0.6875
1749264438,0.67670000,232.23000000,0.6875
1749264438,0.67650000,2069.47000000,0.6875
1749264438,0.67620000,29.57000000,0.6875
1749264438,0.67600000,40.55000000,0.6875
1749264438,0.67580000,8.58000000,0.6875
1749264740,0.68980000,352.00000000,0.6899
1749264740,0.68970000,898.38000000,0.6899
1749264740,0.68960000,760.20000000,0.6899
1749264740,0.68950000,912.11000000,0.6899
1749264740,0.68940000,2622.88000000,0.6899
1749264740,0.68930000,793.08000000,0.6899
1749264740,0.68920000,756.64000000,0.6899
1749264740,0.68910000,4029.94000000,0.6899
1749264740,0.68900000,2448.88000000,0.6899
1749264740,0.68890000,11428.48000000,0.6899
1749264740,0.68880000,10121.49000000,0.6899
1749264740,0.68870000,3655.17000000,0.6899
1749264740,0.68860000,5319.17000000,0.6899
1749264740,0.68850000,5162.81000000,0.6899
1749264740,0.68840000,3765.37000000,0.6899
1749264740,0.68830000,4492.22000000,0.6899
1749264740,0.68820000,1865.89000000,0.6899
1749264740,0.68810000,1326.67000000,0.6899
1749264740,0.68800000,1819.91000000,0.6899
1749264740,0.68790000,6856.44000000,0.6899
1749264740,0.68780000,1078.41000000,0.6899
1749264740,0.68770000,3689.83000000,0.6899
1749264740,0.68760000,362.95000000,0.6899
1749264740,0.68750000,4853.25000000,0.6899
1749264740,0.68740000,1499.91000000,0.6899
1749264740,0.68730000,362.96000000,0.6899
1749264740,0.68720000,2531.17000000,0.6899
1749264740,0.68710000,352.05000000,0.6899
1749264740,0.68700000,2288.63000000,0.6899
1749264740,0.68690000,1467.31000000,0.6899
1749264740,0.68680000,2810.90000000,0.6899
1749264740,0.68670000,751.85000000,0.6899
1749264740,0.68660000,1467.31000000,0.6899
1749264740,0.68650000,14.56000000,0.6899
1749264740,0.68640000,97.43000000,0.6899
1749264740,0.68630000,14.57000000,0.6899
1749264740,0.68620000,6938.93000000,0.6899
1749264740,0.68610000,194.84000000,0.6899
1749264740,0.68600000,9766.85000000,0.6899
1749264740,0.68590000,14.58000000,0.6899
1749264740,0.68580000,1486.10000000,0.6899
1749264740,0.68570000,4099.82000000,0.6899
1749264740,0.68560000,5023.45000000,0.6899
1749264740,0.68550000,271.55000000,0.6899
1749264740,0.68540000,6258.49000000,0.6899
1749264740,0.68530000,7307.10000000,0.6899
1749264740,0.68520000,6167.66000000,0.6899
1749264740,0.68510000,2390.03000000,0.6899
1749264740,0.68500000,3896.21000000,0.6899
1749264740,0.68490000,3311.90000000,0.6899
1749264740,0.68480000,1467.35000000,0.6899
1749264740,0.68470000,14.62000000,0.6899
1749264740,0.68460000,14620.50000000,0.6899
1749264740,0.68450000,2213.32000000,0.6899
1749264740,0.68440000,14.62000000,0.6899
1749264740,0.68430000,25.57000000,0.6899
1749264740,0.68420000,1467.37000000,0.6899
1749264740,0.68410000,14.62000000,0.6899
1749264740,0.68400000,382.94000000,0.6899
1749264740,0.68390000,1467.37000000,0.6899
1749264740,0.68380000,14.62000000,0.6899
1749264740,0.68370000,25.59000000,0.6899
1749264740,0.68360000,14.62000000,0.6899
1749264740,0.68350000,2473.08000000,0.6899
1749264740,0.68340000,25.61000000,0.6899
1749264740,0.68330000,4514.03000000,0.6899
1749264740,0.68320000,1467.39000000,0.6899
1749264740,0.68310000,1468.39000000,0.6899
1749264740,0.68300000,14.64000000,0.6899
1749264740,0.68290000,236.53000000,0.6899
1749264740,0.68280000,25.62000000,0.6899
1749264740,0.68270000,14.64000000,0.6899
1749264740,0.68260000,14.64000000,0.6899
1749264740,0.68250000,25.64000000,0.6899
1749264740,0.68240000,14.65000000,0.6899
1749264740,0.68230000,458.60000000,0.6899
1749264740,0.68220000,10.99000000,0.6899
1749264740,0.68210000,2212.80000000,0.6899
1749264740,0.68200000,7.80000000,0.6899
1749264740,0.68190000,3493.45000000,0.6899
1749264740,0.68180000,3883.81000000,0.6899
1749264740,0.68170000,427.42000000,0.6899
1749264740,0.68160000,11.00000000,0.6899
1749264740,0.68130000,11.01000000,0.6899
1749264740,0.68100000,1551.39000000,0.6899
1749264740,0.68080000,39.04000000,0.6899
1749264740,0.68070000,750.99000000,0.6899
1749264740,0.68040000,11.02000000,0.6899
1749264740,0.68020000,2471.70000000,0.6899
1749264740,0.68010000,7546.66000000,0.6899
1749264740,0.68000000,9693.33000000,0.6899
1749264740,0.67980000,10.94000000,0.6899
1749264740,0.67950000,10.94000000,0.6899
1749264740,0.67930000,61.65000000,0.6899
1749264740,0.67920000,10.95000000,0.6899
1749264740,0.67910000,2255.01000000,0.6899
1749264740,0.67890000,19.53000000,0.6899
1749264740,0.67860000,10.96000000,0.6899
1749264740,0.67850000,7.83000000,0.6899
1749264740,0.67830000,10.97000000,0.6899
1749265042,0.69060000,1343.97000000,0.6899
1749265042,0.69050000,506.70000000,0.6899
1749265042,0.69040000,1202.91000000,0.6899
1749265042,0.69030000,2676.98000000,0.6899
1749265042,0.69020000,4634.98000000,0.6899
1749265042,0.69010000,3666.60000000,0.6899
1749265042,0.69000000,8593.86000000,0.6899
1749265042,0.68990000,3757.45000000,0.6899
1749265042,0.68980000,3599.11000000,0.6899
1749265042,0.68970000,3378.84000000,0.6899
1749265042,0.68960000,9917.45000000,0.6899
1749265042,0.68950000,2941.12000000,0.6899
1749265042,0.68940000,4579.95000000,0.6899
1749265042,0.68930000,5232.28000000,0.6899
1749265042,0.68920000,2546.74000000,0.6899
1749265042,0.68910000,4450.31000000,0.6899
1749265042,0.68900000,573.31000000,0.6899
1749265042,0.68890000,1244.55000000,0.6899
1749265042,0.68880000,1936.59000000,0.6899
1749265042,0.68870000,352.02000000,0.6899
1749265042,0.68860000,3509.67000000,0.6899
1749265042,0.68850000,1815.65000000,0.6899
1749265042,0.68840000,4340.74000000,0.6899
1749265042,0.68830000,3148.37000000,0.6899
1749265042,0.68820000,1815.68000000,0.6899
1749265042,0.68810000,545.56000000,0.6899
1749265042,0.68800000,454.07000000,0.6899
1749265042,0.68790000,5659.26000000,0.6899
1749265042,0.68780000,740.91000000,0.6899
1749265042,0.68770000,11105.07000000,0.6899
1749265042,0.68760000,25.45000000,0.6899
1749265042,0.68750000,1791.11000000,0.6899
1749265042,0.68740000,14.54000000,0.6899
1749265042,0.68730000,192.36000000,0.6899
1749265042,0.68720000,2193.67000000,0.6899
1749265042,0.68710000,3336.79000000,0.6899
1749265042,0.68700000,25.47000000,0.6899
1749265042,0.68690000,2174.32000000,0.6899
1749265042,0.68680000,50.39000000,0.6899
1749265042,0.68670000,7625.20000000,0.6899
1749265042,0.68660000,1467.31000000,0.6899
1749265042,0.68650000,14.56000000,0.6899
1749265042,0.68640000,25.50000000,0.6899
1749265042,0.68630000,14.57000000,0.6899
1749265042,0.68620000,6938.93000000,0.6899
1749265042,0.68610000,3311.86000000,0.6899
1749265042,0.68600000,22.37000000,0.6899
1749265042,0.68590000,6141.86000000,0.6899
1749265042,0.68580000,1486.10000000,0.6899
1749265042,0.68570000,740.95000000,0.6899
1749265042,0.68560000,5023.45000000,0.6899
1749265042,0.68550000,25.54000000,0.6899
1749265042,0.68540000,1467.35000000,0.6899
1749265042,0.68530000,14.60000000,0.6899
1749265042,0.68520000,34.12000000,0.6899
1749265042,0.68510000,1467.35000000,0.6899
1749265042,0.68500000,3912.51000000,0.6899
1749265042,0.68490000,25.54000000,0.6899
1749265042,0.68480000,1467.35000000,0.6899
1749265042,0.68470000,14.62000000,0.6899
1749265042,0.68460000,14620.50000000,0.6899
1749265042,0.68450000,1467.37000000,0.6899
1749265042,0.68440000,14.62000000,0.6899
1749265042,0.68430000,533.12000000,0.6899
1749265042,0.68420000,14.62000000,0.6899
1749265042,0.68410000,14.62000000,0.6899
1749265042,0.68400000,389.96000000,0.6899
1749265042,0.68390000,14.62000000,0.6899
1749265042,0.68380000,14.62000000,0.6899
1749265042,0.68370000,25.59000000,0.6899
1749265042,0.68360000,276.44000000,0.6899
1749265042,0.68350000,518.28000000,0.6899
1749265042,0.68340000,1549.23000000,0.6899
1749265042,0.68330000,4513.86000000,0.6899
1749265042,0.68320000,627.76000000,0.6899
1749265042,0.68310000,1468.22000000,0.6899
1749265042,0.68290000,221.89000000,0.6899
1749265042,0.68280000,10.98000000,0.6899
1749265042,0.68250000,10.99000000,0.6899
1749265042,0.68230000,1165.27000000,0.6899
1749265042,0.68220000,10.99000000,0.6899
1749265042,0.68210000,2212.80000000,0.6899
1749265042,0.68200000,7.80000000,0.6899
1749265042,0.68190000,3493.45000000,0.6899
1749265042,0.68180000,3432.54000000,0.6899
1749265042,0.68160000,11.00000000,0.6899
1749265042,0.68130000,11.01000000,0.6899
1749265042,0.68120000,7503.04000000,0.6899
1749265042,0.68100000,22.23000000,0.6899
1749265042,0.68080000,30.97000000,0.6899
1749265042,0.68070000,11.02000000,0.6899
1749265042,0.68040000,11.02000000,0.6899
1749265042,0.68030000,1530.73000000,0.6899
1749265042,0.68020000,2471.70000000,0.6899
1749265042,0.68010000,32.86000000,0.6899
1749265042,0.68000000,23383.74000000,0.6899
1749265042,0.67980000,10.94000000,0.6899
1749265042,0.67970000,61.62000000,0.6899
1749265042,0.67950000,10.94000000,0.6899
1749265042,0.67920000,10.95000000,0.6899
1749265349,0.69020000,1220.84000000,0.6902
1749265349,0.69010000,963.17000000,0.6902
1749265349,0.69000000,2421.91000000,0.6902
1749265349,0.68990000,4819.37000000,0.6902
1749265349,0.68980000,6078.48000000,0.6902
1749265349,0.68970000,5434.60000000,0.6902
1749265349,0.68960000,11359.66000000,0.6902
1749265349,0.68950000,6183.07000000,0.6902
1749265349,0.68940000,3802.73000000,0.6902
1749265349,0.68930000,4001.52000000,0.6902
1749265349,0.68920000,7429.91000000,0.6902
1749265349,0.68910000,4994.98000000,0.6902
1749265349,0.68900000,4948.20000000,0.6902
1749265349,0.68890000,3456.28000000,0.6902
1749265349,0.68880000,5178.37000000,0.6902
1749265349,0.68870000,998.07000000,0.6902
1749265349,0.68860000,707.08000000,0.6902
1749265349,0.68850000,9777.20000000,0.6902
1749265349,0.68840000,8455.15000000,0.6902
1749265349,0.68830000,394.58000000,0.6902
1749265349,0.68820000,1815.68000000,0.6902
1749265349,0.68810000,632.16000000,0.6902
1749265349,0.68800000,352.03000000,0.6902
1749265349,0.68790000,8142.40000000,0.6902
1749265349,0.68780000,1078.41000000,0.6902
1749265349,0.68770000,6342.82000000,0.6902
1749265349,0.68760000,362.95000000,0.6902
1749265349,0.68750000,1804.79000000,0.6902
1749265349,0.68740000,352.04000000,0.6902
1749265349,0.68730000,25.46000000,0.6902
1749265349,0.68720000,2193.67000000,0.6902
1749265349,0.68710000,14.55000000,0.6902
1749265349,0.68700000,25.47000000,0.6902
1749265349,0.68690000,1467.31000000,0.6902
1749265349,0.68680000,374.54000000,0.6902
1749265349,0.68670000,1046.47000000,0.6902
1749265349,0.68660000,2450.73000000,0.6902
1749265349,0.68650000,14.56000000,0.6902
1749265349,0.68640000,25.50000000,0.6902
1749265349,0.68630000,14.57000000,0.6902
1749265349,0.68620000,6938.93000000,0.6902
1749265349,0.68610000,3616.01000000,0.6902
1749265349,0.68600000,416.60000000,0.6902
1749265349,0.68590000,14.58000000,0.6902
1749265349,0.68580000,15709.53000000,0.6902
1749265349,0.68570000,740.95000000,0.6902
1749265349,0.68560000,5023.45000000,0.6902
1749265349,0.68550000,25.54000000,0.6902
1749265349,0.68540000,1467.35000000,0.6902
1749265349,0.68530000,11401.32000000,0.6902
1749265349,0.68520000,34.12000000,0.6902
1749265349,0.68510000,1467.35000000,0.6902
1749265349,0.68500000,3912.51000000,0.6902
1749265349,0.68490000,25.54000000,0.6902
1749265349,0.68480000,1467.35000000,0.6902
1749265349,0.68470000,14.62000000,0.6902
1749265349,0.68460000,14620.50000000,0.6902
1749265349,0.68450000,1467.37000000,0.6902
1749265349,0.68440000,14.62000000,0.6902
1749265349,0.68430000,25.57000000,0.6902
1749265349,0.68420000,14.62000000,0.6902
1749265349,0.68410000,14.62000000,0.6902
1749265349,0.68400000,389.96000000,0.6902
1749265349,0.68390000,14.62000000,0.6902
1749265349,0.68380000,518.63000000,0.6902
1749265349,0.68370000,25.59000000,0.6902
1749265349,0.68360000,276.44000000,0.6902
1749265349,0.68350000,518.28000000,0.6902
1749265349,0.68340000,1549.23000000,0.6902
1749265349,0.68330000,14.47000000,0.6902
1749265349,0.68320000,627.76000000,0.6902
1749265349,0.68310000,3831.33000000,0.6902
1749265349,0.68300000,14.48000000,0.6902
1749265349,0.68290000,236.37000000,0.6902
1749265349,0.68280000,25.46000000,0.6902
1749265349,0.68270000,14.48000000,0.6902
1749265349,0.68250000,10.99000000,0.6902
1749265349,0.68230000,1165.27000000,0.6902
1749265349,0.68220000,10.99000000,0.6902
1749265349,0.68210000,2212.80000000,0.6902
1749265349,0.68200000,7.80000000,0.6902
1749265349,0.68190000,3493.45000000,0.6902
1749265349,0.68180000,3432.54000000,0.6902
1749265349,0.68160000,11.00000000,0.6902
1749265349,0.68130000,11.01000000,0.6902
1749265349,0.68100000,22.23000000,0.6902
1749265349,0.68080000,30.97000000,0.6902
1749265349,0.68070000,11.02000000,0.6902
1749265349,0.68040000,11.02000000,0.6902
1749265349,0.68020000,253.59000000,0.6902
1749265349,0.68010000,7543.00000000,0.6902
1749265349,0.68000000,9693.33000000,0.6902
1749265349,0.67980000,10.94000000,0.6902
1749265349,0.67950000,10.94000000,0.6902
1749265349,0.67920000,10.95000000,0.6902
1749265349,0.67910000,2255.01000000,0.6902
1749265349,0.67890000,1553.42000000,0.6902
1749265349,0.67850000,7.83000000,0.6902
1749265349,0.67800000,34.42000000,0.6902
1749265349,0.67760000,59.33000000,0.6902
1749265655,0.69040000,1839.56000000,0.6903
1749265655,0.69030000,936.91000000,0.6903
1749265655,0.69020000,981.28000000,0.6903
1749265655,0.69010000,1847.18000000,0.6903
1749265655,0.69000000,2566.00000000,0.6903
1749265655,0.68990000,2108.37000000,0.6903
1749265655,0.68980000,3172.49000000,0.6903
1749265655,0.68970000,13279.46000000,0.6903
1749265655,0.68960000,5958.07000000,0.6903
1749265655,0.68950000,6538.77000000,0.6903
1749265655,0.68940000,10603.57000000,0.6903
1749265655,0.68930000,6204.51000000,0.6903
1749265655,0.68920000,1687.48000000,0.6903
1749265655,0.68910000,6394.84000000,0.6903
1749265655,0.68900000,2420.47000000,0.6903
1749265655,0.68890000,5661.25000000,0.6903
1749265655,0.68880000,4773.89000000,0.6903
1749265655,0.68870000,653.90000000,0.6903
1749265655,0.68860000,392.04000000,0.6903
1749265655,0.68850000,6013.42000000,0.6903
1749265655,0.68840000,7215.73000000,0.6903
1749265655,0.68830000,360.61000000,0.6903
1749265655,0.68820000,1815.68000000,0.6903
1749265655,0.68810000,3518.88000000,0.6903
1749265655,0.68800000,834.83000000,0.6903
1749265655,0.68790000,10391.30000000,0.6903
1749265655,0.68780000,1078.41000000,0.6903
1749265655,0.68770000,1077.09000000,0.6903
1749265655,0.68760000,25.45000000,0.6903
1749265655,0.68750000,2278.50000000,0.6903
1749265655,0.68740000,14.54000000,0.6903
1749265655,0.68730000,25.46000000,0.6903
1749265655,0.68720000,2193.67000000,0.6903
1749265655,0.68710000,14.55000000,0.6903
1749265655,0.68700000,319.96000000,0.6903
1749265655,0.68690000,1503.52000000,0.6903
1749265655,0.68680000,4185.83000000,0.6903
1749265655,0.68670000,919.49000000,0.6903
1749265655,0.68660000,1467.31000000,0.6903
1749265655,0.68650000,14570.27000000,0.6903
1749265655,0.68640000,329.52000000,0.6903
1749265655,0.68630000,14.57000000,0.6903
1749265655,0.68620000,14718.20000000,0.6903
1749265655,0.68610000,3311.86000000,0.6903
1749265655,0.68600000,421.42000000,0.6903
1749265655,0.68590000,6141.86000000,0.6903
1749265655,0.68580000,8366.03000000,0.6903
1749265655,0.68570000,14.58000000,0.6903
1749265655,0.68560000,14.58000000,0.6903
1749265655,0.68550000,286.63000000,0.6903
1749265655,0.68540000,3625.45000000,0.6903
1749265655,0.68530000,4513.99000000,0.6903
1749265655,0.68520000,3500.24000000,0.6903
1749265655,0.68510000,1467.35000000,0.6903
1749265655,0.68500000,1480.06000000,0.6903
1749265655,0.68490000,25.54000000,0.6903
1749265655,0.68480000,14.60000000,0.6903
1749265655,0.68470000,14.62000000,0.6903
1749265655,0.68460000,55.98000000,0.6903
1749265655,0.68450000,14.62000000,0.6903
1749265655,0.68440000,14.62000000,0.6903
1749265655,0.68430000,25.57000000,0.6903
1749265655,0.68420000,14.62000000,0.6903
1749265655,0.68410000,14.45000000,0.6903
1749265655,0.68400000,892.34000000,0.6903
1749265655,0.68390000,14.46000000,0.6903
1749265655,0.68380000,14.46000000,0.6903
1749265655,0.68370000,25.43000000,0.6903
1749265655,0.68360000,14.46000000,0.6903
1749265655,0.68350000,518.28000000,0.6903
1749265655,0.68340000,1549.23000000,0.6903
1749265655,0.68330000,22.21000000,0.6903
1749265655,0.68320000,627.76000000,0.6903
1749265655,0.68310000,2243.56000000,0.6903
1749265655,0.68300000,14.48000000,0.6903
1749265655,0.68290000,381.35000000,0.6903
1749265655,0.68280000,10.98000000,0.6903
1749265655,0.68250000,10.99000000,0.6903
1749265655,0.68230000,1165.27000000,0.6903
1749265655,0.68220000,10.99000000,0.6903
1749265655,0.68210000,44.26000000,0.6903
1749265655,0.68200000,7.80000000,0.6903
1749265655,0.68190000,11.00000000,0.6903
1749265655,0.68180000,3432.54000000,0.6903
1749265655,0.68160000,11.00000000,0.6903
1749265655,0.68130000,11.01000000,0.6903
1749265655,0.68100000,22.23000000,0.6903
1749265655,0.68070000,11.02000000,0.6903
1749265655,0.68040000,11.02000000,0.6903
1749265655,0.68030000,7507.37000000,0.6903
1749265655,0.68020000,253.59000000,0.6903
1749265655,0.68010000,32.86000000,0.6903
1749265655,0.68000000,9711.33000000,0.6903
1749265655,0.67980000,10.94000000,0.6903
1749265655,0.67950000,1543.47000000,0.6903
1749265655,0.67910000,2255.01000000,0.6903
1749265655,0.67890000,8.58000000,0.6903
1749265655,0.67850000,7.83000000,0.6903
1749265655,0.67820000,36.50000000,0.6903
1749265655,0.67800000,34.42000000,0.6903
1749265957,0.69370000,1172.71000000,0.6937
1749265957,0.69360000,1050.37000000,0.6937
1749265957,0.69350000,2293.73000000,0.6937
1749265957,0.69340000,2591.05000000,0.6937
1749265957,0.69330000,2080.23000000,0.6937
1749265957,0.69320000,2737.85000000,0.6937
1749265957,0.69310000,3223.99000000,0.6937
1749265957,0.69300000,5125.54000000,0.6937
1749265957,0.69290000,9868.25000000,0.6937
1749265957,0.69280000,16984.59000000,0.6937
1749265957,0.69270000,3317.19000000,0.6937
1749265957,0.69260000,3293.34000000,0.6937
1749265957,0.69250000,2833.71000000,0.6937
1749265957,0.69240000,1743.72000000,0.6937
1749265957,0.69230000,3723.56000000,0.6937
1749265957,0.69220000,5308.82000000,0.6937
1749265957,0.69210000,4852.72000000,0.6937
1749265957,0.69200000,362.79000000,0.6937
1749265957,0.69190000,1089.16000000,0.6937
1749265957,0.69180000,2897.00000000,0.6937
1749265957,0.69170000,849.15000000,0.6937
1749265957,0.69160000,351.96000000,0.6937
1749265957,0.69150000,1815.55000000,0.6937
1749265957,0.69140000,4938.01000000,0.6937
1749265957,0.69130000,351.97000000,0.6937
1749265957,0.69120000,1815.57000000,0.6937
1749265957,0.69110000,351.97000000,0.6937
1749265957,0.69100000,351.98000000,0.6937
1749265957,0.69090000,2541.95000000,0.6937
1749265957,0.69080000,640.76000000,0.6937
1749265957,0.69070000,1005.58000000,0.6937
1749265957,0.69060000,1678.80000000,0.6937
1749265957,0.69050000,14.48000000,0.6937
1749265957,0.69040000,740.85000000,0.6937
1749265957,0.69030000,1478.09000000,0.6937
1749265957,0.69020000,14.49000000,0.6937
1749265957,0.69010000,2078.33000000,0.6937
1749265957,0.69000000,3910.86000000,0.6937
1749265957,0.68990000,5460.65000000,0.6937
1749265957,0.68980000,14.49000000,0.6937
1749265957,0.68970000,1478.11000000,0.6937
1749265957,0.68960000,14.50000000,0.6937
1749265957,0.68950000,22.33000000,0.6937
1749265957,0.68940000,5398.17000000,0.6937
1749265957,0.68930000,48.09000000,0.6937
1749265957,0.68920000,14581.78000000,0.6937
1749265957,0.68910000,1478.14000000,0.6937
1749265957,0.68900000,14.51000000,0.6937
1749265957,0.68890000,740.88000000,0.6937
1749265957,0.68880000,1478.16000000,0.6937
1749265957,0.68870000,6116.88000000,0.6937
1749265957,0.68860000,7187.74000000,0.6937
1749265957,0.68850000,1478.15000000,0.6937
1749265957,0.68840000,14.52000000,0.6937
1749265957,0.68830000,14538.16000000,0.6937
1749265957,0.68820000,1478.18000000,0.6937
1749265957,0.68810000,14.53000000,0.6937
1749265957,0.68800000,14.53000000,0.6937
1749265957,0.68790000,1478.18000000,0.6937
1749265957,0.68780000,14.54000000,0.6937
1749265957,0.68770000,739.59000000,0.6937
1749265957,0.68760000,25.45000000,0.6937
1749265957,0.68750000,1993.89000000,0.6937
1749265957,0.68740000,14.54000000,0.6937
1749265957,0.68730000,3572.23000000,0.6937
1749265957,0.68720000,14.55000000,0.6937
1749265957,0.68710000,14.55000000,0.6937
1749265957,0.68700000,25.47000000,0.6937
1749265957,0.68690000,14.56000000,0.6937
1749265957,0.68680000,14.56000000,0.6937
1749265957,0.68670000,25.48000000,0.6937
1749265957,0.68660000,14.56000000,0.6937
1749265957,0.68650000,14.56000000,0.6937
1749265957,0.68640000,25.50000000,0.6937
1749265957,0.68630000,14.57000000,0.6937
1749265957,0.68620000,14.41000000,0.6937
1749265957,0.68610000,10.93000000,0.6937
1749265957,0.68600000,38.46000000,0.6937
1749265957,0.68580000,355.66000000,0.6937
1749265957,0.68550000,744.76000000,0.6937
1749265957,0.68540000,2158.10000000,0.6937
1749265957,0.68530000,7914.40000000,0.6937
1749265957,0.68520000,3485.64000000,0.6937
1749265957,0.68500000,100.79000000,0.6937
1749265957,0.68490000,1531.39000000,0.6937
1749265957,0.68480000,424.95000000,0.6937
1749265957,0.68460000,41.36000000,0.6937
1749265957,0.68430000,10.95000000,0.6937
1749265957,0.68400000,78.12000000,0.6937
1749265957,0.68370000,10.97000000,0.6937
1749265957,0.68350000,7979.29000000,0.6937
1749265957,0.68340000,10.97000000,0.6937
1749265957,0.68330000,7.74000000,0.6937
1749265957,0.68320000,188.37000000,0.6937
1749265957,0.68310000,2229.09000000,0.6937
1749265957,0.68300000,239.16000000,0.6937
1749265957,0.68290000,221.89000000,0.6937
1749265957,0.68280000,156.09000000,0.6937
1749265957,0.68250000,10.99000000,0.6937
1749265957,0.68230000,444.11000000,0.6937
1749266258,0.69200000,447.59000000,0.6922
1749266258,0.69190000,362.78000000,0.6922
1749266258,0.69180000,1428.55000000,0.6922
1749266258,0.69170000,2698.53000000,0.6922
1749266258,0.69160000,1554.60000000,0.6922
1749266258,0.69150000,3475.93000000,0.6922
1749266258,0.69140000,6867.18000000,0.6922
1749266258,0.69130000,4902.34000000,0.6922
1749266258,0.69120000,8327.37000000,0.6922
1749266258,0.69110000,9845.00000000,0.6922
1749266258,0.69100000,12057.23000000,0.6922
1749266258,0.69090000,12492.78000000,0.6922
1749266258,0.69080000,3539.06000000,0.6922
1749266258,0.69070000,8085.91000000,0.6922
1749266258,0.69060000,6484.17000000,0.6922
1749266258,0.69050000,735.11000000,0.6922
1749266258,0.69040000,2520.49000000,0.6922
1749266258,0.69030000,1815.59000000,0.6922
1749266258,0.69020000,134.80000000,0.6922
1749266258,0.69010000,351.99000000,0.6922
1749266258,0.69000000,8180.94000000,0.6922
1749266258,0.68990000,1401.11000000,0.6922
1749266258,0.68980000,509.09000000,0.6922
1749266258,0.68970000,1815.61000000,0.6922
1749266258,0.68960000,1454.12000000,0.6922
1749266258,0.68950000,142.71000000,0.6922
1749266258,0.68940000,9530.14000000,0.6922
1749266258,0.68930000,14.48000000,0.6922
1749266258,0.68920000,14.51000000,0.6922
1749266258,0.68910000,1850.48000000,0.6922
1749266258,0.68900000,1800.96000000,0.6922
1749266258,0.68890000,487.54000000,0.6922
1749266258,0.68880000,5073.84000000,0.6922
1749266258,0.68870000,14.52000000,0.6922
1749266258,0.68860000,4259.60000000,0.6922
1749266258,0.68850000,1478.15000000,0.6922
1749266258,0.68840000,14.52000000,0.6922
1749266258,0.68830000,14538.16000000,0.6922
1749266258,0.68820000,2174.75000000,0.6922
1749266258,0.68810000,11601.63000000,0.6922
1749266258,0.68800000,14.53000000,0.6922
1749266258,0.68790000,25.43000000,0.6922
1749266258,0.68780000,6124.89000000,0.6922
1749266258,0.68770000,350.49000000,0.6922
1749266258,0.68760000,25.45000000,0.6922
1749266258,0.68750000,14.54000000,0.6922
1749266258,0.68740000,14.54000000,0.6922
1749266258,0.68730000,6219.21000000,0.6922
1749266258,0.68720000,14.39000000,0.6922
1749266258,0.68710000,1529.97000000,0.6922
1749266258,0.68700000,25.31000000,0.6922
1749266258,0.68690000,14.39000000,0.6922
1749266258,0.68680000,14.40000000,0.6922
1749266258,0.68670000,1152.28000000,0.6922
1749266258,0.68660000,14.40000000,0.6922
1749266258,0.68650000,14.40000000,0.6922
1749266258,0.68640000,25.34000000,0.6922
1749266258,0.68630000,14.41000000,0.6922
1749266258,0.68620000,14.41000000,0.6922
1749266258,0.68610000,25.34000000,0.6922
1749266258,0.68600000,2270.98000000,0.6922
1749266258,0.68590000,14.42000000,0.6922
1749266258,0.68580000,547.76000000,0.6922
1749266258,0.68570000,14.42000000,0.6922
1749266258,0.68560000,14.42000000,0.6922
1749266258,0.68550000,469.47000000,0.6922
1749266258,0.68540000,14.43000000,0.6922
1749266258,0.68530000,3429.44000000,0.6922
1749266258,0.68520000,3500.07000000,0.6922
1749266258,0.68510000,14.43000000,0.6922
1749266258,0.68500000,115.23000000,0.6922
1749266258,0.68490000,25.38000000,0.6922
1749266258,0.68480000,434.00000000,0.6922
1749266258,0.68470000,14.44000000,0.6922
1749266258,0.68460000,243.78000000,0.6922
1749266258,0.68450000,14.44000000,0.6922
1749266258,0.68430000,10.95000000,0.6922
1749266258,0.68400000,78.12000000,0.6922
1749266258,0.68380000,720.03000000,0.6922
1749266258,0.68370000,10.97000000,0.6922
1749266258,0.68360000,1523.34000000,0.6922
1749266258,0.68350000,503.81000000,0.6922
1749266258,0.68340000,10.97000000,0.6922
1749266258,0.68330000,7.74000000,0.6922
1749266258,0.68310000,10.98000000,0.6922
1749266258,0.68300000,239.16000000,0.6922
1749266258,0.68290000,2453.41000000,0.6922
1749266258,0.68280000,156.09000000,0.6922
1749266258,0.68230000,7482.26000000,0.6922
1749266258,0.68210000,44.26000000,0.6922
1749266258,0.68200000,7.80000000,0.6922
1749266258,0.68100000,11.22000000,0.6922
1749266258,0.68050000,84.04000000,0.6922
1749266258,0.68020000,41354.91000000,0.6922
1749266258,0.68010000,12415.55000000,0.6922
1749266258,0.68000000,131.75000000,0.6922
1749266258,0.67910000,23.49000000,0.6922
1749266258,0.67890000,8.58000000,0.6922
1749266258,0.67880000,44.19000000,0.6922
1749266258,0.67850000,7.83000000,0.6922
1749266560,0.68900000,641.13000000,0.689
1749266560,0.68890000,1206.73000000,0.689
1749266560,0.68880000,1523.95000000,0.689
1749266560,0.68870000,1435.94000000,0.689
1749266560,0.68860000,4011.12000000,0.689
1749266560,0.68850000,6064.02000000,0.689
1749266560,0.68840000,1753.95000000,0.689
1749266560,0.68830000,5204.54000000,0.689
1749266560,0.68820000,7977.88000000,0.689
1749266560,0.68810000,10491.32000000,0.689
1749266560,0.68800000,8717.20000000,0.689
1749266560,0.68790000,11416.84000000,0.689
1749266560,0.68780000,3301.46000000,0.689
1749266560,0.68770000,5910.94000000,0.689
1749266560,0.68760000,1557.18000000,0.689
1749266560,0.68750000,1461.54000000,0.689
1749266560,0.68740000,5045.77000000,0.689
1749266560,0.68730000,68.30000000,0.689
1749266560,0.68720000,351.89000000,0.689
1749266560,0.68710000,14.39000000,0.689
1749266560,0.68700000,3685.05000000,0.689
1749266560,0.68690000,14.39000000,0.689
1749266560,0.68680000,1962.19000000,0.689
1749266560,0.68670000,3794.82000000,0.689
1749266560,0.68660000,1078.27000000,0.689
1749266560,0.68650000,5977.77000000,0.689
1749266560,0.68640000,362.84000000,0.689
1749266560,0.68630000,309.20000000,0.689
1749266560,0.68620000,14.41000000,0.689
1749266560,0.68610000,3649.20000000,0.689
1749266560,0.68600000,1843.12000000,0.689
1749266560,0.68590000,14.42000000,0.689
1749266560,0.68580000,8157.77000000,0.689
1749266560,0.68570000,2701.16000000,0.689
1749266560,0.68560000,52.71000000,0.689
1749266560,0.68550000,469.47000000,0.689
1749266560,0.68540000,3886.41000000,0.689
1749266560,0.68530000,3831.11000000,0.689
1749266560,0.68520000,3500.07000000,0.689
1749266560,0.68510000,1467.18000000,0.689
1749266560,0.68500000,115.23000000,0.689
1749266560,0.68490000,1155.31000000,0.689
1749266560,0.68480000,13837.29000000,0.689
1749266560,0.68470000,14.44000000,0.689
1749266560,0.68460000,7715.83000000,0.689
1749266560,0.68450000,19111.19000000,0.689
1749266560,0.68440000,14.45000000,0.689
1749266560,0.68430000,25.40000000,0.689
1749266560,0.68420000,14.45000000,0.689
1749266560,0.68410000,352.17000000,0.689
1749266560,0.68400000,92.58000000,0.689
1749266560,0.68390000,2232.57000000,0.689
1749266560,0.68380000,14.46000000,0.689
1749266560,0.68370000,25.43000000,0.689
1749266560,0.68360000,14.47000000,0.689
1749266560,0.68350000,1960.20000000,0.689
1749266560,0.68340000,25.44000000,0.689
1749266560,0.68330000,22.21000000,0.689
1749266560,0.68320000,202.82000000,0.689
1749266560,0.68310000,25.45000000,0.689
1749266560,0.68300000,14.47000000,0.689
1749266560,0.68290000,236.37000000,0.689
1749266560,0.68280000,25.46000000,0.689
1749266560,0.68270000,14.48000000,0.689
1749266560,0.68260000,508.93000000,0.689
1749266560,0.68250000,14.49000000,0.689
1749266560,0.68240000,14.49000000,0.689
1749266560,0.68230000,14.49000000,0.689
1749266560,0.68220000,744.98000000,0.689
1749266560,0.68210000,58.76000000,0.689
1749266560,0.68200000,22.30000000,0.689
1749266560,0.68190000,14.50000000,0.689
1749266560,0.68180000,437.11000000,0.689
1749266560,0.68170000,14.50000000,0.689
1749266560,0.68160000,14.50000000,0.689
1749266560,0.68150000,14.51000000,0.689
1749266560,0.68140000,144.79000000,0.689
1749266560,0.68100000,11.22000000,0.689
1749266560,0.68050000,84.04000000,0.689
1749266560,0.68030000,2231.52000000,0.689
1749266560,0.68020000,35.28000000,0.689
1749266560,0.68010000,12655.73000000,0.689
1749266560,0.68000000,69.62000000,0.689
1749266560,0.67910000,23.49000000,0.689
1749266560,0.67890000,7525.87000000,0.689
1749266560,0.67850000,7.83000000,0.689
1749266560,0.67840000,1535.02000000,0.689
1749266560,0.67800000,34.42000000,0.689
1749266560,0.67760000,59.33000000,0.689
1749266560,0.67750000,74.10000000,0.689
1749266560,0.67730000,371.21000000,0.689
1749266560,0.67720000,35.44000000,0.689
1749266560,0.67710000,1108.60000000,0.689
1749266560,0.67670000,232.23000000,0.689
1749266560,0.67650000,2069.47000000,0.689
1749266560,0.67630000,780.01000000,0.689
1749266560,0.67620000,1606.19000000,0.689
1749266560,0.67610000,44.37000000,0.689
1749266560,0.67600000,40.55000000,0.689
1749266560,0.67580000,8.58000000,0.689
1749266861,0.69120000,1469.75000000,0.6912
1749266861,0.69110000,1787.63000000,0.6912
1749266861,0.69100000,1887.78000000,0.6912
1749266861,0.69090000,4871.52000000,0.6912
1749266861,0.69080000,10891.02000000,0.6912
1749266861,0.69070000,953.34000000,0.6912
1749266861,0.69060000,3597.99000000,0.6912
1749266861,0.69050000,5470.87000000,0.6912
1749266861,0.69040000,2138.29000000,0.6912
1749266861,0.69030000,6064.88000000,0.6912
1749266861,0.69020000,14895.96000000,0.6912
1749266861,0.69010000,6003.90000000,0.6912
1749266861,0.69000000,2354.14000000,0.6912
1749266861,0.68990000,4506.72000000,0.6912
1749266861,0.68980000,5182.45000000,0.6912
1749266861,0.68970000,3237.86000000,0.6912
1749266861,0.68960000,1647.42000000,0.6912
1749266861,0.68950000,523.01000000,0.6912
1749266861,0.68940000,2852.88000000,0.6912
1749266861,0.68930000,1621.75000000,0.6912
1749266861,0.68920000,352.01000000,0.6912
1749266861,0.68910000,4449.09000000,0.6912
1749266861,0.68900000,5623.67000000,0.6912
1749266861,0.68890000,4078.35000000,0.6912
1749266861,0.68880000,2862.58000000,0.6912
1749266861,0.68870000,675.34000000,0.6912
1749266861,0.68860000,2615.18000000,0.6912
1749266861,0.68850000,1478.15000000,0.6912
1749266861,0.68840000,813.52000000,0.6912
1749266861,0.68830000,23.11000000,0.6912
1749266861,0.68820000,25.43000000,0.6912
1749266861,0.68810000,2810.87000000,0.6912
1749266861,0.68800000,1777.01000000,0.6912
1749266861,0.68790000,328.82000000,0.6912
1749266861,0.68780000,3336.78000000,0.6912
1749266861,0.68770000,14.54000000,0.6912
1749266861,0.68760000,194.15000000,0.6912
1749266861,0.68750000,740.91000000,0.6912
1749266861,0.68740000,1761.61000000,0.6912
1749266861,0.68730000,25.46000000,0.6912
1749266861,0.68720000,7775.23000000,0.6912
1749266861,0.68710000,1467.14000000,0.6912
1749266861,0.68700000,425.05000000,0.6912
1749266861,0.68690000,14.39000000,0.6912
1749266861,0.68680000,1467.15000000,0.6912
1749266861,0.68670000,6182.81000000,0.6912
1749266861,0.68660000,12355.14000000,0.6912
1749266861,0.68650000,5329.91000000,0.6912
1749266861,0.68640000,25.34000000,0.6912
1749266861,0.68630000,14572.85000000,0.6912
1749266861,0.68620000,14.41000000,0.6912
1749266861,0.68610000,3311.70000000,0.6912
1749266861,0.68600000,1505.62000000,0.6912
1749266861,0.68590000,14.42000000,0.6912
1749266861,0.68580000,33.19000000,0.6912
1749266861,0.68570000,2193.54000000,0.6912
1749266861,0.68560000,14.42000000,0.6912
1749266861,0.68550000,469.47000000,0.6912
1749266861,0.68540000,3886.41000000,0.6912
1749266861,0.68530000,4867.58000000,0.6912
1749266861,0.68520000,3500.07000000,0.6912
1749266861,0.68510000,1467.18000000,0.6912
1749266861,0.68500000,115.23000000,0.6912
1749266861,0.68490000,1155.31000000,0.6912
1749266861,0.68480000,2193.56000000,0.6912
1749266861,0.68470000,523.76000000,0.6912
1749266861,0.68460000,1576.92000000,0.6912
1749266861,0.68450000,4513.83000000,0.6912
1749266861,0.68440000,14.45000000,0.6912
1749266861,0.68430000,25.40000000,0.6912
1749266861,0.68420000,14.45000000,0.6912
1749266861,0.68410000,352.17000000,0.6912
1749266861,0.68400000,92.58000000,0.6912
1749266861,0.68390000,2232.57000000,0.6912
1749266861,0.68380000,14.46000000,0.6912
1749266861,0.68370000,25.43000000,0.6912
1749266861,0.68350000,503.81000000,0.6912
1749266861,0.68340000,10.97000000,0.6912
1749266861,0.68330000,5238.95000000,0.6912
1749266861,0.68310000,10.98000000,0.6912
1749266861,0.68290000,221.89000000,0.6912
1749266861,0.68280000,10.98000000,0.6912
1749266861,0.68240000,146.28000000,0.6912
1749266861,0.68220000,730.49000000,0.6912
1749266861,0.68210000,44.26000000,0.6912
1749266861,0.68200000,7.80000000,0.6912
1749266861,0.68100000,7508.71000000,0.6912
1749266861,0.68050000,84.04000000,0.6912
1749266861,0.68030000,2231.52000000,0.6912
1749266861,0.68020000,35.28000000,0.6912
1749266861,0.68010000,12655.73000000,0.6912
1749266861,0.68000000,1601.03000000,0.6912
1749266861,0.67940000,353.22000000,0.6912
1749266861,0.67910000,23.49000000,0.6912
1749266861,0.67890000,8.58000000,0.6912
1749266861,0.67850000,7.83000000,0.6912
1749266861,0.67800000,34.42000000,0.6912
1749266861,0.67760000,59.33000000,0.6912
1749266861,0.67750000,74.10000000,0.6912
1749266861,0.67730000,16.91000000,0.6912
1749267163,0.69200000,881.87000000,0.6921
1749267163,0.69190000,911.43000000,0.6921
1749267163,0.69180000,812.10000000,0.6921
1749267163,0.69170000,1080.52000000,0.6921
1749267163,0.69160000,1951.82000000,0.6921
1749267163,0.69150000,3791.48000000,0.6921
1749267163,0.69140000,4628.87000000,0.6921
1749267163,0.69130000,9788.17000000,0.6921
1749267163,0.69120000,7873.21000000,0.6921
1749267163,0.69110000,9599.27000000,0.6921
1749267163,0.69100000,4756.87000000,0.6921
1749267163,0.69090000,5672.90000000,0.6921
1749267163,0.69080000,7246.89000000,0.6921
1749267163,0.69070000,8503.70000000,0.6921
1749267163,0.69060000,2116.45000000,0.6921
1749267163,0.69050000,513.78000000,0.6921
1749267163,0.69040000,2883.46000000,0.6921
1749267163,0.69030000,7945.63000000,0.6921
1749267163,0.69020000,872.64000000,0.6921
1749267163,0.69010000,512.94000000,0.6921
1749267163,0.69000000,4810.69000000,0.6921
1749267163,0.68990000,1367.70000000,0.6921
1749267163,0.68980000,2615.16000000,0.6921
1749267163,0.68970000,2071.07000000,0.6921
1749267163,0.68960000,523.35000000,0.6921
1749267163,0.68950000,472.39000000,0.6921
1749267163,0.68940000,2542.00000000,0.6921
1749267163,0.68930000,841.51000000,0.6921
1749267163,0.68920000,14.51000000,0.6921
1749267163,0.68910000,6749.38000000,0.6921
1749267163,0.68900000,14.51000000,0.6921
1749267163,0.68890000,740.88000000,0.6921
1749267163,0.68880000,2572.87000000,0.6921
1749267163,0.68870000,337.84000000,0.6921
1749267163,0.68860000,14.52000000,0.6921
1749267163,0.68850000,9529.78000000,0.6921
1749267163,0.68840000,740.89000000,0.6921
1749267163,0.68830000,731.93000000,0.6921
1749267163,0.68820000,7764.64000000,0.6921
1749267163,0.68810000,14.53000000,0.6921
1749267163,0.68800000,1777.01000000,0.6921
1749267163,0.68790000,61.41000000,0.6921
1749267163,0.68780000,414.03000000,0.6921
1749267163,0.68770000,14.54000000,0.6921
1749267163,0.68760000,25.45000000,0.6921
1749267163,0.68750000,7604.15000000,0.6921
1749267163,0.68740000,1467.29000000,0.6921
1749267163,0.68730000,3311.82000000,0.6921
1749267163,0.68720000,6130.08000000,0.6921
1749267163,0.68710000,1467.14000000,0.6921
1749267163,0.68700000,25.31000000,0.6921
1749267163,0.68690000,14.39000000,0.6921
1749267163,0.68680000,1467.15000000,0.6921
1749267163,0.68670000,25.32000000,0.6921
1749267163,0.68660000,740.77000000,0.6921
1749267163,0.68650000,5329.91000000,0.6921
1749267163,0.68640000,25.34000000,0.6921
1749267163,0.68630000,14572.85000000,0.6921
1749267163,0.68620000,351.10000000,0.6921
1749267163,0.68610000,25.34000000,0.6921
1749267163,0.68600000,1945.12000000,0.6921
1749267163,0.68590000,14.42000000,0.6921
1749267163,0.68580000,549.60000000,0.6921
1749267163,0.68570000,2193.54000000,0.6921
1749267163,0.68560000,14.42000000,0.6921
1749267163,0.68550000,469.47000000,0.6921
1749267163,0.68540000,3886.41000000,0.6921
1749267163,0.68530000,4867.58000000,0.6921
1749267163,0.68520000,3500.07000000,0.6921
1749267163,0.68510000,14.43000000,0.6921
1749267163,0.68500000,115.23000000,0.6921
1749267163,0.68490000,1155.31000000,0.6921
1749267163,0.68480000,14.44000000,0.6921
1749267163,0.68470000,14.44000000,0.6921
1749267163,0.68460000,1576.92000000,0.6921
1749267163,0.68450000,4513.84000000,0.6921
1749267163,0.68430000,10.95000000,0.6921
1749267163,0.68410000,145.92000000,0.6921
1749267163,0.68400000,78.12000000,0.6921
1749267163,0.68390000,2218.11000000,0.6921
1749267163,0.68380000,719.28000000,0.6921
1749267163,0.68370000,10.97000000,0.6921
1749267163,0.68350000,503.81000000,0.6921
1749267163,0.68340000,10.97000000,0.6921
1749267163,0.68330000,5238.95000000,0.6921
1749267163,0.68310000,10.98000000,0.6921
1749267163,0.68290000,221.89000000,0.6921
1749267163,0.68280000,10.98000000,0.6921
1749267163,0.68210000,44.26000000,0.6921
1749267163,0.68200000,7498.57000000,0.6921
1749267163,0.68100000,11.22000000,0.6921
1749267163,0.68050000,84.04000000,0.6921
1749267163,0.68030000,2231.52000000,0.6921
1749267163,0.68020000,13707.69000000,0.6921
1749267163,0.68010000,12655.73000000,0.6921
1749267163,0.68000000,1601.03000000,0.6921
1749267163,0.67910000,23.49000000,0.6921
1749267163,0.67890000,8.58000000,0.6921
1749267163,0.67850000,7.83000000,0.6921
1749267163,0.67840000,36.49000000,0.6921
1749267464,0.69360000,83.13000000,0.6936
1749267464,0.69350000,1325.45000000,0.6936
1749267464,0.69340000,1781.51000000,0.6936
1749267464,0.69330000,3078.18000000,0.6936
1749267464,0.69320000,3468.02000000,0.6936
1749267464,0.69310000,3293.04000000,0.6936
1749267464,0.69300000,2284.16000000,0.6936
1749267464,0.69290000,1674.02000000,0.6936
1749267464,0.69280000,6271.76000000,0.6936
1749267464,0.69270000,15450.90000000,0.6936
1749267464,0.69260000,7214.31000000,0.6936
1749267464,0.69250000,7684.39000000,0.6936
1749267464,0.69240000,5868.34000000,0.6936
1749267464,0.69230000,2342.46000000,0.6936
1749267464,0.69220000,1572.48000000,0.6936
1749267464,0.69210000,6473.65000000,0.6936
1749267464,0.69200000,362.79000000,0.6936
1749267464,0.69190000,1376.81000000,0.6936
1749267464,0.69180000,2216.38000000,0.6936
1749267464,0.69170000,362.80000000,0.6936
1749267464,0.69160000,472.37000000,0.6936
1749267464,0.69150000,2728.06000000,0.6936
1749267464,0.69140000,1078.33000000,0.6936
1749267464,0.69130000,14.46000000,0.6936
1749267464,0.69120000,1636.44000000,0.6936
1749267464,0.69110000,132.84000000,0.6936
1749267464,0.69100000,5267.62000000,0.6936
1749267464,0.69090000,2204.44000000,0.6936
1749267464,0.69080000,1003.42000000,0.6936
1749267464,0.69070000,14.47000000,0.6936
1749267464,0.69060000,4274.43000000,0.6936
1749267464,0.69050000,125.66000000,0.6936
1749267464,0.69040000,740.86000000,0.6936
1749267464,0.69030000,6735.82000000,0.6936
1749267464,0.69020000,14.49000000,0.6936
1749267464,0.69010000,14.49000000,0.6936
1749267464,0.69000000,1478.11000000,0.6936
1749267464,0.68990000,4520.00000000,0.6936
1749267464,0.68980000,14.50000000,0.6936
1749267464,0.68970000,1478.12000000,0.6936
1749267464,0.68960000,14.50000000,0.6936
1749267464,0.68950000,415.14000000,0.6936
1749267464,0.68940000,2204.50000000,0.6936
1749267464,0.68930000,14.51000000,0.6936
1749267464,0.68920000,7733.01000000,0.6936
1749267464,0.68910000,1478.14000000,0.6936
1749267464,0.68900000,6114.22000000,0.6936
1749267464,0.68890000,11442.98000000,0.6936
1749267464,0.68880000,1478.16000000,0.6936
1749267464,0.68870000,14.52000000,0.6936
1749267464,0.68860000,14.52000000,0.6936
1749267464,0.68850000,9493.90000000,0.6936
1749267464,0.68840000,740.89000000,0.6936
1749267464,0.68830000,731.93000000,0.6936
1749267464,0.68820000,25.43000000,0.6936
1749267464,0.68810000,14533.81000000,0.6936
1749267464,0.68800000,1467.28000000,0.6936
1749267464,0.68790000,25.43000000,0.6936
1749267464,0.68780000,14.54000000,0.6936
1749267464,0.68770000,14.54000000,0.6936
1749267464,0.68760000,25.45000000,0.6936
1749267464,0.68750000,14.54000000,0.6936
1749267464,0.68740000,1467.29000000,0.6936
1749267464,0.68730000,810.60000000,0.6936
1749267464,0.68720000,14.39000000,0.6936
1749267464,0.68710000,1467.14000000,0.6936
1749267464,0.68700000,25.31000000,0.6936
1749267464,0.68690000,14.39000000,0.6936
1749267464,0.68680000,14.40000000,0.6936
1749267464,0.68670000,25.32000000,0.6936
1749267464,0.68660000,14.40000000,0.6936
1749267464,0.68650000,4513.79000000,0.6936
1749267464,0.68640000,25.34000000,0.6936
1749267464,0.68630000,14.41000000,0.6936
1749267464,0.68620000,1868.67000000,0.6936
1749267464,0.68610000,25.34000000,0.6936
1749267464,0.68600000,477.96000000,0.6936
1749267464,0.68580000,18.77000000,0.6936
1749267464,0.68550000,1176.53000000,0.6936
1749267464,0.68540000,2158.10000000,0.6936
1749267464,0.68530000,3415.01000000,0.6936
1749267464,0.68520000,3485.64000000,0.6936
1749267464,0.68500000,100.79000000,0.6936
1749267464,0.68490000,1140.87000000,0.6936
1749267464,0.68480000,428.23000000,0.6936
1749267464,0.68460000,41.36000000,0.6936
1749267464,0.68430000,10.95000000,0.6936
1749267464,0.68420000,188.09000000,0.6936
1749267464,0.68400000,78.12000000,0.6936
1749267464,0.68390000,2218.11000000,0.6936
1749267464,0.68370000,10.97000000,0.6936
1749267464,0.68360000,7472.42000000,0.6936
1749267464,0.68350000,503.81000000,0.6936
1749267464,0.68340000,10.97000000,0.6936
1749267464,0.68330000,7.74000000,0.6936
1749267464,0.68310000,10.98000000,0.6936
1749267464,0.68290000,461.08000000,0.6936
1749267464,0.68280000,10.98000000,0.6936
1749267464,0.68210000,44.26000000,0.6936
1749267464,0.68200000,7.80000000,0.6936
1749267766,0.69280000,819.79000000,0.6928
1749267766,0.69270000,1819.20000000,0.6928
1749267766,0.69260000,1200.06000000,0.6928
1749267766,0.69250000,1851.31000000,0.6928
1749267766,0.69240000,7011.91000000,0.6928
1749267766,0.69230000,2463.92000000,0.6928
1749267766,0.69220000,8338.53000000,0.6928
1749267766,0.69210000,7630.36000000,0.6928
1749267766,0.69200000,5670.98000000,0.6928
1749267766,0.69190000,4525.89000000,0.6928
1749267766,0.69180000,10310.26000000,0.6928
1749267766,0.69170000,5881.14000000,0.6928
1749267766,0.69160000,13374.00000000,0.6928
1749267766,0.69150000,10275.27000000,0.6928
1749267766,0.69140000,2670.94000000,0.6928
1749267766,0.69130000,679.01000000,0.6928
1749267766,0.69120000,2103.21000000,0.6928
1749267766,0.69110000,3266.68000000,0.6928
1749267766,0.69100000,351.97000000,0.6928
1749267766,0.69090000,6409.49000000,0.6928
1749267766,0.69080000,1340.92000000,0.6928
1749267766,0.69070000,86.45000000,0.6928
1749267766,0.69060000,8288.06000000,0.6928
