timestamp,price,volume,current_price
1749254609,0.68410000,823.52000000,0.6841
1749254609,0.68400000,478.48000000,0.6841
1749254609,0.68390000,2353.49000000,0.6841
1749254609,0.68380000,5801.27000000,0.6841
1749254609,0.68370000,4106.93000000,0.6841
1749254609,0.68360000,7835.49000000,0.6841
1749254609,0.68350000,5433.11000000,0.6841
1749254609,0.68340000,4825.31000000,0.6841
1749254609,0.68330000,6169.10000000,0.6841
1749254609,0.68320000,14578.01000000,0.6841
1749254609,0.68310000,10191.06000000,0.6841
1749254609,0.68300000,7758.12000000,0.6841
1749254609,0.68290000,7653.27000000,0.6841
1749254609,0.68280000,1314.34000000,0.6841
1749254609,0.68270000,2792.03000000,0.6841
1749254609,0.68260000,1804.89000000,0.6841
1749254609,0.68250000,715.29000000,0.6841
1749254609,0.68240000,523.78000000,0.6841
1749254609,0.68230000,4948.39000000,0.6841
1749254609,0.68220000,14.66000000,0.6841
1749254609,0.68210000,1098.08000000,0.6841
1749254609,0.68200000,1841.51000000,0.6841
1749254609,0.68190000,140.56000000,0.6841
1749254609,0.68180000,363.17000000,0.6841
1749254609,0.68170000,1804.92000000,0.6841
1749254609,0.68160000,1972.47000000,0.6841
1749254609,0.68150000,62.32000000,0.6841
1749254609,0.68140000,4377.15000000,0.6841
1749254609,0.68130000,14.68000000,0.6841
1749254609,0.68120000,1089.56000000,0.6841
1749254609,0.68110000,1804.93000000,0.6841
1749254609,0.68100000,51.35000000,0.6841
1749254609,0.68090000,65.23000000,0.6841
1749254609,0.68080000,4296.09000000,0.6841
1749254609,0.68070000,4636.00000000,0.6841
1749254609,0.68060000,7906.23000000,0.6841
1749254609,0.68050000,1504.04000000,0.6841
1749254609,0.68040000,6191.51000000,0.6841
1749254609,0.68030000,14713.73000000,0.6841
1749254609,0.68020000,12441.32000000,0.6841
1749254609,0.68010000,14.70000000,0.6841
1749254609,0.68000000,489.79000000,0.6841
1749254609,0.67990000,1467.45000000,0.6841
1749254609,0.67980000,14.71000000,0.6841
1749254609,0.67970000,1456.58000000,0.6841
1749254609,0.67960000,1467.46000000,0.6841
1749254609,0.67950000,51.04000000,0.6841
1749254609,0.67940000,365.79000000,0.6841
1749254609,0.67930000,1467.30000000,0.6841
1749254609,0.67920000,14.55000000,0.6841
1749254609,0.67910000,49.08000000,0.6841
1749254609,0.67900000,51.07000000,0.6841
1749254609,0.67890000,23.15000000,0.6841
1749254609,0.67880000,3438.98000000,0.6841
1749254609,0.67870000,14.57000000,0.6841
1749254609,0.67860000,363.05000000,0.6841
1749254609,0.67850000,33.45000000,0.6841
1749254609,0.67840000,14.57000000,0.6841
1749254609,0.67830000,14.57000000,0.6841
1749254609,0.67820000,25.64000000,0.6841
1749254609,0.67810000,14.58000000,0.6841
1749254609,0.67800000,768.08000000,0.6841
1749254609,0.67790000,25.56000000,0.6841
1749254609,0.67780000,852.04000000,0.6841
1749254609,0.67770000,605.99000000,0.6841
1749254609,0.67760000,84.89000000,0.6841
1749254609,0.67750000,88.69000000,0.6841
1749254609,0.67740000,4360.60000000,0.6841
1749254609,0.67730000,3970.70000000,0.6841
1749254609,0.67720000,14.60000000,0.6841
1749254609,0.67710000,5664.69000000,0.6841
1749254609,0.67700000,25.58000000,0.6841
1749254609,0.67690000,14.60000000,0.6841
1749254609,0.67680000,14.61000000,0.6841
1749254609,0.67670000,257.83000000,0.6841
1749254609,0.67640000,10.99000000,0.6841
1749254609,0.67620000,29.57000000,0.6841
1749254609,0.67610000,49.41000000,0.6841
1749254609,0.67600000,40.55000000,0.6841
1749254609,0.67580000,19.57000000,0.6841
1749254609,0.67570000,2939.00000000,0.6841
1749254609,0.67550000,10.99000000,0.6841
1749254609,0.67530000,265.04000000,0.6841
1749254609,0.67520000,10.99000000,0.6841
1749254609,0.67500000,560.90000000,0.6841
1749254609,0.67490000,7799.49000000,0.6841
1749254609,0.67480000,7.83000000,0.6841
1749254609,0.67470000,2348.89000000,0.6841
1749254609,0.67460000,11.02000000,0.6841
1749254609,0.67450000,62.09000000,0.6841
1749254609,0.67440000,22.01000000,0.6841
1749254609,0.67430000,10371.03000000,0.6841
1749254609,0.67400000,5983.56000000,0.6841
1749254609,0.67380000,190.98000000,0.6841
1749254609,0.67370000,43.81000000,0.6841
1749254609,0.67320000,9.34000000,0.6841
1749254609,0.67300000,36.79000000,0.6841
1749254609,0.67280000,29.61000000,0.6841
1749254609,0.67270000,365.31000000,0.6841
1749254609,0.67260000,12.78000000,0.6841
1749254915,0.68490000,14.60000000,0.685
1749254915,0.68480000,740.97000000,0.685
1749254915,0.68470000,2473.62000000,0.685
1749254915,0.68460000,3281.16000000,0.685
1749254915,0.68450000,1828.19000000,0.685
1749254915,0.68440000,3635.74000000,0.685
1749254915,0.68430000,7104.14000000,0.685
1749254915,0.68420000,2729.96000000,0.685
1749254915,0.68410000,6218.08000000,0.685
1749254915,0.68400000,4656.89000000,0.685
1749254915,0.68390000,8152.31000000,0.685
1749254915,0.68380000,13362.25000000,0.685
1749254915,0.68370000,5027.28000000,0.685
1749254915,0.68360000,1939.77000000,0.685
1749254915,0.68350000,4166.34000000,0.685
1749254915,0.68340000,778.11000000,0.685
1749254915,0.68330000,2045.00000000,0.685
1749254915,0.68320000,2009.06000000,0.685
1749254915,0.68310000,3435.42000000,0.685
1749254915,0.68300000,3727.49000000,0.685
1749254915,0.68290000,6821.88000000,0.685
1749254915,0.68280000,14.64000000,0.685
1749254915,0.68270000,1963.53000000,0.685
1749254915,0.68260000,1878.79000000,0.685
1749254915,0.68250000,1162.52000000,0.685
1749254915,0.68240000,363.13000000,0.685
1749254915,0.68230000,1804.91000000,0.685
1749254915,0.68220000,14.66000000,0.685
1749254915,0.68210000,3696.53000000,0.685
1749254915,0.68200000,2246.06000000,0.685
1749254915,0.68190000,478.06000000,0.685
1749254915,0.68180000,3502.07000000,0.685
1749254915,0.68170000,1467.42000000,0.685
1749254915,0.68160000,1634.97000000,0.685
1749254915,0.68150000,62.15000000,0.685
1749254915,0.68140000,1593.28000000,0.685
1749254915,0.68130000,7880.74000000,0.685
1749254915,0.68120000,4165.42000000,0.685
1749254915,0.68110000,1467.43000000,0.685
1749254915,0.68100000,51.16000000,0.685
1749254915,0.68090000,6957.33000000,0.685
1749254915,0.68080000,1864.12000000,0.685
1749254915,0.68070000,4636.00000000,0.685
1749254915,0.68060000,6200.70000000,0.685
1749254915,0.68050000,1503.92000000,0.685
1749254915,0.68040000,14.70000000,0.685
1749254915,0.68030000,14713.73000000,0.685
1749254915,0.68020000,2193.82000000,0.685
1749254915,0.68010000,14.70000000,0.685
1749254915,0.68000000,88.90000000,0.685
1749254915,0.67990000,1467.45000000,0.685
1749254915,0.67980000,14.71000000,0.685
1749254915,0.67970000,25.26000000,0.685
1749254915,0.67960000,1467.46000000,0.685
1749254915,0.67950000,14.55000000,0.685
1749254915,0.67940000,25.59000000,0.685
1749254915,0.67930000,4700.94000000,0.685
1749254915,0.67920000,14.55000000,0.685
1749254915,0.67910000,49.08000000,0.685
1749254915,0.67900000,14.55000000,0.685
1749254915,0.67890000,23.15000000,0.685
1749254915,0.67880000,25.62000000,0.685
1749254915,0.67870000,14.57000000,0.685
1749254915,0.67860000,14.57000000,0.685
1749254915,0.67850000,655.68000000,0.685
1749254915,0.67840000,14.57000000,0.685
1749254915,0.67830000,14.57000000,0.685
1749254915,0.67820000,25.64000000,0.685
1749254915,0.67810000,14.58000000,0.685
1749254915,0.67800000,49.00000000,0.685
1749254915,0.67790000,25.55000000,0.685
1749254915,0.67780000,377.61000000,0.685
1749254915,0.67770000,458.70000000,0.685
1749254915,0.67760000,2385.66000000,0.685
1749254915,0.67750000,88.69000000,0.685
1749254915,0.67740000,14.59000000,0.685
1749254915,0.67730000,3956.10000000,0.685
1749254915,0.67710000,5650.09000000,0.685
1749254915,0.67700000,10.98000000,0.685
1749254915,0.67670000,243.22000000,0.685
1749254915,0.67640000,10.99000000,0.685
1749254915,0.67620000,29.57000000,0.685
1749254915,0.67610000,11.00000000,0.685
1749254915,0.67600000,40.55000000,0.685
1749254915,0.67580000,19.57000000,0.685
1749254915,0.67570000,2939.00000000,0.685
1749254915,0.67550000,10.99000000,0.685
1749254915,0.67530000,7888.13000000,0.685
1749254915,0.67520000,6113.92000000,0.685
1749254915,0.67500000,560.90000000,0.685
1749254915,0.67490000,231.05000000,0.685
1749254915,0.67480000,7.83000000,0.685
1749254915,0.67460000,82.50000000,0.685
1749254915,0.67440000,22.01000000,0.685
1749254915,0.67430000,11.02000000,0.685
1749254915,0.67400000,60.71000000,0.685
1749254915,0.67370000,43.81000000,0.685
1749254915,0.67330000,36.77000000,0.685
1749254915,0.67320000,9.34000000,0.685
1749254915,0.67280000,29.61000000,0.685
