timestamp,price,volume,current_price
1749258382,0.69190000,129.84000000,0.692
1749258382,0.69180000,479.25000000,0.692
1749258382,0.69170000,1034.62000000,0.692
1749258382,0.69160000,4402.99000000,0.692
1749258382,0.69150000,7949.55000000,0.692
1749258382,0.69140000,4924.33000000,0.692
1749258382,0.69130000,8020.89000000,0.692
1749258382,0.69120000,5809.11000000,0.692
1749258382,0.69110000,16095.63000000,0.692
1749258382,0.69100000,5796.18000000,0.692
1749258382,0.69090000,5965.04000000,0.692
1749258382,0.69080000,4994.89000000,0.692
1749258382,0.69070000,3897.37000000,0.692
1749258382,0.69060000,6345.42000000,0.692
1749258382,0.69050000,2399.16000000,0.692
1749258382,0.69040000,1454.41000000,0.692
1749258382,0.69030000,3344.52000000,0.692
1749258382,0.69020000,5398.57000000,0.692
1749258382,0.69010000,477.50000000,0.692
1749258382,0.69000000,386.36000000,0.692
1749258382,0.68990000,2541.99000000,0.692
1749258382,0.68980000,352.00000000,0.692
1749258382,0.68970000,352.00000000,0.692
1749258382,0.68960000,685.49000000,0.692
1749258382,0.68950000,2423.40000000,0.692
1749258382,0.68940000,1078.37000000,0.692
1749258382,0.68930000,1171.87000000,0.692
1749258382,0.68920000,1819.26000000,0.692
1749258382,0.68910000,3591.84000000,0.692
1749258382,0.68900000,61.66000000,0.692
1749258382,0.68890000,9910.43000000,0.692
1749258382,0.68880000,14.52000000,0.692
1749258382,0.68870000,25.41000000,0.692
1749258382,0.68860000,1467.27000000,0.692
1749258382,0.68850000,2559.87000000,0.692
1749258382,0.68840000,1061.12000000,0.692
1749258382,0.68830000,2184.17000000,0.692
1749258382,0.68820000,14.53000000,0.692
1749258382,0.68810000,25.43000000,0.692
1749258382,0.68800000,1502.89000000,0.692
1749258382,0.68790000,3459.53000000,0.692
1749258382,0.68780000,25.44000000,0.692
1749258382,0.68770000,6201.82000000,0.692
1749258382,0.68760000,1237.62000000,0.692
1749258382,0.68750000,8781.76000000,0.692
1749258382,0.68740000,1467.29000000,0.692
1749258382,0.68730000,14552.63000000,0.692
1749258382,0.68720000,25.46000000,0.692
1749258382,0.68710000,14.55000000,0.692
1749258382,0.68700000,6167.59000000,0.692
1749258382,0.68690000,6758.18000000,0.692
1749258382,0.68680000,14.56000000,0.692
1749258382,0.68670000,3875.56000000,0.692
1749258382,0.68660000,25.48000000,0.692
1749258382,0.68650000,14.56000000,0.692
1749258382,0.68640000,14.57000000,0.692
1749258382,0.68630000,25.50000000,0.692
1749258382,0.68620000,14.57000000,0.692
1749258382,0.68610000,14.57000000,0.692
1749258382,0.68600000,1191.65000000,0.692
1749258382,0.68590000,14.42000000,0.692
1749258382,0.68580000,1793.29000000,0.692
1749258382,0.68570000,539.23000000,0.692
1749258382,0.68560000,14.42000000,0.692
1749258382,0.68550000,14.43000000,0.692
1749258382,0.68540000,25.37000000,0.692
1749258382,0.68530000,919.87000000,0.692
1749258382,0.68520000,23.01000000,0.692
1749258382,0.68510000,362.61000000,0.692
1749258382,0.68500000,115.23000000,0.692
1749258382,0.68490000,373.70000000,0.692
1749258382,0.68480000,25.39000000,0.692
1749258382,0.68470000,14.44000000,0.692
1749258382,0.68460000,14.44000000,0.692
1749258382,0.68450000,469.50000000,0.692
1749258382,0.68440000,14.44000000,0.692
1749258382,0.68420000,10.96000000,0.692
1749258382,0.68410000,3682.63000000,0.692
1749258382,0.68400000,67.17000000,0.692
1749258382,0.68390000,5004.77000000,0.692
1749258382,0.68370000,1441.50000000,0.692
1749258382,0.68360000,199.22000000,0.692
1749258382,0.68350000,217.26000000,0.692
1749258382,0.68330000,18.71000000,0.692
1749258382,0.68300000,1557.40000000,0.692
1749258382,0.68290000,2470.52000000,0.692
1749258382,0.68270000,10.99000000,0.692
1749258382,0.68240000,10.99000000,0.692
1749258382,0.68230000,2198.44000000,0.692
1749258382,0.68210000,27.40000000,0.692
1749258382,0.68200000,7787.30000000,0.692
1749258382,0.68180000,11.00000000,0.692
1749258382,0.68150000,11.00000000,0.692
1749258382,0.68100000,11.22000000,0.692
1749258382,0.68080000,2227.83000000,0.692
1749258382,0.68050000,734.75000000,0.692
1749258382,0.68000000,69.62000000,0.692
1749258382,0.67910000,23.49000000,0.692
1749258382,0.67890000,8.58000000,0.692
1749258382,0.67860000,36.48000000,0.692
1749258698,0.68740000,689.54000000,0.6875
1749258698,0.68730000,9830.85000000,0.6875
1749258698,0.68720000,6481.92000000,0.6875
1749258698,0.68710000,5966.33000000,0.6875
1749258698,0.68700000,8413.43000000,0.6875
1749258698,0.68690000,5129.98000000,0.6875
1749258698,0.68680000,7276.03000000,0.6875
1749258698,0.68670000,12938.58000000,0.6875
1749258698,0.68660000,5375.28000000,0.6875
1749258698,0.68650000,4100.89000000,0.6875
1749258698,0.68640000,4893.28000000,0.6875
1749258698,0.68630000,868.90000000,0.6875
1749258698,0.68620000,2305.45000000,0.6875
1749258698,0.68610000,2063.65000000,0.6875
1749258698,0.68600000,401.45000000,0.6875
1749258698,0.68590000,2020.90000000,0.6875
1749258698,0.68580000,6908.61000000,0.6875
1749258698,0.68570000,1078.29000000,0.6875
1749258698,0.68560000,351.92000000,0.6875
1749258698,0.68550000,5468.41000000,0.6875
1749258698,0.68540000,394.44000000,0.6875
1749258698,0.68530000,2215.42000000,0.6875
1749258698,0.68520000,666.76000000,0.6875
1749258698,0.68510000,3792.09000000,0.6875
1749258698,0.68500000,763.61000000,0.6875
1749258698,0.68490000,1815.61000000,0.6875
1749258698,0.68480000,1078.31000000,0.6875
1749258698,0.68470000,1243.11000000,0.6875
1749258698,0.68460000,877.00000000,0.6875
1749258698,0.68450000,14.44000000,0.6875
1749258698,0.68440000,14.45000000,0.6875
1749258698,0.68430000,1478.12000000,0.6875
1749258698,0.68420000,8592.78000000,0.6875
1749258698,0.68410000,14.45000000,0.6875
1749258698,0.68400000,1715.34000000,0.6875
1749258698,0.68390000,727.40000000,0.6875
1749258698,0.68380000,14.46000000,0.6875
1749258698,0.68370000,1478.13000000,0.6875
1749258698,0.68360000,53.57000000,0.6875
1749258698,0.68350000,14.47000000,0.6875
1749258698,0.68340000,8386.21000000,0.6875
1749258698,0.68330000,748.58000000,0.6875
1749258698,0.68320000,6165.96000000,0.6875
1749258698,0.68310000,1514.50000000,0.6875
1749258698,0.68300000,776.19000000,0.6875
1749258698,0.68290000,236.37000000,0.6875
1749258698,0.68280000,25.40000000,0.6875
1749258698,0.68270000,14.48000000,0.6875
1749258698,0.68260000,3898.67000000,0.6875
1749258698,0.68250000,1478.15000000,0.6875
1749258698,0.68240000,740.85000000,0.6875
1749258698,0.68230000,2212.92000000,0.6875
1749258698,0.68220000,287.76000000,0.6875
1749258698,0.68210000,9230.03000000,0.6875
1749258698,0.68200000,1878.82000000,0.6875
1749258698,0.68190000,1478.18000000,0.6875
1749258698,0.68180000,14.51000000,0.6875
1749258698,0.68170000,14.50000000,0.6875
1749258698,0.68160000,25.43000000,0.6875
1749258698,0.68150000,353.52000000,0.6875
1749258698,0.68140000,14.51000000,0.6875
1749258698,0.68130000,16143.41000000,0.6875
1749258698,0.68120000,4115.43000000,0.6875
1749258698,0.68110000,14.51000000,0.6875
1749258698,0.68100000,36.65000000,0.6875
1749258698,0.68090000,50.87000000,0.6875
1749258698,0.68080000,14.51000000,0.6875
1749258698,0.68070000,1478.19000000,0.6875
1749258698,0.68060000,3502.51000000,0.6875
1749258698,0.68050000,749.30000000,0.6875
1749258698,0.68040000,14.55000000,0.6875
1749258698,0.68030000,14.53000000,0.6875
1749258698,0.68020000,14.54000000,0.6875
1749258698,0.68010000,14.54000000,0.6875
1749258698,0.68000000,2328.20000000,0.6875
1749258698,0.67990000,14.54000000,0.6875
1749258698,0.67980000,3479.00000000,0.6875
1749258698,0.67970000,428.13000000,0.6875
1749258698,0.67960000,189.37000000,0.6875
1749258698,0.67920000,2269.20000000,0.6875
1749258698,0.67910000,23.49000000,0.6875
1749258698,0.67890000,8.58000000,0.6875
1749258698,0.67870000,36.36000000,0.6875
1749258698,0.67850000,7.83000000,0.6875
1749258698,0.67800000,2283.72000000,0.6875
1749258698,0.67790000,7536.97000000,0.6875
1749258698,0.67760000,95.69000000,0.6875
1749258698,0.67750000,591.88000000,0.6875
1749258698,0.67730000,236.16000000,0.6875
1749258698,0.67690000,21.93000000,0.6875
1749258698,0.67670000,232.23000000,0.6875
1749258698,0.67650000,2104.01000000,0.6875
1749258698,0.67620000,29.57000000,0.6875
1749258698,0.67600000,40.55000000,0.6875
1749258698,0.67580000,8.58000000,0.6875
1749258698,0.67570000,2939.00000000,0.6875
1749258698,0.67550000,355.28000000,0.6875
1749258698,0.67500000,560.90000000,0.6875
1749258698,0.67480000,451.94000000,0.6875
1749258698,0.67450000,1107.04000000,0.6875
1749259000,0.68730000,215.17000000,0.6874
1749259000,0.68720000,561.49000000,0.6874
1749259000,0.68710000,1122.29000000,0.6874
1749259000,0.68700000,1427.53000000,0.6874
1749259000,0.68690000,3634.95000000,0.6874
1749259000,0.68680000,6568.69000000,0.6874
1749259000,0.68670000,5164.38000000,0.6874
1749259000,0.68660000,11878.07000000,0.6874
1749259000,0.68650000,10357.30000000,0.6874
1749259000,0.68640000,15039.50000000,0.6874
1749259000,0.68630000,5854.84000000,0.6874
1749259000,0.68620000,5778.71000000,0.6874
1749259000,0.68610000,6825.11000000,0.6874
1749259000,0.68600000,2169.10000000,0.6874
1749259000,0.68590000,3231.15000000,0.6874
1749259000,0.68580000,3985.93000000,0.6874
1749259000,0.68570000,8085.40000000,0.6874
1749259000,0.68560000,14.42000000,0.6874
1749259000,0.68550000,1986.12000000,0.6874
1749259000,0.68540000,8148.06000000,0.6874
1749259000,0.68530000,1263.83000000,0.6874
1749259000,0.68520000,1981.95000000,0.6874
1749259000,0.68510000,853.99000000,0.6874
1749259000,0.68500000,115.23000000,0.6874
1749259000,0.68490000,1815.61000000,0.6874
1749259000,0.68480000,1116.26000000,0.6874
1749259000,0.68470000,14.44000000,0.6874
1749259000,0.68460000,1591.93000000,0.6874
1749259000,0.68450000,522.76000000,0.6874
1749259000,0.68440000,14.45000000,0.6874
1749259000,0.68430000,1478.12000000,0.6874
1749259000,0.68420000,4056.48000000,0.6874
1749259000,0.68410000,14.45000000,0.6874
1749259000,0.68400000,1545.30000000,0.6874
1749259000,0.68390000,5176.85000000,0.6874
1749259000,0.68380000,14.46000000,0.6874
1749259000,0.68370000,1478.13000000,0.6874
1749259000,0.68360000,14.46000000,0.6874
1749259000,0.68350000,14.47000000,0.6874
1749259000,0.68340000,8383.56000000,0.6874
1749259000,0.68330000,748.58000000,0.6874
1749259000,0.68320000,6165.96000000,0.6874
1749259000,0.68310000,16140.51000000,0.6874
1749259000,0.68300000,374.74000000,0.6874
1749259000,0.68290000,236.37000000,0.6874
1749259000,0.68280000,1478.15000000,0.6874
1749259000,0.68270000,14.48000000,0.6874
1749259000,0.68260000,3898.67000000,0.6874
1749259000,0.68250000,1478.15000000,0.6874
1749259000,0.68240000,740.85000000,0.6874
1749259000,0.68230000,2212.92000000,0.6874
1749259000,0.68220000,287.76000000,0.6874
1749259000,0.68210000,4456.26000000,0.6874
1749259000,0.68200000,1878.82000000,0.6874
1749259000,0.68190000,1478.18000000,0.6874
1749259000,0.68180000,14.51000000,0.6874
1749259000,0.68170000,14.50000000,0.6874
1749259000,0.68160000,25.43000000,0.6874
1749259000,0.68150000,353.52000000,0.6874
1749259000,0.68140000,14.51000000,0.6874
1749259000,0.68130000,25.43000000,0.6874
1749259000,0.68120000,3632.70000000,0.6874
1749259000,0.68110000,14.52000000,0.6874
1749259000,0.68100000,36.66000000,0.6874
1749259000,0.68090000,531.48000000,0.6874
1749259000,0.68080000,749.43000000,0.6874
1749259000,0.68070000,25.46000000,0.6874
1749259000,0.68060000,3502.49000000,0.6874
1749259000,0.68050000,779.20000000,0.6874
1749259000,0.68040000,25.46000000,0.6874
1749259000,0.68030000,14.53000000,0.6874
1749259000,0.68020000,14.54000000,0.6874
1749259000,0.68010000,14.54000000,0.6874
1749259000,0.68000000,2328.20000000,0.6874
1749259000,0.67990000,14.54000000,0.6874
1749259000,0.67980000,3493.54000000,0.6874
1749259000,0.67970000,425.94000000,0.6874
1749259000,0.67960000,189.37000000,0.6874
1749259000,0.67950000,1454.16000000,0.6874
1749259000,0.67920000,1680.18000000,0.6874
1749259000,0.67910000,23.49000000,0.6874
1749259000,0.67890000,8.58000000,0.6874
1749259000,0.67870000,59.90000000,0.6874
1749259000,0.67860000,32.37000000,0.6874
1749259000,0.67850000,7.83000000,0.6874
1749259000,0.67840000,7527.62000000,0.6874
1749259000,0.67800000,2283.72000000,0.6874
1749259000,0.67760000,13768.10000000,0.6874
1749259000,0.67750000,6361.76000000,0.6874
1749259000,0.67740000,5893.13000000,0.6874
1749259000,0.67730000,236.16000000,0.6874
1749259000,0.67690000,21.93000000,0.6874
1749259000,0.67670000,232.23000000,0.6874
1749259000,0.67650000,2103.16000000,0.6874
1749259000,0.67620000,29.57000000,0.6874
1749259000,0.67600000,40.55000000,0.6874
1749259000,0.67580000,8.58000000,0.6874
1749259000,0.67570000,2939.00000000,0.6874
1749259000,0.67550000,355.28000000,0.6874
1749259000,0.67500000,560.90000000,0.6874
