timestamp,price,volume,current_price
1749260684,4.65000000,720.78000000,4.65
1749260684,4.64900000,1906.72000000,4.65
1749260684,4.64800000,2223.72000000,4.65
1749260684,4.64700000,1910.32000000,4.65
1749260684,4.64600000,3097.88000000,4.65
1749260684,4.64500000,2452.90000000,4.65
1749260684,4.64400000,2465.19000000,4.65
1749260684,4.64300000,3151.60000000,4.65
1749260684,4.64200000,3102.19000000,4.65
1749260684,4.64100000,3956.01000000,4.65
1749260684,4.64000000,1972.60000000,4.65
1749260684,4.63900000,498.17000000,4.65
1749260684,4.63800000,888.74000000,4.65
1749260684,4.63700000,2910.22000000,4.65
1749260684,4.63600000,340.40000000,4.65
1749260684,4.63500000,265.78000000,4.65
1749260684,4.63400000,5712.19000000,4.65
1749260684,4.63300000,402.22000000,4.65
1749260684,4.63200000,207.91000000,4.65
1749260684,4.63100000,360.36000000,4.65
1749260684,4.63000000,3880.80000000,4.65
1749260684,4.62900000,400.91000000,4.65
1749260684,4.62800000,1953.90000000,4.65
1749260684,4.62700000,5.24000000,4.65
1749260684,4.62600000,308.08000000,4.65
1749260684,4.62500000,4737.87000000,4.65
1749260684,4.62400000,7.25000000,4.65
1749260684,4.62300000,45.91000000,4.65
1749260684,4.62200000,3.80000000,4.65
1749260684,4.62100000,245.61000000,4.65
1749260684,4.62000000,69.73000000,4.65
1749260684,4.61900000,270.52000000,4.65
1749260684,4.61800000,114.60000000,4.65
1749260684,4.61700000,372.98000000,4.65
1749260684,4.61600000,6.83000000,4.65
1749260684,4.61500000,2.17000000,4.65
1749260684,4.61400000,72.98000000,4.65
1749260684,4.61300000,245.61000000,4.65
1749260684,4.61200000,58.54000000,4.65
1749260684,4.61100000,3693.05000000,4.65
1749260684,4.61000000,7.80000000,4.65
1749260684,4.60900000,21595.42000000,4.65
1749260684,4.60800000,5.01000000,4.65
1749260684,4.60700000,4.44000000,4.65
1749260684,4.60600000,262.66000000,4.65
1749260684,4.60500000,2.18000000,4.65
1749260684,4.60400000,3.77000000,4.65
1749260684,4.60300000,2.14000000,4.65
1749260684,4.60200000,24.26000000,4.65
1749260684,4.60100000,9.30000000,4.65
1749260684,4.60000000,198.59000000,4.65
1749260684,4.59900000,23.46000000,4.65
1749260684,4.59800000,3.32000000,4.65
1749260684,4.59700000,30.13000000,4.65
1749260684,4.59600000,2.15000000,4.65
1749260684,4.59500000,4.49000000,4.65
1749260684,4.59400000,152.81000000,4.65
1749260684,4.59300000,1302.18000000,4.65
1749260684,4.59200000,5.22000000,4.65
1749260684,4.59100000,2.15000000,4.65
1749260684,4.59000000,136.86000000,4.65
1749260684,4.58900000,10.21000000,4.65
1749260684,4.58800000,5.81000000,4.65
1749260684,4.58700000,2375.31000000,4.65
1749260684,4.58600000,2.15000000,4.65
1749260684,4.58500000,4.33000000,4.65
1749260684,4.58400000,2.15000000,4.65
1749260684,4.58300000,30.51000000,4.65
1749260684,4.58200000,3.61000000,4.65
1749260684,4.58100000,4.00000000,4.65
1749260684,4.58000000,35.68000000,4.65
1749260684,4.57900000,2.15000000,4.65
1749260684,4.57800000,1427.32000000,4.65
1749260684,4.57700000,5.08000000,4.65
1749260684,4.57600000,2.15000000,4.65
1749260684,4.57500000,76.53000000,4.65
1749260684,4.57100000,71.83000000,4.65
1749260684,4.57000000,9.63000000,4.65
1749260684,4.56600000,1.83000000,4.65
1749260684,4.56400000,6.57000000,4.65
1749260684,4.56300000,49048.94000000,4.65
1749260684,4.56200000,1028.45000000,4.65
1749260684,4.56000000,43.10000000,4.65
1749260684,4.55800000,3.07000000,4.65
1749260684,4.55500000,43.39000000,4.65
1749260684,4.55400000,115.88000000,4.65
1749260684,4.55300000,882.97000000,4.65
1749260684,4.55000000,772.28000000,4.65
1749260684,4.54900000,13.34000000,4.65
1749260684,4.54800000,1.75000000,4.65
1749260684,4.54700000,1.86000000,4.65
1749260684,4.54400000,1.18000000,4.65
1749260684,4.54300000,1.94000000,4.65
1749260684,4.54100000,19.89000000,4.65
1749260684,4.53400000,16.85000000,4.65
1749260684,4.53300000,53.15000000,4.65
1749260684,4.53200000,4.00000000,4.65
1749260684,4.53100000,20.49000000,4.65
1749260684,4.53000000,53.65000000,4.65
1749260684,4.52900000,1.98000000,4.65
1749261002,4.65600000,178.34000000,4.656
1749261002,4.65500000,1024.70000000,4.656
1749261002,4.65400000,1397.82000000,4.656
1749261002,4.65300000,2096.13000000,4.656
1749261002,4.65200000,2829.83000000,4.656
1749261002,4.65100000,3998.32000000,4.656
1749261002,4.65000000,1152.82000000,4.656
1749261002,4.64900000,1915.85000000,4.656
1749261002,4.64800000,3608.30000000,4.656
1749261002,4.64700000,3096.44000000,4.656
1749261002,4.64600000,690.17000000,4.656
1749261002,4.64500000,648.17000000,4.656
1749261002,4.64400000,943.51000000,4.656
1749261002,4.64300000,2664.12000000,4.656
1749261002,4.64200000,1677.93000000,4.656
1749261002,4.64100000,411.14000000,4.656
1749261002,4.64000000,5063.20000000,4.656
1749261002,4.63900000,180.98000000,4.656
1749261002,4.63800000,403.02000000,4.656
1749261002,4.63700000,2939.05000000,4.656
1749261002,4.63600000,381.51000000,4.656
1749261002,4.63500000,264.16000000,4.656
1749261002,4.63400000,41.11000000,4.656
1749261002,4.63300000,3944.26000000,4.656
1749261002,4.63200000,6.57000000,4.656
1749261002,4.63100000,569.04000000,4.656
1749261002,4.63000000,138.33000000,4.656
1749261002,4.62900000,245.61000000,4.656
1749261002,4.62800000,4514.37000000,4.656
1749261002,4.62700000,5.24000000,4.656
1749261002,4.62600000,189.47000000,4.656
1749261002,4.62500000,248.91000000,4.656
1749261002,4.62400000,116.67000000,4.656
1749261002,4.62300000,2.17000000,4.656
1749261002,4.62200000,3.80000000,4.656
1749261002,4.62100000,245.61000000,4.656
1749261002,4.62000000,11.35000000,4.656
1749261002,4.61900000,2.17000000,4.656
1749261002,4.61800000,422.86000000,4.656
1749261002,4.61700000,372.98000000,4.656
1749261002,4.61600000,114.41000000,4.656
1749261002,4.61500000,20881.22000000,4.656
1749261002,4.61400000,3518.24000000,4.656
1749261002,4.61300000,245.61000000,4.656
1749261002,4.61200000,57.34000000,4.656
1749261002,4.61100000,5.94000000,4.656
1749261002,4.61000000,7.80000000,4.656
1749261002,4.60900000,5.24000000,4.656
1749261002,4.60800000,3.81000000,4.656
1749261002,4.60700000,1050.78000000,4.656
1749261002,4.60600000,3.81000000,4.656
1749261002,4.60500000,2.18000000,4.656
1749261002,4.60400000,3.77000000,4.656
1749261002,4.60300000,2.14000000,4.656
1749261002,4.60200000,24.26000000,4.656
1749261002,4.60100000,9.30000000,4.656
1749261002,4.60000000,349.14000000,4.656
1749261002,4.59900000,23.46000000,4.656
1749261002,4.59800000,3.32000000,4.656
1749261002,4.59700000,2.14000000,4.656
1749261002,4.59600000,2.15000000,4.656
1749261002,4.59500000,4.49000000,4.656
1749261002,4.59400000,2.15000000,4.656
1749261002,4.59300000,280.67000000,4.656
1749261002,4.59200000,5.22000000,4.656
1749261002,4.59100000,112.60000000,4.656
1749261002,4.59000000,2319.66000000,4.656
1749261002,4.58900000,10.21000000,4.656
1749261002,4.58800000,73.05000000,4.656
1749261002,4.58700000,32.92000000,4.656
1749261002,4.58600000,2.15000000,4.656
1749261002,4.58500000,4.33000000,4.656
1749261002,4.58400000,2.15000000,4.656
1749261002,4.58300000,30.51000000,4.656
1749261002,4.58200000,3.61000000,4.656
1749261002,4.58100000,4.00000000,4.656
1749261002,4.58000000,33.53000000,4.656
1749261002,4.57800000,1316.03000000,4.656
1749261002,4.57700000,1028.01000000,4.656
1749261002,4.57500000,74.37000000,4.656
1749261002,4.57400000,5.42000000,4.656
1749261002,4.57100000,71.83000000,4.656
1749261002,4.57000000,9.63000000,4.656
1749261002,4.56800000,51748.56000000,4.656
1749261002,4.56600000,1.83000000,4.656
1749261002,4.56400000,6.57000000,4.656
1749261002,4.56300000,10.95000000,4.656
1749261002,4.56000000,37.67000000,4.656
1749261002,4.55800000,3.07000000,4.656
1749261002,4.55700000,112.53000000,4.656
1749261002,4.55500000,945.31000000,4.656
1749261002,4.55400000,3.90000000,4.656
1749261002,4.55000000,772.28000000,4.656
1749261002,4.54900000,13.34000000,4.656
1749261002,4.54800000,1.75000000,4.656
1749261002,4.54700000,1.86000000,4.656
1749261002,4.54400000,1.18000000,4.656
1749261002,4.54300000,1.94000000,4.656
1749261002,4.54100000,19.89000000,4.656
1749261002,4.53400000,16.85000000,4.656
1749261304,4.65300000,874.68000000,4.653
1749261304,4.65200000,1596.79000000,4.653
1749261304,4.65100000,1717.42000000,4.653
1749261304,4.65000000,2176.91000000,4.653
1749261304,4.64900000,2712.50000000,4.653
1749261304,4.64800000,3185.02000000,4.653
1749261304,4.64700000,1552.32000000,4.653
1749261304,4.64600000,3331.06000000,4.653
1749261304,4.64500000,5114.06000000,4.653
1749261304,4.64400000,3459.47000000,4.653
1749261304,4.64300000,2374.59000000,4.653
1749261304,4.64200000,1526.44000000,4.653
1749261304,4.64100000,381.55000000,4.653
1749261304,4.64000000,381.74000000,4.653
1749261304,4.63900000,180.41000000,4.653
1749261304,4.63800000,448.02000000,4.653
1749261304,4.63700000,4433.02000000,4.653
1749261304,4.63600000,3278.52000000,4.653
1749261304,4.63500000,264.16000000,4.653
1749261304,4.63400000,6.80000000,4.653
1749261304,4.63300000,3944.26000000,4.653
1749261304,4.63200000,6.57000000,4.653
1749261304,4.63100000,394.64000000,4.653
1749261304,4.63000000,250.83000000,4.653
1749261304,4.62900000,358.11000000,4.653
1749261304,4.62800000,4514.37000000,4.653
1749261304,4.62700000,5.24000000,4.653
1749261304,4.62600000,131.17000000,4.653
1749261304,4.62500000,307.22000000,4.653
1749261304,4.62400000,116.67000000,4.653
1749261304,4.62300000,211.20000000,4.653
1749261304,4.62200000,3.80000000,4.653
1749261304,4.62100000,245.61000000,4.653
1749261304,4.62000000,11.35000000,4.653
1749261304,4.61900000,2.17000000,4.653
1749261304,4.61800000,422.86000000,4.653
1749261304,4.61700000,372.98000000,4.653
1749261304,4.61600000,6.83000000,4.653
1749261304,4.61500000,21391.88000000,4.653
1749261304,4.61400000,3518.24000000,4.653
1749261304,4.61300000,245.61000000,4.653
1749261304,4.61200000,57.34000000,4.653
1749261304,4.61100000,5.94000000,4.653
1749261304,4.61000000,115.56000000,4.653
1749261304,4.60900000,5.24000000,4.653
1749261304,4.60800000,3.81000000,4.653
1749261304,4.60700000,1050.78000000,4.653
1749261304,4.60600000,3.81000000,4.653
1749261304,4.60500000,2.18000000,4.653
1749261304,4.60400000,3.77000000,4.653
1749261304,4.60300000,2.14000000,4.653
1749261304,4.60200000,24.26000000,4.653
1749261304,4.60100000,9.30000000,4.653
1749261304,4.60000000,349.14000000,4.653
1749261304,4.59900000,23.46000000,4.653
1749261304,4.59800000,3.32000000,4.653
1749261304,4.59700000,2.14000000,4.653
1749261304,4.59600000,2.15000000,4.653
1749261304,4.59500000,4.49000000,4.653
1749261304,4.59400000,2.15000000,4.653
1749261304,4.59300000,280.67000000,4.653
1749261304,4.59200000,5.22000000,4.653
1749261304,4.59100000,112.60000000,4.653
1749261304,4.59000000,2319.66000000,4.653
1749261304,4.58900000,10.21000000,4.653
1749261304,4.58800000,5.81000000,4.653
1749261304,4.58700000,32.92000000,4.653
1749261304,4.58600000,2.15000000,4.653
1749261304,4.58500000,4.33000000,4.653
1749261304,4.58400000,2.15000000,4.653
1749261304,4.58300000,30.51000000,4.653
1749261304,4.58200000,3.61000000,4.653
1749261304,4.58100000,4.00000000,4.653
1749261304,4.58000000,35.68000000,4.653
1749261304,4.57900000,2.15000000,4.653
1749261304,4.57800000,1318.18000000,4.653
1749261304,4.57700000,1028.01000000,4.653
1749261304,4.57500000,74.37000000,4.653
1749261304,4.57400000,5.42000000,4.653
1749261304,4.57100000,71.83000000,4.653
1749261304,4.57000000,9.63000000,4.653
1749261304,4.56800000,50893.03000000,4.653
1749261304,4.56600000,1.83000000,4.653
1749261304,4.56400000,6.57000000,4.653
1749261304,4.56300000,10.95000000,4.653
1749261304,4.56000000,92.31000000,4.653
1749261304,4.55800000,3.07000000,4.653
1749261304,4.55700000,112.53000000,4.653
1749261304,4.55500000,945.31000000,4.653
1749261304,4.55400000,3.90000000,4.653
1749261304,4.55000000,772.28000000,4.653
1749261304,4.54900000,13.34000000,4.653
1749261304,4.54800000,1.75000000,4.653
1749261304,4.54700000,1.86000000,4.653
1749261304,4.54400000,1.18000000,4.653
1749261304,4.54300000,1.94000000,4.653
1749261304,4.54100000,19.89000000,4.653
1749261304,4.53400000,16.85000000,4.653
1749261304,4.53300000,53.15000000,4.653
1749261304,4.53200000,4.00000000,4.653
1749261605,4.65500000,1169.79000000,4.656
1749261605,4.65400000,1628.22000000,4.656
1749261605,4.65300000,1906.06000000,4.656
1749261605,4.65200000,2664.59000000,4.656
1749261605,4.65100000,3836.25000000,4.656
1749261605,4.65000000,2016.54000000,4.656
1749261605,4.64900000,2640.95000000,4.656
1749261605,4.64800000,5537.30000000,4.656
1749261605,4.64700000,2111.90000000,4.656
1749261605,4.64600000,2339.98000000,4.656
1749261605,4.64500000,813.62000000,4.656
1749261605,4.64400000,490.80000000,4.656
1749261605,4.64300000,2948.73000000,4.656
1749261605,4.64200000,2984.10000000,4.656
1749261605,4.64100000,247.45000000,4.656
1749261605,4.64000000,3371.59000000,4.656
1749261605,4.63900000,136.79000000,4.656
1749261605,4.63800000,448.02000000,4.656
1749261605,4.63700000,141.21000000,4.656
1749261605,4.63600000,590.39000000,4.656
1749261605,4.63500000,1955.18000000,4.656
1749261605,4.63400000,152.42000000,4.656
1749261605,4.63300000,3944.26000000,4.656
1749261605,4.63200000,6.57000000,4.656
1749261605,4.63100000,360.36000000,4.656
1749261605,4.63000000,518.54000000,4.656
1749261605,4.62900000,256.30000000,4.656
1749261605,4.62800000,4514.37000000,4.656
1749261605,4.62700000,63.44000000,4.656
1749261605,4.62600000,131.17000000,4.656
1749261605,4.62500000,248.91000000,4.656
1749261605,4.62400000,116.67000000,4.656
1749261605,4.62300000,211.20000000,4.656
1749261605,4.62200000,3.80000000,4.656
1749261605,4.62100000,245.61000000,4.656
1749261605,4.62000000,11.35000000,4.656
1749261605,4.61900000,2.17000000,4.656
1749261605,4.61800000,21196.79000000,4.656
1749261605,4.61700000,372.98000000,4.656
1749261605,4.61600000,6.83000000,4.656
1749261605,4.61500000,2.17000000,4.656
1749261605,4.61400000,3669.11000000,4.656
1749261605,4.61300000,245.61000000,4.656
1749261605,4.61200000,57.34000000,4.656
1749261605,4.61100000,5.94000000,4.656
1749261605,4.61000000,127.87000000,4.656
1749261605,4.60900000,5.24000000,4.656
1749261605,4.60800000,3.81000000,4.656
1749261605,4.60700000,1050.78000000,4.656
1749261605,4.60600000,3.81000000,4.656
1749261605,4.60500000,2.18000000,4.656
1749261605,4.60400000,3.77000000,4.656
1749261605,4.60300000,2.14000000,4.656
1749261605,4.60200000,24.26000000,4.656
1749261605,4.60100000,9.30000000,4.656
1749261605,4.60000000,349.14000000,4.656
1749261605,4.59900000,23.46000000,4.656
1749261605,4.59800000,3.32000000,4.656
1749261605,4.59700000,2.14000000,4.656
1749261605,4.59600000,2.15000000,4.656
1749261605,4.59500000,4.49000000,4.656
1749261605,4.59400000,2.15000000,4.656
1749261605,4.59300000,280.67000000,4.656
1749261605,4.59200000,5.22000000,4.656
1749261605,4.59100000,112.60000000,4.656
1749261605,4.59000000,2319.66000000,4.656
1749261605,4.58900000,10.21000000,4.656
1749261605,4.58800000,5.81000000,4.656
1749261605,4.58700000,32.92000000,4.656
1749261605,4.58600000,2.15000000,4.656
1749261605,4.58500000,4.33000000,4.656
1749261605,4.58400000,2.15000000,4.656
1749261605,4.58300000,30.51000000,4.656
1749261605,4.58200000,70.23000000,4.656
1749261605,4.58100000,4.00000000,4.656
1749261605,4.58000000,35.68000000,4.656
1749261605,4.57800000,1316.03000000,4.656
1749261605,4.57700000,1028.01000000,4.656
1749261605,4.57500000,74.37000000,4.656
1749261605,4.57400000,5.42000000,4.656
1749261605,4.57100000,49562.92000000,4.656
1749261605,4.57000000,9.63000000,4.656
1749261605,4.56800000,1027.10000000,4.656
1749261605,4.56600000,1.83000000,4.656
1749261605,4.56400000,6.57000000,4.656
1749261605,4.56300000,10.95000000,4.656
1749261605,4.56000000,37.67000000,4.656
1749261605,4.55800000,3.07000000,4.656
1749261605,4.55700000,110.08000000,4.656
1749261605,4.55500000,945.31000000,4.656
1749261605,4.55400000,3.90000000,4.656
1749261605,4.55000000,772.28000000,4.656
1749261605,4.54900000,13.34000000,4.656
1749261605,4.54800000,1.75000000,4.656
1749261605,4.54700000,1.86000000,4.656
1749261605,4.54400000,1.18000000,4.656
1749261605,4.54300000,1.94000000,4.656
1749261605,4.54100000,19.89000000,4.656
1749261605,4.53400000,16.85000000,4.656
1749261605,4.53300000,53.15000000,4.656
1749261912,4.65400000,472.98000000,4.654
1749261912,4.65300000,1658.20000000,4.654
1749261912,4.65200000,1603.76000000,4.654
1749261912,4.65100000,1494.00000000,4.654
1749261912,4.65000000,2402.87000000,4.654
1749261912,4.64900000,2887.27000000,4.654
1749261912,4.64800000,1470.70000000,4.654
1749261912,4.64700000,2651.06000000,4.654
1749261912,4.64600000,4838.46000000,4.654
1749261912,4.64500000,3114.77000000,4.654
1749261912,4.64400000,2247.05000000,4.654
1749261912,4.64300000,806.02000000,4.654
1749261912,4.64200000,957.84000000,4.654
1749261912,4.64100000,2088.04000000,4.654
1749261912,4.64000000,1458.51000000,4.654
1749261912,4.63900000,291.35000000,4.654
1749261912,4.63800000,3175.22000000,4.654
1749261912,4.63700000,3026.64000000,4.654
1749261912,4.63600000,547.66000000,4.654
1749261912,4.63500000,136.79000000,4.654
1749261912,4.63400000,119.30000000,4.654
1749261912,4.63300000,4021.59000000,4.654
1749261912,4.63200000,161.85000000,4.654
1749261912,4.63100000,360.36000000,4.654
1749261912,4.63000000,1944.69000000,4.654
1749261912,4.62900000,496.17000000,4.654
1749261912,4.62800000,4514.37000000,4.654
1749261912,4.62700000,5.24000000,4.654
1749261912,4.62600000,3.80000000,4.654
1749261912,4.62500000,307.22000000,4.654
1749261912,4.62400000,116.67000000,4.654
1749261912,4.62300000,2.17000000,4.654
1749261912,4.62200000,3.80000000,4.654
1749261912,4.62100000,513.85000000,4.654
1749261912,4.62000000,138.72000000,4.654
1749261912,4.61900000,2.17000000,4.654
1749261912,4.61800000,3.80000000,4.654
1749261912,4.61700000,454.78000000,4.654
1749261912,4.61600000,6.83000000,4.654
1749261912,4.61500000,21439.41000000,4.654
1749261912,4.61400000,3669.11000000,4.654
1749261912,4.61300000,245.61000000,4.654
1749261912,4.61200000,58.54000000,4.654
1749261912,4.61100000,5.94000000,4.654
1749261912,4.61000000,20.11000000,4.654
1749261912,4.60900000,5.24000000,4.654
1749261912,4.60800000,3.81000000,4.654
1749261912,4.60700000,32.37000000,4.654
1749261912,4.60600000,3.81000000,4.654
1749261912,4.60500000,2.18000000,4.654
1749261912,4.60400000,3.77000000,4.654
1749261912,4.60300000,2.14000000,4.654
1749261912,4.60200000,24.26000000,4.654
1749261912,4.60100000,9.30000000,4.654
1749261912,4.60000000,198.59000000,4.654
1749261912,4.59900000,23.46000000,4.654
1749261912,4.59800000,3.32000000,4.654
1749261912,4.59700000,1022.76000000,4.654
1749261912,4.59600000,2.15000000,4.654
1749261912,4.59500000,4.49000000,4.654
1749261912,4.59400000,2.15000000,4.654
1749261912,4.59300000,280.67000000,4.654
1749261912,4.59200000,5.22000000,4.654
1749261912,4.59100000,112.60000000,4.654
1749261912,4.59000000,2319.66000000,4.654
1749261912,4.58900000,10.21000000,4.654
1749261912,4.58800000,5.81000000,4.654
1749261912,4.58700000,32.92000000,4.654
1749261912,4.58600000,2.15000000,4.654
1749261912,4.58500000,4.33000000,4.654
1749261912,4.58400000,2.15000000,4.654
1749261912,4.58300000,30.51000000,4.654
1749261912,4.58200000,70.23000000,4.654
1749261912,4.58100000,4.00000000,4.654
1749261912,4.58000000,35.68000000,4.654
1749261912,4.57900000,2.15000000,4.654
1749261912,4.57800000,1316.03000000,4.654
1749261912,4.57700000,2.93000000,4.654
1749261912,4.57500000,74.37000000,4.654
1749261912,4.57400000,5.42000000,4.654
1749261912,4.57100000,5.21000000,4.654
1749261912,4.57000000,9.63000000,4.654
1749261912,4.56800000,51342.94000000,4.654
1749261912,4.56600000,1.83000000,4.654
1749261912,4.56400000,115.19000000,4.654
1749261912,4.56300000,1039.18000000,4.654
1749261912,4.56000000,37.67000000,4.654
1749261912,4.55800000,3.07000000,4.654
1749261912,4.55500000,945.31000000,4.654
1749261912,4.55400000,3.90000000,4.654
1749261912,4.55000000,772.28000000,4.654
1749261912,4.54900000,13.34000000,4.654
1749261912,4.54800000,1.75000000,4.654
1749261912,4.54700000,1.86000000,4.654
1749261912,4.54400000,1.18000000,4.654
1749261912,4.54300000,1.94000000,4.654
1749261912,4.54100000,19.89000000,4.654
1749261912,4.53400000,16.85000000,4.654
1749261912,4.53300000,53.15000000,4.654
1749261912,4.53200000,4.00000000,4.654
1749262213,4.65500000,487.14000000,4.655
1749262213,4.65400000,1967.31000000,4.655
1749262213,4.65300000,1529.56000000,4.655
1749262213,4.65200000,1603.32000000,4.655
1749262213,4.65100000,2220.61000000,4.655
1749262213,4.65000000,3646.95000000,4.655
1749262213,4.64900000,3359.26000000,4.655
1749262213,4.64800000,2989.15000000,4.655
1749262213,4.64700000,2991.66000000,4.655
1749262213,4.64600000,2247.40000000,4.655
1749262213,4.64500000,803.64000000,4.655
1749262213,4.64400000,1588.18000000,4.655
1749262213,4.64300000,369.37000000,4.655
1749262213,4.64200000,877.84000000,4.655
1749262213,4.64100000,2027.79000000,4.655
1749262213,4.64000000,1361.68000000,4.655
1749262213,4.63900000,3176.22000000,4.655
1749262213,4.63800000,3175.22000000,4.655
1749262213,4.63700000,141.21000000,4.655
1749262213,4.63600000,547.66000000,4.655
1749262213,4.63500000,136.79000000,4.655
1749262213,4.63400000,258.41000000,4.655
1749262213,4.63300000,3987.28000000,4.655
1749262213,4.63200000,161.85000000,4.655
1749262213,4.63100000,2053.50000000,4.655
1749262213,4.63000000,250.83000000,4.655
1749262213,4.62900000,372.98000000,4.655
1749262213,4.62800000,4514.37000000,4.655
1749262213,4.62700000,5.24000000,4.655
1749262213,4.62600000,3.80000000,4.655
1749262213,4.62500000,307.22000000,4.655
1749262213,4.62400000,116.67000000,4.655
1749262213,4.62300000,2.17000000,4.655
1749262213,4.62200000,3.80000000,4.655
1749262213,4.62100000,513.85000000,4.655
1749262213,4.62000000,138.72000000,4.655
1749262213,4.61900000,2.17000000,4.655
1749262213,4.61800000,3.80000000,4.655
1749262213,4.61700000,454.78000000,4.655
1749262213,4.61600000,6.83000000,4.655
1749262213,4.61500000,21059.16000000,4.655
1749262213,4.61400000,3518.24000000,4.655
1749262213,4.61300000,245.61000000,4.655
1749262213,4.61200000,58.54000000,4.655
1749262213,4.61100000,5.94000000,4.655
1749262213,4.61000000,20.11000000,4.655
1749262213,4.60900000,5.24000000,4.655
1749262213,4.60800000,3.81000000,4.655
1749262213,4.60700000,4.44000000,4.655
1749262213,4.60600000,3.81000000,4.655
1749262213,4.60500000,30.12000000,4.655
1749262213,4.60400000,3.77000000,4.655
1749262213,4.60300000,2.14000000,4.655
1749262213,4.60200000,24.26000000,4.655
1749262213,4.60100000,9.30000000,4.655
1749262213,4.60000000,198.59000000,4.655
1749262213,4.59900000,23.46000000,4.655
1749262213,4.59800000,3.32000000,4.655
1749262213,4.59700000,1022.76000000,4.655
1749262213,4.59600000,2.15000000,4.655
1749262213,4.59500000,4.49000000,4.655
1749262213,4.59400000,2.15000000,4.655
1749262213,4.59300000,280.67000000,4.655
1749262213,4.59200000,5.22000000,4.655
1749262213,4.59100000,112.60000000,4.655
1749262213,4.59000000,2209.83000000,4.655
1749262213,4.58900000,10.21000000,4.655
1749262213,4.58800000,5.81000000,4.655
1749262213,4.58700000,2.15000000,4.655
1749262213,4.58600000,2.15000000,4.655
1749262213,4.58500000,4.33000000,4.655
1749262213,4.58400000,2.15000000,4.655
1749262213,4.58300000,30.51000000,4.655
1749262213,4.58200000,3.61000000,4.655
1749262213,4.58100000,4.00000000,4.655
1749262213,4.58000000,35.68000000,4.655
1749262213,4.57800000,1316.03000000,4.655
1749262213,4.57700000,2.93000000,4.655
1749262213,4.57500000,74.37000000,4.655
1749262213,4.57400000,5.42000000,4.655
1749262213,4.57100000,5.21000000,4.655
1749262213,4.57000000,9.63000000,4.655
1749262213,4.56800000,50804.82000000,4.655
1749262213,4.56600000,1.83000000,4.655
1749262213,4.56400000,6.57000000,4.655
1749262213,4.56300000,1039.18000000,4.655
1749262213,4.56000000,37.67000000,4.655
1749262213,4.55900000,110.21000000,4.655
1749262213,4.55800000,3.07000000,4.655
1749262213,4.55500000,945.31000000,4.655
1749262213,4.55400000,3.90000000,4.655
1749262213,4.55000000,772.28000000,4.655
1749262213,4.54900000,13.34000000,4.655
1749262213,4.54800000,1.75000000,4.655
1749262213,4.54700000,1.86000000,4.655
1749262213,4.54400000,1.18000000,4.655
1749262213,4.54300000,1.94000000,4.655
1749262213,4.54100000,19.89000000,4.655
1749262213,4.53800000,66.62000000,4.655
1749262213,4.53400000,16.85000000,4.655
1749262515,4.66800000,327.84000000,4.668
1749262515,4.66700000,778.14000000,4.668
1749262515,4.66600000,1743.48000000,4.668
1749262515,4.66500000,2093.62000000,4.668
1749262515,4.66400000,1372.03000000,4.668
1749262515,4.66300000,3822.27000000,4.668
1749262515,4.66200000,2895.31000000,4.668
1749262515,4.66100000,2087.31000000,4.668
1749262515,4.66000000,2761.81000000,4.668
1749262515,4.65900000,3909.49000000,4.668
1749262515,4.65800000,2383.34000000,4.668
1749262515,4.65700000,1175.20000000,4.668
1749262515,4.65600000,1098.47000000,4.668
1749262515,4.65500000,2151.25000000,4.668
1749262515,4.65400000,914.31000000,4.668
1749262515,4.65300000,249.06000000,4.668
1749262515,4.65200000,340.39000000,4.668
1749262515,4.65100000,3127.27000000,4.668
1749262515,4.65000000,348.91000000,4.668
1749262515,4.64900000,2027.83000000,4.668
1749262515,4.64800000,338.78000000,4.668
1749262515,4.64700000,2077.31000000,4.668
1749262515,4.64600000,529.07000000,4.668
1749262515,4.64500000,136.79000000,4.668
1749262515,4.64400000,347.87000000,4.668
1749262515,4.64300000,2632.63000000,4.668
1749262515,4.64200000,225.09000000,4.668
1749262515,4.64100000,24.29000000,4.668
1749262515,4.64000000,303.61000000,4.668
1749262515,4.63900000,3564.64000000,4.668
1749262515,4.63800000,460.68000000,4.668
1749262515,4.63700000,34.96000000,4.668
1749262515,4.63600000,544.18000000,4.668
1749262515,4.63500000,24.29000000,4.668
1749262515,4.63400000,110.41000000,4.668
1749262515,4.63300000,513.14000000,4.668
1749262515,4.63200000,6.57000000,4.668
1749262515,4.63100000,254.11000000,4.668
1749262515,4.63000000,5.87000000,4.668
1749262515,4.62900000,372.98000000,4.668
1749262515,4.62800000,4470.84000000,4.668
1749262515,4.62700000,21112.71000000,4.668
1749262515,4.62600000,3.80000000,4.668
1749262515,4.62500000,248.91000000,4.668
1749262515,4.62400000,66.90000000,4.668
1749262515,4.62300000,2.17000000,4.668
1749262515,4.62200000,3.80000000,4.668
1749262515,4.62100000,2.17000000,4.668
1749262515,4.62000000,16.10000000,4.668
1749262515,4.61900000,2.17000000,4.668
1749262515,4.61800000,3.80000000,4.668
1749262515,4.61700000,211.34000000,4.668
1749262515,4.61600000,5.63000000,4.668
1749262515,4.61500000,30.05000000,4.668
1749262515,4.61400000,3524.19000000,4.668
1749262515,4.61300000,2.17000000,4.668
1749262515,4.61200000,3.80000000,4.668
1749262515,4.61100000,5.94000000,4.668
1749262515,4.61000000,20.11000000,4.668
1749262515,4.60900000,5.24000000,4.668
1749262515,4.60800000,1022.00000000,4.668
1749262515,4.60700000,10.69000000,4.668
1749262515,4.60600000,3.81000000,4.668
1749262515,4.60500000,203.93000000,4.668
1749262515,4.60400000,3.77000000,4.668
1749262515,4.60300000,2.14000000,4.668
1749262515,4.60200000,24.26000000,4.668
1749262515,4.60100000,9.30000000,4.668
1749262515,4.60000000,198.59000000,4.668
1749262515,4.59900000,23.46000000,4.668
1749262515,4.59800000,3.32000000,4.668
1749262515,4.59700000,2.14000000,4.668
1749262515,4.59600000,2.15000000,4.668
1749262515,4.59500000,4.49000000,4.668
1749262515,4.59400000,2.15000000,4.668
1749262515,4.59300000,77.11000000,4.668
1749262515,4.59200000,3.07000000,4.668
1749262515,4.59100000,110.45000000,4.668
1749262515,4.59000000,3229.86000000,4.668
1749262515,4.58900000,8.06000000,4.668
1749262515,4.58800000,3.66000000,4.668
1749262515,4.58700000,66.62000000,4.668
1749262515,4.58500000,2.18000000,4.668
1749262515,4.58300000,28.36000000,4.668
1749262515,4.58200000,1.46000000,4.668
1749262515,4.58100000,1.85000000,4.668
1749262515,4.58000000,48585.03000000,4.668
1749262515,4.57800000,1316.03000000,4.668
1749262515,4.57700000,2.93000000,4.668
1749262515,4.57500000,74.37000000,4.668
1749262515,4.57400000,5.42000000,4.668
1749262515,4.57100000,5.21000000,4.668
1749262515,4.57000000,9.63000000,4.668
1749262515,4.56900000,107.62000000,4.668
1749262515,4.56800000,1027.10000000,4.668
1749262515,4.56600000,1.83000000,4.668
1749262515,4.56400000,6.57000000,4.668
1749262515,4.56300000,10.95000000,4.668
1749262515,4.56000000,37.67000000,4.668
1749262515,4.55800000,3.07000000,4.668
1749262817,4.67100000,1463.92000000,4.671
1749262817,4.67000000,1366.09000000,4.671
1749262817,4.66900000,1971.19000000,4.671
1749262817,4.66800000,2252.31000000,4.671
1749262817,4.66700000,1754.61000000,4.671
1749262817,4.66600000,4031.09000000,4.671
1749262817,4.66500000,2041.92000000,4.671
1749262817,4.66400000,3180.39000000,4.671
1749262817,4.66300000,3952.26000000,4.671
1749262817,4.66200000,3668.93000000,4.671
1749262817,4.66100000,1003.38000000,4.671
1749262817,4.66000000,926.54000000,4.671
1749262817,4.65900000,959.79000000,4.671
1749262817,4.65800000,2902.62000000,4.671
1749262817,4.65700000,448.23000000,4.671
1749262817,4.65600000,305.79000000,4.671
1749262817,4.65500000,1316.53000000,4.671
1749262817,4.65400000,3082.63000000,4.671
1749262817,4.65300000,3109.22000000,4.671
1749262817,4.65200000,338.77000000,4.671
1749262817,4.65100000,3700.76000000,4.671
1749262817,4.65000000,347.29000000,4.671
1749262817,4.64900000,171.08000000,4.671
1749262817,4.64800000,338.78000000,4.671
1749262817,4.64700000,264.16000000,4.671
1749262817,4.64600000,2314.70000000,4.671
1749262817,4.64500000,4546.37000000,4.671
1749262817,4.64400000,545.63000000,4.671
1749262817,4.64300000,134.98000000,4.671
1749262817,4.64200000,600.90000000,4.671
1749262817,4.64100000,24.29000000,4.671
1749262817,4.64000000,245.49000000,4.671
1749262817,4.63900000,24.29000000,4.671
1749262817,4.63800000,416.70000000,4.671
1749262817,4.63700000,34.96000000,4.671
1749262817,4.63600000,237.06000000,4.671
1749262817,4.63500000,24.29000000,4.671
1749262817,4.63400000,5.61000000,4.671
1749262817,4.63300000,245.60000000,4.671
1749262817,4.63200000,6.57000000,4.671
1749262817,4.63100000,24909.62000000,4.671
1749262817,4.63000000,5.87000000,4.671
1749262817,4.62900000,338.17000000,4.671
1749262817,4.62800000,6.44000000,4.671
1749262817,4.62700000,10.95000000,4.671
1749262817,4.62600000,3.80000000,4.671
1749262817,4.62500000,33.29000000,4.671
1749262817,4.62400000,65.71000000,4.671
1749262817,4.62300000,2.17000000,4.671
1749262817,4.62200000,3.80000000,4.671
1749262817,4.62100000,1017.49000000,4.671
1749262817,4.62000000,16.10000000,4.671
1749262817,4.61900000,2.17000000,4.671
1749262817,4.61800000,3.80000000,4.671
1749262817,4.61700000,23.46000000,4.671
1749262817,4.61600000,5.63000000,4.671
1749262817,4.61500000,2.17000000,4.671
1749262817,4.61400000,78.93000000,4.671
1749262817,4.61300000,2.17000000,4.671
1749262817,4.61200000,3.80000000,4.671
1749262817,4.61100000,5.94000000,4.671
1749262817,4.61000000,20.11000000,4.671
1749262817,4.60900000,5.24000000,4.671
1749262817,4.60800000,3.81000000,4.671
1749262817,4.60700000,2275.45000000,4.671
1749262817,4.60600000,3.81000000,4.671
1749262817,4.60500000,203.93000000,4.671
1749262817,4.60400000,115.00000000,4.671
1749262817,4.60300000,2.14000000,4.671
1749262817,4.60200000,24.26000000,4.671
1749262817,4.60100000,3.60000000,4.671
1749262817,4.60000000,198.59000000,4.671
1749262817,4.59900000,2.14000000,4.671
1749262817,4.59800000,3.32000000,4.671
1749262817,4.59700000,2.15000000,4.671
1749262817,4.59600000,2.15000000,4.671
1749262817,4.59500000,2.34000000,4.671
1749262817,4.59300000,74.96000000,4.671
1749262817,4.59200000,3.07000000,4.671
1749262817,4.59000000,1047.06000000,4.671
1749262817,4.58900000,13.46000000,4.671
1749262817,4.58800000,3.66000000,4.671
1749262817,4.58700000,66.62000000,4.671
1749262817,4.58500000,2.18000000,4.671
1749262817,4.58400000,49739.49000000,4.671
1749262817,4.58300000,28.36000000,4.671
1749262817,4.58200000,1.46000000,4.671
1749262817,4.58100000,1.85000000,4.671
1749262817,4.58000000,33.53000000,4.671
1749262817,4.57800000,2150.39000000,4.671
1749262817,4.57700000,2.93000000,4.671
1749262817,4.57500000,74.37000000,4.671
1749262817,4.57200000,897.25000000,4.671
1749262817,4.57100000,114.77000000,4.671
1749262817,4.57000000,9.63000000,4.671
1749262817,4.56600000,1.83000000,4.671
1749262817,4.56400000,6.57000000,4.671
1749262817,4.56300000,10.95000000,4.671
1749262817,4.56000000,127.90000000,4.671
1749262817,4.55800000,3.07000000,4.671
1749263118,4.67100000,1866.97000000,4.671
1749263118,4.67000000,1185.67000000,4.671
1749263118,4.66900000,1632.59000000,4.671
1749263118,4.66800000,2159.61000000,4.671
1749263118,4.66700000,1973.71000000,4.671
1749263118,4.66600000,2354.10000000,4.671
1749263118,4.66500000,1745.00000000,4.671
1749263118,4.66400000,1997.58000000,4.671
1749263118,4.66300000,1469.75000000,4.671
1749263118,4.66200000,1137.20000000,4.671
1749263118,4.66100000,1082.72000000,4.671
1749263118,4.66000000,965.83000000,4.671
1749263118,4.65900000,2171.17000000,4.671
1749263118,4.65800000,689.75000000,4.671
1749263118,4.65700000,1314.98000000,4.671
1749263118,4.65600000,279.29000000,4.671
1749263118,4.65500000,3367.76000000,4.671
1749263118,4.65400000,2931.81000000,4.671
1749263118,4.65300000,138.38000000,4.671
1749263118,4.65200000,494.33000000,4.671
1749263118,4.65100000,3700.76000000,4.671
1749263118,4.65000000,384.65000000,4.671
1749263118,4.64900000,24.29000000,4.671
1749263118,4.64800000,226.28000000,4.671
1749263118,4.64700000,151.66000000,4.671
1749263118,4.64600000,562.81000000,4.671
1749263118,4.64500000,6116.52000000,4.671
1749263118,4.64400000,478.83000000,4.671
1749263118,4.64300000,122.71000000,4.671
1749263118,4.64200000,225.09000000,4.671
1749263118,4.64100000,82.40000000,4.671
1749263118,4.64000000,245.49000000,4.671
1749263118,4.63900000,24.29000000,4.671
1749263118,4.63800000,683.95000000,4.671
1749263118,4.63700000,38.02000000,4.671
1749263118,4.63600000,348.03000000,4.671
1749263118,4.63500000,24.29000000,4.671
1749263118,4.63400000,5.61000000,4.671
1749263118,4.63300000,245.60000000,4.671
1749263118,4.63200000,6.57000000,4.671
1749263118,4.63100000,3693.26000000,4.671
1749263118,4.63000000,5.87000000,4.671
1749263118,4.62900000,21053.08000000,4.671
1749263118,4.62800000,6.44000000,4.671
1749263118,4.62700000,10.95000000,4.671
1749263118,4.62600000,3.80000000,4.671
1749263118,4.62500000,33.29000000,4.671
1749263118,4.62400000,68.77000000,4.671
1749263118,4.62300000,2.17000000,4.671
1749263118,4.62200000,3.80000000,4.671
1749263118,4.62100000,1017.49000000,4.671
1749263118,4.62000000,19.16000000,4.671
1749263118,4.61900000,2.17000000,4.671
1749263118,4.61800000,3.80000000,4.671
1749263118,4.61700000,23.46000000,4.671
1749263118,4.61600000,5.63000000,4.671
1749263118,4.61500000,2.17000000,4.671
1749263118,4.61400000,81.99000000,4.671
1749263118,4.61300000,2.17000000,4.671
1749263118,4.61200000,3.80000000,4.671
1749263118,4.61100000,5.94000000,4.671
1749263118,4.61000000,20.11000000,4.671
1749263118,4.60900000,5.24000000,4.671
1749263118,4.60800000,3.81000000,4.671
1749263118,4.60700000,2266.94000000,4.671
1749263118,4.60600000,3.81000000,4.671
1749263118,4.60500000,203.93000000,4.671
1749263118,4.60400000,115.00000000,4.671
1749263118,4.60300000,2.14000000,4.671
1749263118,4.60200000,24.26000000,4.671
1749263118,4.60100000,3.60000000,4.671
1749263118,4.60000000,23.01000000,4.671
1749263118,4.59900000,2.14000000,4.671
1749263118,4.59800000,3.32000000,4.671
1749263118,4.59700000,2.14000000,4.671
1749263118,4.59600000,2.15000000,4.671
1749263118,4.59500000,2.34000000,4.671
1749263118,4.59300000,74.96000000,4.671
1749263118,4.59200000,3.07000000,4.671
1749263118,4.59000000,1047.06000000,4.671
1749263118,4.58900000,13.46000000,4.671
1749263118,4.58800000,77.73000000,4.671
1749263118,4.58500000,2.18000000,4.671
1749263118,4.58300000,28.36000000,4.671
1749263118,4.58200000,48629.48000000,4.671
1749263118,4.58100000,1.85000000,4.671
1749263118,4.58000000,33.53000000,4.671
1749263118,4.57800000,2150.39000000,4.671
1749263118,4.57700000,69.55000000,4.671
1749263118,4.57500000,74.37000000,4.671
1749263118,4.57200000,1009.15000000,4.671
1749263118,4.57100000,5.21000000,4.671
1749263118,4.57000000,9.63000000,4.671
1749263118,4.56600000,1.83000000,4.671
1749263118,4.56400000,6.57000000,4.671
1749263118,4.56300000,10.95000000,4.671
1749263118,4.56000000,37.67000000,4.671
1749263118,4.55800000,3.07000000,4.671
1749263118,4.55500000,43.39000000,4.671
1749263118,4.55400000,3.90000000,4.671
1749263420,4.67700000,1011.83000000,4.678
1749263420,4.67600000,1718.35000000,4.678
1749263420,4.67500000,1645.12000000,4.678
1749263420,4.67400000,1329.67000000,4.678
1749263420,4.67300000,1681.85000000,4.678
1749263420,4.67200000,2073.48000000,4.678
1749263420,4.67100000,2668.08000000,4.678
1749263420,4.67000000,1957.77000000,4.678
1749263420,4.66900000,1385.73000000,4.678
1749263420,4.66800000,1967.50000000,4.678
1749263420,4.66700000,832.59000000,4.678
1749263420,4.66600000,1650.41000000,4.678
1749263420,4.66500000,1493.58000000,4.678
1749263420,4.66400000,185.59000000,4.678
1749263420,4.66300000,448.23000000,4.678
1749263420,4.66200000,1864.12000000,4.678
1749263420,4.66100000,3323.19000000,4.678
1749263420,4.66000000,261.13000000,4.678
1749263420,4.65900000,3155.75000000,4.678
1749263420,4.65800000,28.69000000,4.678
1749263420,4.65700000,430.16000000,4.678
1749263420,4.65600000,202.17000000,4.678
1749263420,4.65500000,223.46000000,4.678
1749263420,4.65400000,193.86000000,4.678
1749263420,4.65300000,25.88000000,4.678
1749263420,4.65200000,226.27000000,4.678
1749263420,4.65100000,3635.07000000,4.678
1749263420,4.65000000,2184.19000000,4.678
1749263420,4.64900000,24.29000000,4.678
1749263420,4.64800000,379.25000000,4.678
1749263420,4.64700000,151.66000000,4.678
1749263420,4.64600000,387.90000000,4.678
1749263420,4.64500000,4491.93000000,4.678
1749263420,4.64400000,433.13000000,4.678
1749263420,4.64300000,38.34000000,4.678
1749263420,4.64200000,225.09000000,4.678
1749263420,4.64100000,24.29000000,4.678
1749263420,4.64000000,245.49000000,4.678
1749263420,4.63900000,24.29000000,4.678
1749263420,4.63800000,21580.08000000,4.678
1749263420,4.63700000,40.50000000,4.678
1749263420,4.63600000,237.06000000,4.678
1749263420,4.63500000,2.16000000,4.678
1749263420,4.63400000,5.61000000,4.678
1749263420,4.63300000,2.16000000,4.678
1749263420,4.63200000,6.57000000,4.678
1749263420,4.63100000,3495.66000000,4.678
1749263420,4.63000000,5.87000000,4.678
1749263420,4.62900000,210.80000000,4.678
1749263420,4.62800000,5.25000000,4.678
1749263420,4.62700000,10.95000000,4.678
1749263420,4.62600000,3.80000000,4.678
1749263420,4.62500000,33.29000000,4.678
1749263420,4.62400000,71.25000000,4.678
1749263420,4.62300000,2.17000000,4.678
1749263420,4.62200000,3.80000000,4.678
1749263420,4.62100000,1017.49000000,4.678
1749263420,4.62000000,21.64000000,4.678
1749263420,4.61900000,2.17000000,4.678
1749263420,4.61800000,3.80000000,4.678
1749263420,4.61700000,203.10000000,4.678
1749263420,4.61600000,5.63000000,4.678
1749263420,4.61500000,2.17000000,4.678
1749263420,4.61400000,84.47000000,4.678
1749263420,4.61300000,2.17000000,4.678
1749263420,4.61200000,3.80000000,4.678
1749263420,4.61100000,5.94000000,4.678
1749263420,4.61000000,20.11000000,4.678
1749263420,4.60900000,5.24000000,4.678
1749263420,4.60800000,3.81000000,4.678
1749263420,4.60700000,2266.94000000,4.678
1749263420,4.60600000,3.81000000,4.678
1749263420,4.60500000,2.18000000,4.678
1749263420,4.60400000,115.00000000,4.678
1749263420,4.60300000,2.14000000,4.678
1749263420,4.60200000,1043.78000000,4.678
1749263420,4.60100000,1.46000000,4.678
1749263420,4.60000000,58.78000000,4.678
1749263420,4.59800000,1.18000000,4.678
1749263420,4.59500000,2.34000000,4.678
1749263420,4.59300000,74.96000000,4.678
1749263420,4.59200000,3.07000000,4.678
1749263420,4.59100000,48297.11000000,4.678
1749263420,4.59000000,24.88000000,4.678
1749263420,4.58900000,41.38000000,4.678
1749263420,4.58800000,77.73000000,4.678
1749263420,4.58500000,2.18000000,4.678
1749263420,4.58300000,34.90000000,4.678
1749263420,4.58200000,111.12000000,4.678
1749263420,4.58100000,1.85000000,4.678
1749263420,4.58000000,33.53000000,4.678
1749263420,4.57800000,2150.39000000,4.678
1749263420,4.57700000,69.55000000,4.678
1749263420,4.57500000,74.37000000,4.678
1749263420,4.57200000,897.25000000,4.678
1749263420,4.57100000,5.21000000,4.678
1749263420,4.57000000,9.63000000,4.678
1749263420,4.56600000,1.83000000,4.678
1749263420,4.56300000,10.95000000,4.678
1749263420,4.56000000,37.67000000,4.678
1749263721,4.67000000,930.32000000,4.67
1749263721,4.66900000,1455.87000000,4.67
1749263721,4.66800000,2426.07000000,4.67
1749263721,4.66700000,1888.65000000,4.67
1749263721,4.66600000,1741.38000000,4.67
1749263721,4.66500000,2924.30000000,4.67
1749263721,4.66400000,1630.42000000,4.67
1749263721,4.66300000,2740.71000000,4.67
1749263721,4.66200000,3927.83000000,4.67
1749263721,4.66100000,3856.28000000,4.67
1749263721,4.66000000,413.66000000,4.67
1749263721,4.65900000,696.14000000,4.67
1749263721,4.65800000,1556.32000000,4.67
1749263721,4.65700000,446.62000000,4.67
1749263721,4.65600000,283.37000000,4.67
1749263721,4.65500000,3105.53000000,4.67
1749263721,4.65400000,274.87000000,4.67
1749263721,4.65300000,2900.94000000,4.67
1749263721,4.65200000,3790.24000000,4.67
1749263721,4.65100000,113.96000000,4.67
1749263721,4.65000000,243.25000000,4.67
1749263721,4.64900000,58.57000000,4.67
1749263721,4.64800000,226.28000000,4.67
1749263721,4.64700000,194.30000000,4.67
1749263721,4.64600000,2213.30000000,4.67
1749263721,4.64500000,4433.87000000,4.67
1749263721,4.64400000,433.13000000,4.67
1749263721,4.64300000,84.90000000,4.67
1749263721,4.64200000,334.23000000,4.67
1749263721,4.64100000,82.40000000,4.67
1749263721,4.64000000,245.49000000,4.67
1749263721,4.63900000,24.29000000,4.67
1749263721,4.63800000,416.70000000,4.67
1749263721,4.63700000,43.42000000,4.67
1749263721,4.63600000,237.06000000,4.67
1749263721,4.63500000,2.16000000,4.67
1749263721,4.63400000,5.61000000,4.67
1749263721,4.63300000,2.16000000,4.67
1749263721,4.63200000,274.17000000,4.67
1749263721,4.63100000,3477.35000000,4.67
1749263721,4.63000000,5.87000000,4.67
1749263721,4.62900000,20982.49000000,4.67
1749263721,4.62800000,5.25000000,4.67
1749263721,4.62700000,10.95000000,4.67
1749263721,4.62600000,3.80000000,4.67
1749263721,4.62500000,33.29000000,4.67
1749263721,4.62400000,74.17000000,4.67
1749263721,4.62300000,2.17000000,4.67
1749263721,4.62200000,3.80000000,4.67
1749263721,4.62100000,1017.49000000,4.67
1749263721,4.62000000,24.56000000,4.67
1749263721,4.61900000,2.17000000,4.67
1749263721,4.61800000,3.80000000,4.67
1749263721,4.61700000,203.10000000,4.67
1749263721,4.61600000,5.63000000,4.67
1749263721,4.61500000,2.17000000,4.67
1749263721,4.61400000,87.39000000,4.67
1749263721,4.61300000,68.79000000,4.67
1749263721,4.61200000,3.80000000,4.67
1749263721,4.61100000,27.26000000,4.67
1749263721,4.61000000,20.11000000,4.67
1749263721,4.60900000,5.24000000,4.67
1749263721,4.60800000,3.81000000,4.67
1749263721,4.60700000,2266.94000000,4.67
1749263721,4.60600000,3.81000000,4.67
1749263721,4.60500000,2.18000000,4.67
1749263721,4.60400000,115.00000000,4.67
1749263721,4.60300000,2.14000000,4.67
1749263721,4.60200000,24.26000000,4.67
1749263721,4.60100000,3.60000000,4.67
1749263721,4.60000000,60.92000000,4.67
1749263721,4.59900000,2.14000000,4.67
1749263721,4.59800000,3.32000000,4.67
1749263721,4.59700000,2.14000000,4.67
1749263721,4.59600000,2.15000000,4.67
1749263721,4.59500000,4.49000000,4.67
1749263721,4.59300000,74.96000000,4.67
1749263721,4.59200000,3.07000000,4.67
1749263721,4.59000000,1047.06000000,4.67
1749263721,4.58900000,35.98000000,4.67
1749263721,4.58800000,77.73000000,4.67
1749263721,4.58500000,2.18000000,4.67
1749263721,4.58300000,34.90000000,4.67
1749263721,4.58200000,50138.28000000,4.67
1749263721,4.58100000,1.85000000,4.67
1749263721,4.58000000,33.53000000,4.67
1749263721,4.57800000,2150.39000000,4.67
1749263721,4.57700000,2.93000000,4.67
1749263721,4.57500000,74.37000000,4.67
1749263721,4.57200000,1004.84000000,4.67
1749263721,4.57100000,5.21000000,4.67
1749263721,4.57000000,9.63000000,4.67
1749263721,4.56600000,1.83000000,4.67
1749263721,4.56300000,10.95000000,4.67
1749263721,4.56000000,37.67000000,4.67
1749263721,4.55800000,3.07000000,4.67
1749263721,4.55500000,43.39000000,4.67
1749263721,4.55400000,3.90000000,4.67
1749263721,4.55000000,772.28000000,4.67
1749263721,4.54900000,13.34000000,4.67
1749264024,4.67600000,654.48000000,4.676
1749264024,4.67500000,1077.47000000,4.676
1749264024,4.67400000,974.73000000,4.676
1749264024,4.67300000,2211.01000000,4.676
1749264024,4.67200000,1832.23000000,4.676
1749264024,4.67100000,2321.83000000,4.676
1749264024,4.67000000,2810.07000000,4.676
1749264024,4.66900000,1315.68000000,4.676
1749264024,4.66800000,2499.69000000,4.676
1749264024,4.66700000,1897.30000000,4.676
1749264024,4.66600000,2484.69000000,4.676
1749264024,4.66500000,863.95000000,4.676
1749264024,4.66400000,2260.61000000,4.676
1749264024,4.66300000,876.54000000,4.676
1749264024,4.66200000,247.47000000,4.676
1749264024,4.66100000,495.54000000,4.676
1749264024,4.66000000,3003.12000000,4.676
1749264024,4.65900000,446.62000000,4.676
1749264024,4.65800000,3055.37000000,4.676
1749264024,4.65700000,446.62000000,4.676
1749264024,4.65600000,170.87000000,4.676
1749264024,4.65500000,257.79000000,4.676
1749264024,4.65400000,196.04000000,4.676
1749264024,4.65300000,223.22000000,4.676
1749264024,4.65200000,5468.68000000,4.676
1749264024,4.65100000,71.10000000,4.676
1749264024,4.65000000,242.06000000,4.676
1749264024,4.64900000,24.29000000,4.676
1749264024,4.64800000,443.99000000,4.676
1749264024,4.64700000,151.66000000,4.676
1749264024,4.64600000,398.63000000,4.676
1749264024,4.64500000,4491.93000000,4.676
1749264024,4.64400000,235.37000000,4.676
1749264024,4.64300000,308.23000000,4.676
1749264024,4.64200000,225.09000000,4.676
1749264024,4.64100000,24.29000000,4.676
1749264024,4.64000000,245.49000000,4.676
1749264024,4.63900000,24.29000000,4.676
1749264024,4.63800000,131.15000000,4.676
1749264024,4.63700000,21.29000000,4.676
1749264024,4.63600000,69.01000000,4.676
1749264024,4.63500000,20505.40000000,4.676
1749264024,4.63400000,5.61000000,4.676
1749264024,4.63300000,2.16000000,4.676
1749264024,4.63200000,5.38000000,4.676
1749264024,4.63100000,3477.35000000,4.676
1749264024,4.63000000,5.87000000,4.676
1749264024,4.62900000,210.80000000,4.676
1749264024,4.62800000,33.05000000,4.676
1749264024,4.62700000,10.95000000,4.676
1749264024,4.62600000,3.80000000,4.676
1749264024,4.62500000,5.47000000,4.676
1749264024,4.62400000,20.77000000,4.676
1749264024,4.62300000,2.17000000,4.676
1749264024,4.62200000,3.80000000,4.676
1749264024,4.62100000,1017.49000000,4.676
1749264024,4.62000000,24.56000000,4.676
1749264024,4.61900000,2.17000000,4.676
1749264024,4.61800000,3.80000000,4.676
1749264024,4.61700000,203.10000000,4.676
1749264024,4.61600000,5.63000000,4.676
1749264024,4.61500000,2.17000000,4.676
1749264024,4.61400000,87.39000000,4.676
1749264024,4.61300000,2.17000000,4.676
1749264024,4.61200000,3.80000000,4.676
1749264024,4.61100000,27.26000000,4.676
1749264024,4.61000000,20.11000000,4.676
1749264024,4.60900000,5.24000000,4.676
1749264024,4.60800000,3.81000000,4.676
1749264024,4.60700000,2266.94000000,4.676
1749264024,4.60600000,3.81000000,4.676
1749264024,4.60500000,68.80000000,4.676
1749264024,4.60400000,115.00000000,4.676
1749264024,4.60300000,2.14000000,4.676
1749264024,4.60200000,1043.78000000,4.676
1749264024,4.60100000,3.60000000,4.676
1749264024,4.60000000,58.78000000,4.676
1749264024,4.59800000,1.18000000,4.676
1749264024,4.59500000,2.34000000,4.676
1749264024,4.59300000,74.96000000,4.676
1749264024,4.59200000,85.44000000,4.676
1749264024,4.59000000,24.88000000,4.676
1749264024,4.58900000,35.98000000,4.676
1749264024,4.58800000,50616.81000000,4.676
1749264024,4.58600000,6.72000000,4.676
1749264024,4.58500000,2.18000000,4.676
1749264024,4.58300000,34.90000000,4.676
1749264024,4.58200000,1.46000000,4.676
1749264024,4.58100000,1.85000000,4.676
1749264024,4.58000000,33.53000000,4.676
1749264024,4.57800000,2150.39000000,4.676
1749264024,4.57700000,2.93000000,4.676
1749264024,4.57500000,74.37000000,4.676
1749264024,4.57400000,112.07000000,4.676
1749264024,4.57200000,897.25000000,4.676
1749264024,4.57100000,5.21000000,4.676
1749264024,4.57000000,9.63000000,4.676
1749264024,4.56600000,1.83000000,4.676
1749264024,4.56300000,10.95000000,4.676
1749264024,4.56000000,37.67000000,4.676
1749264330,4.66900000,348.90000000,4.67
1749264330,4.66800000,1604.24000000,4.67
1749264330,4.66700000,1175.51000000,4.67
1749264330,4.66600000,1769.23000000,4.67
1749264330,4.66500000,2396.99000000,4.67
1749264330,4.66400000,2809.31000000,4.67
1749264330,4.66300000,2101.79000000,4.67
1749264330,4.66200000,2589.63000000,4.67
1749264330,4.66100000,3546.06000000,4.67
1749264330,4.66000000,575.61000000,4.67
1749264330,4.65900000,1852.42000000,4.67
1749264330,4.65800000,2273.09000000,4.67
1749264330,4.65700000,446.62000000,4.67
1749264330,4.65600000,283.37000000,4.67
1749264330,4.65500000,3101.03000000,4.67
1749264330,4.65400000,135.34000000,4.67
1749264330,4.65300000,293.93000000,4.67
1749264330,4.65200000,6667.88000000,4.67
1749264330,4.65100000,164.50000000,4.67
1749264330,4.65000000,261.10000000,4.67
1749264330,4.64900000,24.29000000,4.67
1749264330,4.64800000,290.29000000,4.67
1749264330,4.64700000,228.56000000,4.67
1749264330,4.64600000,530.69000000,4.67
1749264330,4.64500000,6117.20000000,4.67
1749264330,4.64400000,281.07000000,4.67
1749264330,4.64300000,84.68000000,4.67
1749264330,4.64200000,334.05000000,4.67
1749264330,4.64100000,222.14000000,4.67
1749264330,4.64000000,303.61000000,4.67
1749264330,4.63900000,24.29000000,4.67
1749264330,4.63800000,131.15000000,4.67
1749264330,4.63700000,21.29000000,4.67
1749264330,4.63600000,69.01000000,4.67
1749264330,4.63500000,269.59000000,4.67
1749264330,4.63400000,5.61000000,4.67
1749264330,4.63300000,2.16000000,4.67
1749264330,4.63200000,6.57000000,4.67
1749264330,4.63100000,3477.35000000,4.67
1749264330,4.63000000,5.87000000,4.67
1749264330,4.62900000,21553.58000000,4.67
1749264330,4.62800000,33.05000000,4.67
1749264330,4.62700000,10.95000000,4.67
1749264330,4.62600000,3.80000000,4.67
1749264330,4.62500000,5.47000000,4.67
1749264330,4.62400000,20.77000000,4.67
1749264330,4.62300000,2.17000000,4.67
1749264330,4.62200000,3.80000000,4.67
1749264330,4.62100000,1017.49000000,4.67
1749264330,4.62000000,24.56000000,4.67
1749264330,4.61900000,2.17000000,4.67
1749264330,4.61800000,3.80000000,4.67
1749264330,4.61700000,203.10000000,4.67
1749264330,4.61600000,5.63000000,4.67
1749264330,4.61500000,2.17000000,4.67
1749264330,4.61400000,87.39000000,4.67
1749264330,4.61300000,2.17000000,4.67
1749264330,4.61200000,3.80000000,4.67
1749264330,4.61100000,27.26000000,4.67
1749264330,4.61000000,20.11000000,4.67
1749264330,4.60900000,5.24000000,4.67
1749264330,4.60800000,3.81000000,4.67
1749264330,4.60700000,2266.94000000,4.67
1749264330,4.60600000,3.81000000,4.67
1749264330,4.60500000,68.80000000,4.67
1749264330,4.60400000,115.00000000,4.67
1749264330,4.60300000,2.14000000,4.67
1749264330,4.60200000,24.26000000,4.67
1749264330,4.60100000,3.60000000,4.67
1749264330,4.60000000,192.63000000,4.67
1749264330,4.59900000,2.14000000,4.67
1749264330,4.59800000,3.32000000,4.67
1749264330,4.59700000,2.14000000,4.67
1749264330,4.59600000,2.15000000,4.67
1749264330,4.59500000,4.49000000,4.67
1749264330,4.59400000,2.15000000,4.67
1749264330,4.59300000,133.27000000,4.67
1749264330,4.59200000,3.07000000,4.67
1749264330,4.59000000,1047.06000000,4.67
1749264330,4.58900000,35.98000000,4.67
1749264330,4.58800000,3.66000000,4.67
1749264330,4.58500000,2.18000000,4.67
1749264330,4.58300000,39.45000000,4.67
1749264330,4.58200000,50617.16000000,4.67
1749264330,4.58100000,1.85000000,4.67
1749264330,4.58000000,33.53000000,4.67
1749264330,4.57800000,2150.39000000,4.67
1749264330,4.57700000,2.93000000,4.67
1749264330,4.57500000,74.37000000,4.67
1749264330,4.57200000,897.25000000,4.67
1749264330,4.57100000,116.56000000,4.67
1749264330,4.57000000,9.63000000,4.67
1749264330,4.56600000,1.83000000,4.67
1749264330,4.56300000,10.95000000,4.67
1749264330,4.56000000,37.67000000,4.67
1749264330,4.55800000,3.07000000,4.67
1749264330,4.55500000,43.39000000,4.67
1749264330,4.55400000,3.90000000,4.67
1749264330,4.55000000,772.28000000,4.67
1749264330,4.54900000,13.34000000,4.67
1749264631,4.67600000,397.43000000,4.677
1749264631,4.67500000,1250.01000000,4.677
1749264631,4.67400000,1701.91000000,4.677
1749264631,4.67300000,2306.75000000,4.677
1749264631,4.67200000,2241.92000000,4.677
1749264631,4.67100000,4277.92000000,4.677
1749264631,4.67000000,2397.11000000,4.677
1749264631,4.66900000,3624.73000000,4.677
1749264631,4.66800000,1823.35000000,4.677
1749264631,4.66700000,986.85000000,4.677
1749264631,4.66600000,549.92000000,4.677
1749264631,4.66500000,1339.70000000,4.677
1749264631,4.66400000,2279.81000000,4.677
1749264631,4.66300000,2548.68000000,4.677
1749264631,4.66200000,289.98000000,4.677
1749264631,4.66100000,339.03000000,4.677
1749264631,4.66000000,5736.23000000,4.677
1749264631,4.65900000,335.96000000,4.677
1749264631,4.65800000,280.54000000,4.677
1749264631,4.65700000,335.96000000,4.677
1749264631,4.65600000,326.18000000,4.677
1749264631,4.65500000,257.79000000,4.677
1749264631,4.65400000,153.46000000,4.677
1749264631,4.65300000,69.88000000,4.677
1749264631,4.65200000,3832.83000000,4.677
1749264631,4.65100000,71.10000000,4.677
1749264631,4.65000000,346.60000000,4.677
1749264631,4.64900000,24.29000000,4.677
1749264631,4.64800000,400.60000000,4.677
1749264631,4.64700000,418.40000000,4.677
1749264631,4.64600000,352.15000000,4.677
1749264631,4.64500000,4433.87000000,4.677
1749264631,4.64400000,235.37000000,4.677
1749264631,4.64300000,239.07000000,4.677
1749264631,4.64200000,225.09000000,4.677
1749264631,4.64100000,24.29000000,4.677
1749264631,4.64000000,24.18000000,4.677
1749264631,4.63900000,2.16000000,4.677
1749264631,4.63800000,21151.26000000,4.677
1749264631,4.63700000,21.29000000,4.677
1749264631,4.63600000,70.92000000,4.677
1749264631,4.63500000,2.16000000,4.677
1749264631,4.63400000,5.61000000,4.677
1749264631,4.63300000,2.16000000,4.677
1749264631,4.63200000,5.38000000,4.677
1749264631,4.63100000,3477.35000000,4.677
1749264631,4.63000000,5.87000000,4.677
1749264631,4.62900000,2.17000000,4.677
1749264631,4.62800000,33.05000000,4.677
1749264631,4.62700000,10.95000000,4.677
1749264631,4.62600000,3.80000000,4.677
1749264631,4.62500000,5.47000000,4.677
1749264631,4.62400000,229.64000000,4.677
1749264631,4.62300000,2.17000000,4.677
1749264631,4.62200000,3.80000000,4.677
1749264631,4.62100000,1017.49000000,4.677
1749264631,4.62000000,24.56000000,4.677
1749264631,4.61900000,2.17000000,4.677
1749264631,4.61800000,3.80000000,4.677
1749264631,4.61700000,203.10000000,4.677
1749264631,4.61600000,5.63000000,4.677
1749264631,4.61500000,2.17000000,4.677
1749264631,4.61400000,87.39000000,4.677
1749264631,4.61300000,2.17000000,4.677
1749264631,4.61200000,3.80000000,4.677
1749264631,4.61100000,27.26000000,4.677
1749264631,4.61000000,20.11000000,4.677
1749264631,4.60900000,5.24000000,4.677
1749264631,4.60800000,3.81000000,4.677
1749264631,4.60700000,2266.90000000,4.677
1749264631,4.60600000,3.77000000,4.677
1749264631,4.60500000,68.76000000,4.677
1749264631,4.60400000,115.00000000,4.677
1749264631,4.60300000,2.14000000,4.677
1749264631,4.60200000,24.26000000,4.677
1749264631,4.60100000,3.60000000,4.677
1749264631,4.60000000,1208.82000000,4.677
1749264631,4.59800000,1.18000000,4.677
1749264631,4.59500000,78.85000000,4.677
1749264631,4.59300000,74.96000000,4.677
1749264631,4.59200000,3.07000000,4.677
1749264631,4.59100000,49731.45000000,4.677
1749264631,4.59000000,92.61000000,4.677
1749264631,4.58900000,8.06000000,4.677
1749264631,4.58800000,3.66000000,4.677
1749264631,4.58500000,2.18000000,4.677
1749264631,4.58300000,39.45000000,4.677
1749264631,4.58200000,1.46000000,4.677
1749264631,4.58100000,1.85000000,4.677
1749264631,4.58000000,33.53000000,4.677
1749264631,4.57800000,2150.39000000,4.677
1749264631,4.57700000,2.93000000,4.677
1749264631,4.57500000,183.72000000,4.677
1749264631,4.57200000,897.25000000,4.677
1749264631,4.57100000,5.21000000,4.677
1749264631,4.57000000,9.63000000,4.677
1749264631,4.56600000,1.83000000,4.677
1749264631,4.56300000,10.95000000,4.677
1749264631,4.56000000,37.67000000,4.677
1749264631,4.55800000,3.07000000,4.677
1749264933,4.68900000,1326.68000000,4.69
1749264933,4.68800000,1618.18000000,4.69
1749264933,4.68700000,1056.75000000,4.69
1749264933,4.68600000,1563.99000000,4.69
1749264933,4.68500000,2597.56000000,4.69
1749264933,4.68400000,3321.80000000,4.69
1749264933,4.68300000,4203.56000000,4.69
1749264933,4.68200000,2325.67000000,4.69
1749264933,4.68100000,1609.78000000,4.69
1749264933,4.68000000,1502.99000000,4.69
1749264933,4.67900000,448.22000000,4.69
1749264933,4.67800000,389.08000000,4.69
1749264933,4.67700000,1509.15000000,4.69
1749264933,4.67600000,141.17000000,4.69
1749264933,4.67500000,505.43000000,4.69
1749264933,4.67400000,268.54000000,4.69
1749264933,4.67300000,3311.34000000,4.69
1749264933,4.67200000,1807.75000000,4.69
1749264933,4.67100000,448.23000000,4.69
1749264933,4.67000000,1880.15000000,4.69
1749264933,4.66900000,726.10000000,4.69
1749264933,4.66800000,216.71000000,4.69
1749264933,4.66700000,335.96000000,4.69
1749264933,4.66600000,138.39000000,4.69
1749264933,4.66500000,3258.81000000,4.69
1749264933,4.66400000,3620.95000000,4.69
1749264933,4.66300000,532.82000000,4.69
1749264933,4.66200000,347.76000000,4.69
1749264933,4.66100000,245.84000000,4.69
1749264933,4.66000000,200.48000000,4.69
1749264933,4.65900000,281.26000000,4.69
1749264933,4.65800000,25.89000000,4.69
1749264933,4.65700000,223.46000000,4.69
1749264933,4.65600000,154.45000000,4.69
1749264933,4.65500000,420.74000000,4.69
1749264933,4.65400000,4434.59000000,4.69
1749264933,4.65300000,25.88000000,4.69
1749264933,4.65200000,226.27000000,4.69
1749264933,4.65100000,21265.72000000,4.69
1749264933,4.65000000,248.68000000,4.69
1749264933,4.64900000,2.16000000,4.69
1749264933,4.64800000,4.97000000,4.69
1749264933,4.64700000,129.53000000,4.69
1749264933,4.64600000,62.06000000,4.69
1749264933,4.64500000,2.16000000,4.69
1749264933,4.64400000,14.06000000,4.69
1749264933,4.64300000,22.58000000,4.69
1749264933,4.64200000,3.78000000,4.69
1749264933,4.64100000,2.16000000,4.69
1749264933,4.64000000,231.16000000,4.69
1749264933,4.63900000,2.16000000,4.69
1749264933,4.63800000,3.78000000,4.69
1749264933,4.63700000,24.74000000,4.69
1749264933,4.63600000,1081.77000000,4.69
1749264933,4.63500000,2.16000000,4.69
1749264933,4.63400000,5.61000000,4.69
1749264933,4.63300000,2.16000000,4.69
1749264933,4.63200000,5.38000000,4.69
1749264933,4.63100000,3480.80000000,4.69
1749264933,4.63000000,5.87000000,4.69
1749264933,4.62900000,204.93000000,4.69
1749264933,4.62800000,37.03000000,4.69
1749264933,4.62700000,10.95000000,4.69
1749264933,4.62600000,3.80000000,4.69
1749264933,4.62500000,5.47000000,4.69
1749264933,4.62400000,23.11000000,4.69
1749264933,4.62300000,2.17000000,4.69
1749264933,4.62200000,3.80000000,4.69
1749264933,4.62100000,2.17000000,4.69
1749264933,4.62000000,28.01000000,4.69
1749264933,4.61900000,2.17000000,4.69
1749264933,4.61800000,3.80000000,4.69
1749264933,4.61700000,113.22000000,4.69
1749264933,4.61600000,5.63000000,4.69
1749264933,4.61500000,1018.78000000,4.69
1749264933,4.61400000,3.77000000,4.69
1749264933,4.61200000,1.63000000,4.69
1749264933,4.61100000,25.09000000,4.69
1749264933,4.61000000,17.94000000,4.69
1749264933,4.60900000,3.07000000,4.69
1749264933,4.60700000,2264.76000000,4.69
1749264933,4.60500000,66.62000000,4.69
1749264933,4.60400000,49997.12000000,4.69
1749264933,4.60200000,31.22000000,4.69
1749264933,4.60100000,6.89000000,4.69
1749264933,4.60000000,188.86000000,4.69
1749264933,4.59800000,1.18000000,4.69
1749264933,4.59500000,78.85000000,4.69
1749264933,4.59300000,74.96000000,4.69
1749264933,4.59200000,3.07000000,4.69
1749264933,4.59000000,98.05000000,4.69
1749264933,4.58900000,1136.99000000,4.69
1749264933,4.58800000,3.66000000,4.69
1749264933,4.58500000,2.18000000,4.69
1749264933,4.58300000,39.45000000,4.69
1749264933,4.58200000,1.46000000,4.69
1749264933,4.58100000,1.85000000,4.69
1749264933,4.58000000,33.53000000,4.69
1749264933,4.57800000,1316.03000000,4.69
1749264933,4.57700000,2.93000000,4.69
1749265234,4.69200000,861.90000000,4.692
1749265234,4.69100000,1300.00000000,4.692
1749265234,4.69000000,1453.37000000,4.692
1749265234,4.68900000,1443.13000000,4.692
1749265234,4.68800000,2796.55000000,4.692
1749265234,4.68700000,5139.45000000,4.692
1749265234,4.68600000,1127.57000000,4.692
1749265234,4.68500000,2135.42000000,4.692
1749265234,4.68400000,2966.23000000,4.692
1749265234,4.68300000,3268.80000000,4.692
1749265234,4.68200000,612.16000000,4.692
1749265234,4.68100000,825.12000000,4.692
1749265234,4.68000000,728.22000000,4.692
1749265234,4.67900000,485.24000000,4.692
1749265234,4.67800000,141.17000000,4.692
1749265234,4.67700000,1464.97000000,4.692
1749265234,4.67600000,1864.11000000,4.692
1749265234,4.67500000,3367.95000000,4.692
1749265234,4.67400000,268.54000000,4.692
1749265234,4.67300000,449.82000000,4.692
1749265234,4.67200000,1805.47000000,4.692
1749265234,4.67100000,257.93000000,4.692
1749265234,4.67000000,6515.76000000,4.692
1749265234,4.66900000,613.60000000,4.692
1749265234,4.66800000,91.38000000,4.692
1749265234,4.66700000,245.07000000,4.692
1749265234,4.66600000,25.89000000,4.692
1749265234,4.66500000,438.79000000,4.692
1749265234,4.66400000,84.89000000,4.692
1749265234,4.66300000,4873.60000000,4.692
1749265234,4.66200000,462.66000000,4.692
1749265234,4.66100000,245.84000000,4.692
1749265234,4.66000000,200.48000000,4.692
1749265234,4.65900000,223.46000000,4.692
1749265234,4.65800000,25.89000000,4.692
1749265234,4.65700000,223.46000000,4.692
1749265234,4.65600000,154.45000000,4.692
1749265234,4.65500000,223.46000000,4.692
1749265234,4.65400000,25.01000000,4.692
1749265234,4.65300000,25.88000000,4.692
1749265234,4.65200000,226.27000000,4.692
1749265234,4.65100000,21401.07000000,4.692
1749265234,4.65000000,27.37000000,4.692
1749265234,4.64900000,2.16000000,4.692
1749265234,4.64800000,4.97000000,4.692
1749265234,4.64700000,182.67000000,4.692
1749265234,4.64600000,3520.28000000,4.692
1749265234,4.64500000,2.16000000,4.692
1749265234,4.64400000,220.94000000,4.692
1749265234,4.64300000,22.58000000,4.692
1749265234,4.64200000,3.78000000,4.692
1749265234,4.64100000,2.16000000,4.692
1749265234,4.64000000,22.99000000,4.692
1749265234,4.63900000,2.16000000,4.692
1749265234,4.63800000,31.52000000,4.692
1749265234,4.63700000,24.74000000,4.692
1749265234,4.63600000,1028.51000000,4.692
1749265234,4.63500000,2.16000000,4.692
1749265234,4.63400000,5.61000000,4.692
1749265234,4.63300000,2.16000000,4.692
1749265234,4.63200000,5.38000000,4.692
1749265234,4.63100000,22.58000000,4.692
1749265234,4.63000000,5.87000000,4.692
1749265234,4.62900000,204.93000000,4.692
1749265234,4.62800000,9.23000000,4.692
1749265234,4.62700000,10.95000000,4.692
1749265234,4.62600000,3.80000000,4.692
1749265234,4.62500000,5.47000000,4.692
1749265234,4.62400000,23.11000000,4.692
1749265234,4.62300000,2.17000000,4.692
1749265234,4.62200000,3.80000000,4.692
1749265234,4.62100000,2.17000000,4.692
1749265234,4.62000000,7.59000000,4.692
1749265234,4.61900000,2.17000000,4.692
1749265234,4.61800000,3.80000000,4.692
1749265234,4.61700000,113.19000000,4.692
1749265234,4.61600000,3.46000000,4.692
1749265234,4.61500000,1016.64000000,4.692
1749265234,4.61400000,1.63000000,4.692
1749265234,4.61200000,1.63000000,4.692
1749265234,4.61100000,27.44000000,4.692
1749265234,4.61000000,16.31000000,4.692
1749265234,4.60900000,3.07000000,4.692
1749265234,4.60700000,2266.08000000,4.692
1749265234,4.60500000,66.62000000,4.692
1749265234,4.60400000,50265.98000000,4.692
1749265234,4.60200000,31.22000000,4.692
1749265234,4.60100000,6.89000000,4.692
1749265234,4.60000000,188.86000000,4.692
1749265234,4.59800000,1.18000000,4.692
1749265234,4.59500000,184.58000000,4.692
1749265234,4.59300000,74.96000000,4.692
1749265234,4.59200000,3.07000000,4.692
1749265234,4.59000000,98.05000000,4.692
1749265234,4.58900000,1030.46000000,4.692
1749265234,4.58800000,3.66000000,4.692
1749265234,4.58500000,2.18000000,4.692
1749265234,4.58300000,34.90000000,4.692
1749265234,4.58200000,1.46000000,4.692
1749265234,4.58100000,1.85000000,4.692
1749265536,4.69600000,629.44000000,4.697
1749265536,4.69500000,1505.80000000,4.697
1749265536,4.69400000,1865.29000000,4.697
1749265536,4.69300000,2522.29000000,4.697
1749265536,4.69200000,2505.58000000,4.697
1749265536,4.69100000,2434.88000000,4.697
1749265536,4.69000000,3155.44000000,4.697
1749265536,4.68900000,4101.42000000,4.697
1749265536,4.68800000,1583.33000000,4.697
1749265536,4.68700000,1569.33000000,4.697
1749265536,4.68600000,389.07000000,4.697
1749265536,4.68500000,1880.98000000,4.697
1749265536,4.68400000,141.17000000,4.697
1749265536,4.68300000,958.39000000,4.697
1749265536,4.68200000,2129.19000000,4.697
1749265536,4.68100000,3301.32000000,4.697
1749265536,4.68000000,152.80000000,4.697
1749265536,4.67900000,339.02000000,4.697
1749265536,4.67800000,270.88000000,4.697
1749265536,4.67700000,399.63000000,4.697
1749265536,4.67600000,235.31000000,4.697
1749265536,4.67500000,2965.38000000,4.697
1749265536,4.67400000,179.04000000,4.697
1749265536,4.67300000,269.48000000,4.697
1749265536,4.67200000,1690.98000000,4.697
1749265536,4.67100000,488.82000000,4.697
1749265536,4.67000000,3677.64000000,4.697
1749265536,4.66900000,472.97000000,4.697
1749265536,4.66800000,28.90000000,4.697
1749265536,4.66700000,504.06000000,4.697
1749265536,4.66600000,135.47000000,4.697
1749265536,4.66500000,350.83000000,4.697
1749265536,4.66400000,37.29000000,4.697
1749265536,4.66300000,4411.73000000,4.697
1749265536,4.66200000,176.80000000,4.697
1749265536,4.66100000,28.43000000,4.697
1749265536,4.66000000,70.90000000,4.697
1749265536,4.65900000,2.15000000,4.697
1749265536,4.65800000,3.76000000,4.697
1749265536,4.65700000,21269.50000000,4.697
1749265536,4.65600000,3.76000000,4.697
1749265536,4.65500000,2.15000000,4.697
1749265536,4.65400000,31.16000000,4.697
1749265536,4.65300000,3.75000000,4.697
1749265536,4.65200000,3.77000000,4.697
1749265536,4.65100000,69.96000000,4.697
1749265536,4.65000000,37.10000000,4.697
1749265536,4.64900000,2.16000000,4.697
1749265536,4.64800000,3.78000000,4.697
1749265536,4.64700000,55.30000000,4.697
1749265536,4.64600000,3520.28000000,4.697
1749265536,4.64500000,2.16000000,4.697
1749265536,4.64400000,220.94000000,4.697
1749265536,4.64300000,28.09000000,4.697
1749265536,4.64200000,3.78000000,4.697
1749265536,4.64100000,202.52000000,4.697
1749265536,4.64000000,22.99000000,4.697
1749265536,4.63900000,2.16000000,4.697
1749265536,4.63800000,31.52000000,4.697
1749265536,4.63700000,30.38000000,4.697
1749265536,4.63600000,1028.51000000,4.697
1749265536,4.63500000,2.16000000,4.697
1749265536,4.63400000,5.61000000,4.697
1749265536,4.63300000,2266.92000000,4.697
1749265536,4.63200000,5.38000000,4.697
1749265536,4.63100000,28.09000000,4.697
1749265536,4.63000000,119.62000000,4.697
1749265536,4.62900000,1015.74000000,4.697
1749265536,4.62800000,9.19000000,4.697
1749265536,4.62700000,10.91000000,4.697
1749265536,4.62600000,3.76000000,4.697
1749265536,4.62500000,5.43000000,4.697
1749265536,4.62400000,3.76000000,4.697
1749265536,4.62300000,3.88000000,4.697
1749265536,4.62200000,2.13000000,4.697
1749265536,4.62100000,2.13000000,4.697
1749265536,4.62000000,3.79000000,4.697
1749265536,4.61600000,1.83000000,4.697
1749265536,4.61100000,27.44000000,4.697
1749265536,4.61000000,49224.57000000,4.697
1749265536,4.60900000,3.07000000,4.697
1749265536,4.60700000,1.32000000,4.697
1749265536,4.60300000,1019.29000000,4.697
1749265536,4.60200000,27.00000000,4.697
1749265536,4.60100000,6.89000000,4.697
1749265536,4.60000000,191.27000000,4.697
1749265536,4.59800000,1.18000000,4.697
1749265536,4.59700000,105.71000000,4.697
1749265536,4.59600000,77.59000000,4.697
1749265536,4.59500000,2.34000000,4.697
1749265536,4.59200000,3.07000000,4.697
1749265536,4.59000000,98.05000000,4.697
1749265536,4.58900000,8.06000000,4.697
1749265536,4.58800000,3.66000000,4.697
1749265536,4.58500000,2.18000000,4.697
1749265536,4.58300000,28.36000000,4.697
1749265536,4.58200000,1.46000000,4.697
1749265536,4.58100000,1.85000000,4.697
1749265536,4.58000000,32.36000000,4.697
1749265536,4.57800000,1316.03000000,4.697
1749265837,4.70600000,1366.20000000,4.706
1749265837,4.70500000,1819.28000000,4.706
1749265837,4.70400000,1544.12000000,4.706
1749265837,4.70300000,2608.36000000,4.706
1749265837,4.70200000,2240.93000000,4.706
1749265837,4.70100000,1838.22000000,4.706
1749265837,4.70000000,2327.11000000,4.706
1749265837,4.69900000,2372.45000000,4.706
1749265837,4.69800000,3555.40000000,4.706
1749265837,4.69700000,1925.24000000,4.706
1749265837,4.69600000,1385.63000000,4.706
1749265837,4.69500000,949.36000000,4.706
1749265837,4.69400000,152.16000000,4.706
1749265837,4.69300000,1958.93000000,4.706
1749265837,4.69200000,353.85000000,4.706
1749265837,4.69100000,492.06000000,4.706
1749265837,4.69000000,1781.70000000,4.706
1749265837,4.68900000,3303.31000000,4.706
1749265837,4.68800000,1863.18000000,4.706
1749265837,4.68700000,448.21000000,4.706
1749265837,4.68600000,141.16000000,4.706
1749265837,4.68500000,3171.86000000,4.706
1749265837,4.68400000,174.04000000,4.706
1749265837,4.68300000,463.32000000,4.706
1749265837,4.68200000,3925.43000000,4.706
1749265837,4.68100000,335.95000000,4.706
1749265837,4.68000000,51.43000000,4.706
1749265837,4.67900000,250.89000000,4.706
1749265837,4.67800000,298.09000000,4.706
1749265837,4.67700000,287.13000000,4.706
1749265837,4.67600000,27.06000000,4.706
1749265837,4.67500000,1941.87000000,4.706
1749265837,4.67400000,179.04000000,4.706
1749265837,4.67300000,235.69000000,4.706
1749265837,4.67200000,4544.91000000,4.706
1749265837,4.67100000,488.82000000,4.706
1749265837,4.67000000,113.67000000,4.706
1749265837,4.66900000,472.97000000,4.706
1749265837,4.66800000,28.90000000,4.706
1749265837,4.66700000,446.36000000,4.706
1749265837,4.66600000,21425.52000000,4.706
1749265837,4.66500000,129.52000000,4.706
1749265837,4.66400000,4.94000000,4.706
1749265837,4.66300000,2.15000000,4.706
1749265837,4.66200000,176.80000000,4.706
1749265837,4.66100000,3491.37000000,4.706
1749265837,4.66000000,70.90000000,4.706
1749265837,4.65900000,2.15000000,4.706
1749265837,4.65800000,3.76000000,4.706
1749265837,4.65700000,2.15000000,4.706
1749265837,4.65600000,3.76000000,4.706
1749265837,4.65500000,7.86000000,4.706
1749265837,4.65400000,31.16000000,4.706
1749265837,4.65300000,3.75000000,4.706
1749265837,4.65200000,3.77000000,4.706
1749265837,4.65100000,69.96000000,4.706
1749265837,4.65000000,37.10000000,4.706
1749265837,4.64900000,2.16000000,4.706
1749265837,4.64800000,31.46000000,4.706
1749265837,4.64700000,59.30000000,4.706
1749265837,4.64600000,1071.92000000,4.706
1749265837,4.64500000,2.16000000,4.706
1749265837,4.64400000,220.94000000,4.706
1749265837,4.64300000,28.09000000,4.706
1749265837,4.64200000,3.78000000,4.706
1749265837,4.64100000,202.52000000,4.706
1749265837,4.64000000,22.99000000,4.706
1749265837,4.63900000,23.11000000,4.706
1749265837,4.63800000,3.78000000,4.706
1749265837,4.63700000,30.38000000,4.706
1749265837,4.63600000,16.47000000,4.706
1749265837,4.63500000,2.16000000,4.706
1749265837,4.63400000,5.61000000,4.706
1749265837,4.63300000,2266.92000000,4.706
1749265837,4.63200000,5.38000000,4.706
1749265837,4.63100000,2.16000000,4.706
1749265837,4.63000000,117.46000000,4.706
1749265837,4.62900000,1013.57000000,4.706
1749265837,4.62800000,14.67000000,4.706
1749265837,4.62700000,3.07000000,4.706
1749265837,4.62600000,1.63000000,4.706
1749265837,4.62500000,3.30000000,4.706
1749265837,4.62300000,1.75000000,4.706
1749265837,4.62000000,3.79000000,4.706
1749265837,4.61900000,48206.20000000,4.706
1749265837,4.61600000,7.20000000,4.706
1749265837,4.61100000,6.12000000,4.706
1749265837,4.61000000,16.31000000,4.706
1749265837,4.60900000,3.07000000,4.706
1749265837,4.60700000,108.99000000,4.706
1749265837,4.60300000,1019.29000000,4.706
1749265837,4.60200000,27.00000000,4.706
1749265837,4.60100000,1.46000000,4.706
1749265837,4.60000000,191.27000000,4.706
1749265837,4.59900000,86.04000000,4.706
1749265837,4.59800000,1.18000000,4.706
1749265837,4.59500000,2.34000000,4.706
1749265837,4.59200000,3.07000000,4.706
1749265837,4.59000000,98.05000000,4.706
1749265837,4.58900000,8.06000000,4.706
1749266139,4.72100000,400.56000000,4.721
1749266139,4.72000000,1475.80000000,4.721
1749266139,4.71900000,1634.55000000,4.721
1749266139,4.71800000,1378.90000000,4.721
1749266139,4.71700000,1487.32000000,4.721
1749266139,4.71600000,3603.50000000,4.721
1749266139,4.71500000,4438.83000000,4.721
1749266139,4.71400000,1004.69000000,4.721
1749266139,4.71300000,2134.18000000,4.721
1749266139,4.71200000,3366.96000000,4.721
1749266139,4.71100000,959.70000000,4.721
1749266139,4.71000000,613.96000000,4.721
1749266139,4.70900000,1326.95000000,4.721
1749266139,4.70800000,652.15000000,4.721
1749266139,4.70700000,518.49000000,4.721
1749266139,4.70600000,184.50000000,4.721
1749266139,4.70500000,461.02000000,4.721
1749266139,4.70400000,141.13000000,4.721
1749266139,4.70300000,4109.50000000,4.721
1749266139,4.70200000,141.13000000,4.721
1749266139,4.70100000,575.57000000,4.721
1749266139,4.70000000,1880.13000000,4.721
1749266139,4.69900000,335.94000000,4.721
1749266139,4.69800000,205.57000000,4.721
1749266139,4.69700000,435.33000000,4.721
1749266139,4.69600000,30.11000000,4.721
1749266139,4.69500000,6494.93000000,4.721
1749266139,4.69400000,158.47000000,4.721
1749266139,4.69300000,373.75000000,4.721
1749266139,4.69200000,207.68000000,4.721
1749266139,4.69100000,1900.50000000,4.721
1749266139,4.69000000,520.37000000,4.721
1749266139,4.68900000,223.45000000,4.721
1749266139,4.68800000,83.67000000,4.721
1749266139,4.68700000,223.45000000,4.721
1749266139,4.68600000,25.87000000,4.721
1749266139,4.68500000,225.26000000,4.721
1749266139,4.68400000,58.34000000,4.721
1749266139,4.68300000,615.50000000,4.721
1749266139,4.68200000,248.96000000,4.721
1749266139,4.68100000,25664.20000000,4.721
1749266139,4.68000000,28.52000000,4.721
1749266139,4.67900000,36.49000000,4.721
1749266139,4.67800000,4.93000000,4.721
1749266139,4.67700000,65.82000000,4.721
1749266139,4.67600000,108.89000000,4.721
1749266139,4.67500000,2.14000000,4.721
1749266139,4.67400000,162.40000000,4.721
1749266139,4.67300000,3.74000000,4.721
1749266139,4.67200000,3.76000000,4.721
1749266139,4.67100000,2.15000000,4.721
1749266139,4.67000000,95.54000000,4.721
1749266139,4.66900000,251.66000000,4.721
1749266139,4.66800000,5.59000000,4.721
1749266139,4.66700000,33.43000000,4.721
1749266139,4.66600000,3.76000000,4.721
1749266139,4.66500000,2.15000000,4.721
1749266139,4.66400000,1009.72000000,4.721
1749266139,4.66300000,2.15000000,4.721
1749266139,4.66200000,72.53000000,4.721
1749266139,4.66100000,3491.37000000,4.721
1749266139,4.66000000,5.86000000,4.721
1749266139,4.65900000,209.58000000,4.721
1749266139,4.65800000,31.38000000,4.721
1749266139,4.65700000,2.15000000,4.721
1749266139,4.65600000,3.76000000,4.721
1749266139,4.65500000,28.76000000,4.721
1749266139,4.65400000,36.51000000,4.721
1749266139,4.65300000,203.40000000,4.721
1749266139,4.65200000,3.77000000,4.721
1749266139,4.65100000,3.34000000,4.721
1749266139,4.65000000,11.31000000,4.721
1749266139,4.64900000,2.16000000,4.721
1749266139,4.64800000,70.40000000,4.721
1749266139,4.64700000,7.62000000,4.721
1749266139,4.64600000,62.06000000,4.721
1749266139,4.64500000,1010.08000000,4.721
1749266139,4.64400000,121.94000000,4.721
1749266139,4.64200000,4.55000000,4.721
1749266139,4.64000000,20.83000000,4.721
1749266139,4.63700000,2.16000000,4.721
1749266139,4.63600000,12.69000000,4.721
1749266139,4.63500000,31.99000000,4.721
1749266139,4.63400000,49842.47000000,4.721
1749266139,4.63300000,2264.76000000,4.721
1749266139,4.63200000,12.86000000,4.721
1749266139,4.63100000,5.35000000,4.721
1749266139,4.63000000,17.05000000,4.721
1749266139,4.62800000,13.05000000,4.721
1749266139,4.62700000,113.69000000,4.721
1749266139,4.62600000,1.62000000,4.721
1749266139,4.62500000,3.30000000,4.721
1749266139,4.62300000,1.75000000,4.721
1749266139,4.62000000,10.28000000,4.721
1749266139,4.61800000,1015.98000000,4.721
1749266139,4.61600000,1.83000000,4.721
1749266139,4.61300000,897.25000000,4.721
1749266139,4.61100000,6.12000000,4.721
1749266139,4.61000000,89.63000000,4.721
1749266139,4.60900000,3.07000000,4.721
1749266440,4.71400000,734.52000000,4.714
1749266440,4.71300000,1053.15000000,4.714
1749266440,4.71200000,1015.27000000,4.714
1749266440,4.71100000,2373.74000000,4.714
1749266440,4.71000000,1903.52000000,4.714
1749266440,4.70900000,4596.30000000,4.714
1749266440,4.70800000,3459.49000000,4.714
1749266440,4.70700000,2815.30000000,4.714
1749266440,4.70600000,1069.87000000,4.714
1749266440,4.70500000,1953.07000000,4.714
1749266440,4.70400000,499.70000000,4.714
1749266440,4.70300000,735.45000000,4.714
1749266440,4.70200000,2839.88000000,4.714
1749266440,4.70100000,3719.31000000,4.714
1749266440,4.70000000,200.52000000,4.714
1749266440,4.69900000,446.60000000,4.714
1749266440,4.69800000,170.96000000,4.714
1749266440,4.69700000,335.94000000,4.714
1749266440,4.69600000,2991.52000000,4.714
1749266440,4.69500000,3912.83000000,4.714
1749266440,4.69400000,272.21000000,4.714
1749266440,4.69300000,335.95000000,4.714
1749266440,4.69200000,188.72000000,4.714
1749266440,4.69100000,255.43000000,4.714
1749266440,4.69000000,4435.45000000,4.714
1749266440,4.68900000,225.59000000,4.714
1749266440,4.68800000,70.34000000,4.714
1749266440,4.68700000,280.99000000,4.714
1749266440,4.68600000,1943.64000000,4.714
1749266440,4.68500000,225.26000000,4.714
1749266440,4.68400000,145.16000000,4.714
1749266440,4.68300000,140.10000000,4.714
1749266440,4.68200000,226.83000000,4.714
1749266440,4.68100000,2.14000000,4.714
1749266440,4.68000000,6.39000000,4.714
1749266440,4.67900000,36.49000000,4.714
1749266440,4.67800000,4.93000000,4.714
1749266440,4.67700000,65.82000000,4.714
1749266440,4.67600000,3567.11000000,4.714
1749266440,4.67500000,21377.05000000,4.714
1749266440,4.67400000,35.03000000,4.714
1749266440,4.67300000,3.74000000,4.714
1749266440,4.67200000,3.76000000,4.714
1749266440,4.67100000,2.15000000,4.714
1749266440,4.67000000,95.54000000,4.714
1749266440,4.66900000,251.66000000,4.714
1749266440,4.66800000,33.15000000,4.714
1749266440,4.66700000,33.43000000,4.714
1749266440,4.66600000,3.76000000,4.714
1749266440,4.66500000,2.15000000,4.714
1749266440,4.66400000,1009.72000000,4.714
1749266440,4.66300000,2.15000000,4.714
1749266440,4.66200000,72.53000000,4.714
1749266440,4.66100000,33.15000000,4.714
1749266440,4.66000000,6.95000000,4.714
1749266440,4.65900000,209.58000000,4.714
1749266440,4.65800000,3.76000000,4.714
1749266440,4.65700000,111.14000000,4.714
1749266440,4.65600000,3.76000000,4.714
1749266440,4.65500000,28.76000000,4.714
1749266440,4.65400000,36.51000000,4.714
1749266440,4.65300000,205.87000000,4.714
1749266440,4.65200000,3.77000000,4.714
1749266440,4.65100000,3.34000000,4.714
1749266440,4.65000000,1020.26000000,4.714
1749266440,4.64900000,2.12000000,4.714
1749266440,4.64800000,70.36000000,4.714
1749266440,4.64700000,7.58000000,4.714
1749266440,4.64600000,62.02000000,4.714
1749266440,4.64500000,2.12000000,4.714
1749266440,4.64400000,11.21000000,4.714
1749266440,4.64300000,2.12000000,4.714
1749266440,4.64200000,5.05000000,4.714
1749266440,4.64100000,2.12000000,4.714
1749266440,4.64000000,21.34000000,4.714
1749266440,4.63900000,2.13000000,4.714
1749266440,4.63700000,2.16000000,4.714
1749266440,4.63600000,12.69000000,4.714
1749266440,4.63400000,6.17000000,4.714
1749266440,4.63300000,2264.76000000,4.714
1749266440,4.63200000,1.60000000,4.714
1749266440,4.63100000,5.35000000,4.714
1749266440,4.63000000,17.05000000,4.714
1749266440,4.62900000,33.65000000,4.714
1749266440,4.62800000,49507.09000000,4.714
1749266440,4.62700000,3.07000000,4.714
1749266440,4.62600000,1.62000000,4.714
1749266440,4.62500000,3.30000000,4.714
1749266440,4.62300000,1.75000000,4.714
1749266440,4.62200000,106.62000000,4.714
1749266440,4.62000000,10.28000000,4.714
1749266440,4.61800000,1015.98000000,4.714
1749266440,4.61600000,1.83000000,4.714
1749266440,4.61300000,897.25000000,4.714
1749266440,4.61100000,6.12000000,4.714
1749266440,4.61000000,89.63000000,4.714
1749266440,4.60900000,3.07000000,4.714
1749266440,4.60700000,1.32000000,4.714
1749266440,4.60200000,20.49000000,4.714
1749266440,4.60100000,1.46000000,4.714
1749266742,4.72800000,1068.50000000,4.729
1749266742,4.72700000,2058.87000000,4.729
1749266742,4.72600000,1782.13000000,4.729
1749266742,4.72500000,1750.47000000,4.729
1749266742,4.72400000,1478.80000000,4.729
1749266742,4.72300000,3528.71000000,4.729
1749266742,4.72200000,2665.49000000,4.729
1749266742,4.72100000,1076.65000000,4.729
1749266742,4.72000000,1025.23000000,4.729
1749266742,4.71900000,4010.38000000,4.729
1749266742,4.71800000,792.60000000,4.729
1749266742,4.71700000,1233.53000000,4.729
1749266742,4.71600000,539.02000000,4.729
1749266742,4.71500000,566.08000000,4.729
1749266742,4.71400000,1018.97000000,4.729
1749266742,4.71300000,491.58000000,4.729
1749266742,4.71200000,141.13000000,4.729
1749266742,4.71100000,448.20000000,4.729
1749266742,4.71000000,3127.30000000,4.729
1749266742,4.70900000,335.94000000,4.729
1749266742,4.70800000,496.09000000,4.729
1749266742,4.70700000,256.23000000,4.729
1749266742,4.70600000,2285.56000000,4.729
1749266742,4.70500000,257.85000000,4.729
1749266742,4.70400000,85.71000000,4.729
1749266742,4.70300000,223.44000000,4.729
1749266742,4.70200000,156.65000000,4.729
1749266742,4.70100000,6622.30000000,4.729
1749266742,4.70000000,27.04000000,4.729
1749266742,4.69900000,1911.25000000,4.729
1749266742,4.69800000,321.12000000,4.729
1749266742,4.69700000,389.31000000,4.729
1749266742,4.69600000,30.11000000,4.729
1749266742,4.69500000,223.44000000,4.729
1749266742,4.69400000,27.47000000,4.729
1749266742,4.69300000,223.45000000,4.729
1749266742,4.69200000,154.42000000,4.729
1749266742,4.69100000,255.43000000,4.729
1749266742,4.69000000,4435.45000000,4.729
1749266742,4.68900000,4.28000000,4.729
1749266742,4.68800000,4.01000000,4.729
1749266742,4.68700000,21201.24000000,4.729
1749266742,4.68600000,3.74000000,4.729
1749266742,4.68500000,3.95000000,4.729
1749266742,4.68400000,41.86000000,4.729
1749266742,4.68300000,131.40000000,4.729
1749266742,4.68200000,226.83000000,4.729
1749266742,4.68100000,2.14000000,4.729
1749266742,4.68000000,5.21000000,4.729
1749266742,4.67900000,36.49000000,4.729
1749266742,4.67800000,4.93000000,4.729
1749266742,4.67700000,77.04000000,4.729
1749266742,4.67600000,3565.93000000,4.729
1749266742,4.67500000,2.14000000,4.729
1749266742,4.67400000,35.03000000,4.729
1749266742,4.67300000,7.53000000,4.729
1749266742,4.67200000,1008.00000000,4.729
1749266742,4.67100000,2.15000000,4.729
1749266742,4.67000000,95.54000000,4.729
1749266742,4.66900000,251.66000000,4.729
1749266742,4.66800000,33.15000000,4.729
1749266742,4.66700000,33.43000000,4.729
1749266742,4.66600000,203.18000000,4.729
1749266742,4.66500000,2.15000000,4.729
1749266742,4.66400000,3.76000000,4.729
1749266742,4.66300000,2.15000000,4.729
1749266742,4.66200000,72.53000000,4.729
1749266742,4.66100000,33.15000000,4.729
1749266742,4.66000000,1013.78000000,4.729
1749266742,4.65900000,209.58000000,4.729
1749266742,4.65800000,3.76000000,4.729
1749266742,4.65700000,111.14000000,4.729
1749266742,4.65600000,3.76000000,4.729
1749266742,4.65500000,23.05000000,4.729
1749266742,4.65400000,5.20000000,4.729
1749266742,4.65300000,3.72000000,4.729
1749266742,4.65200000,1.62000000,4.729
1749266742,4.65100000,1.18000000,4.729
1749266742,4.65000000,9.15000000,4.729
1749266742,4.64800000,66.62000000,4.729
1749266742,4.64700000,5.46000000,4.729
1749266742,4.64600000,58.28000000,4.729
1749266742,4.64400000,39.38000000,4.729
1749266742,4.64200000,2.93000000,4.729
1749266742,4.64000000,48601.44000000,4.729
1749266742,4.63700000,2.16000000,4.729
1749266742,4.63600000,12.69000000,4.729
1749266742,4.63400000,6.17000000,4.729
1749266742,4.63300000,2264.76000000,4.729
1749266742,4.63200000,1.60000000,4.729
1749266742,4.63100000,5.35000000,4.729
1749266742,4.63000000,17.05000000,4.729
1749266742,4.62800000,13.05000000,4.729
1749266742,4.62700000,112.25000000,4.729
1749266742,4.62600000,1.62000000,4.729
1749266742,4.62500000,3.30000000,4.729
1749266742,4.62300000,1.75000000,4.729
1749266742,4.62000000,10.28000000,4.729
1749266742,4.61800000,1015.98000000,4.729
1749266742,4.61600000,1.83000000,4.729
1749267043,4.72100000,227.08000000,4.721
1749267043,4.72000000,1204.44000000,4.721
1749267043,4.71900000,2020.72000000,4.721
1749267043,4.71800000,1583.46000000,4.721
1749267043,4.71700000,3357.72000000,4.721
1749267043,4.71600000,4640.58000000,4.721
1749267043,4.71500000,2194.24000000,4.721
1749267043,4.71400000,1824.31000000,4.721
1749267043,4.71300000,2366.68000000,4.721
1749267043,4.71200000,2272.89000000,4.721
1749267043,4.71100000,1244.62000000,4.721
1749267043,4.71000000,1025.43000000,4.721
1749267043,4.70900000,335.94000000,4.721
1749267043,4.70800000,250.19000000,4.721
1749267043,4.70700000,3087.93000000,4.721
1749267043,4.70600000,139.53000000,4.721
1749267043,4.70500000,348.75000000,4.721
1749267043,4.70400000,3014.87000000,4.721
1749267043,4.70300000,335.94000000,4.721
1749267043,4.70200000,270.32000000,4.721
1749267043,4.70100000,3914.78000000,4.721
1749267043,4.70000000,93.66000000,4.721
1749267043,4.69900000,4667.38000000,4.721
1749267043,4.69800000,321.12000000,4.721
1749267043,4.69700000,223.44000000,4.721
1749267043,4.69600000,30.11000000,4.721
1749267043,4.69500000,223.44000000,4.721
1749267043,4.69400000,1718.60000000,4.721
1749267043,4.69300000,223.45000000,4.721
1749267043,4.69200000,211.90000000,4.721
1749267043,4.69100000,365.51000000,4.721
1749267043,4.69000000,25.87000000,4.721
1749267043,4.68900000,4.28000000,4.721
1749267043,4.68800000,4.01000000,4.721
1749267043,4.68700000,2.14000000,4.721
1749267043,4.68600000,3.74000000,4.721
1749267043,4.68500000,3.95000000,4.721
1749267043,4.68400000,41.86000000,4.721
1749267043,4.68300000,131.40000000,4.721
1749267043,4.68200000,226.83000000,4.721
1749267043,4.68100000,20364.50000000,4.721
1749267043,4.68000000,5.21000000,4.721
1749267043,4.67900000,36.49000000,4.721
1749267043,4.67800000,32.44000000,4.721
1749267043,4.67700000,77.04000000,4.721
1749267043,4.67600000,3565.93000000,4.721
1749267043,4.67500000,2.14000000,4.721
1749267043,4.67400000,35.03000000,4.721
1749267043,4.67300000,7.53000000,4.721
1749267043,4.67200000,1008.00000000,4.721
1749267043,4.67100000,2.15000000,4.721
1749267043,4.67000000,95.54000000,4.721
1749267043,4.66900000,251.66000000,4.721
1749267043,4.66800000,69.85000000,4.721
1749267043,4.66700000,33.43000000,4.721
1749267043,4.66600000,203.18000000,4.721
1749267043,4.66500000,2.15000000,4.721
1749267043,4.66400000,3.76000000,4.721
1749267043,4.66300000,2.15000000,4.721
1749267043,4.66200000,5.91000000,4.721
1749267043,4.66100000,33.15000000,4.721
1749267043,4.66000000,1013.78000000,4.721
1749267043,4.65900000,2474.34000000,4.721
1749267043,4.65800000,3.76000000,4.721
1749267043,4.65700000,111.14000000,4.721
1749267043,4.65600000,3.76000000,4.721
1749267043,4.65500000,23.05000000,4.721
1749267043,4.65400000,5.20000000,4.721
1749267043,4.65300000,3.72000000,4.721
1749267043,4.65200000,3.74000000,4.721
1749267043,4.65100000,3.30000000,4.721
1749267043,4.65000000,11.27000000,4.721
1749267043,4.64900000,2.12000000,4.721
1749267043,4.64800000,68.74000000,4.721
1749267043,4.64700000,7.58000000,4.721
1749267043,4.64600000,60.40000000,4.721
1749267043,4.64400000,9.09000000,4.721
1749267043,4.64200000,2.93000000,4.721
1749267043,4.64000000,19.21000000,4.721
1749267043,4.63800000,30.32000000,4.721
1749267043,4.63700000,2.16000000,4.721
1749267043,4.63600000,12.69000000,4.721
1749267043,4.63400000,48126.05000000,4.721
1749267043,4.63200000,1.60000000,4.721
1749267043,4.63100000,5.35000000,4.721
1749267043,4.63000000,17.05000000,4.721
1749267043,4.62800000,13.05000000,4.721
1749267043,4.62700000,112.25000000,4.721
1749267043,4.62600000,66.47000000,4.721
1749267043,4.62500000,3.30000000,4.721
1749267043,4.62300000,1.75000000,4.721
1749267043,4.62000000,10.28000000,4.721
1749267043,4.61800000,1015.98000000,4.721
1749267043,4.61600000,1.83000000,4.721
1749267043,4.61300000,984.09000000,4.721
1749267043,4.61100000,6.12000000,4.721
1749267043,4.61000000,16.31000000,4.721
1749267043,4.60900000,3.07000000,4.721
1749267043,4.60700000,1.32000000,4.721
1749267043,4.60200000,20.49000000,4.721
1749267345,4.72400000,1320.24000000,4.724
1749267345,4.72300000,1577.99000000,4.724
1749267345,4.72200000,1051.21000000,4.724
1749267345,4.72100000,3244.33000000,4.724
1749267345,4.72000000,2397.65000000,4.724
1749267345,4.71900000,1390.22000000,4.724
1749267345,4.71800000,1896.03000000,4.724
1749267345,4.71700000,1900.38000000,4.724
1749267345,4.71600000,1809.70000000,4.724
1749267345,4.71500000,2596.30000000,4.724
1749267345,4.71400000,540.16000000,4.724
1749267345,4.71300000,799.04000000,4.724
1749267345,4.71200000,947.97000000,4.724
1749267345,4.71100000,2720.59000000,4.724
1749267345,4.71000000,1258.07000000,4.724
1749267345,4.70900000,337.53000000,4.724
1749267345,4.70800000,251.78000000,4.724
1749267345,4.70700000,6144.89000000,4.724
1749267345,4.70600000,141.12000000,4.724
1749267345,4.70500000,348.75000000,4.724
1749267345,4.70400000,169.70000000,4.724
1749267345,4.70300000,223.44000000,4.724
1749267345,4.70200000,172.12000000,4.724
1749267345,4.70100000,3914.78000000,4.724
1749267345,4.70000000,27.04000000,4.724
1749267345,4.69900000,4633.02000000,4.724
1749267345,4.69800000,57.28000000,4.724
1749267345,4.69700000,234.02000000,4.724
1749267345,4.69600000,87.54000000,4.724
1749267345,4.69500000,223.44000000,4.724
1749267345,4.69400000,202.15000000,4.724
1749267345,4.69300000,487.57000000,4.724
1749267345,4.69200000,1803.22000000,4.724
1749267345,4.69100000,365.51000000,4.724
1749267345,4.69000000,25.87000000,4.724
1749267345,4.68900000,4.28000000,4.724
1749267345,4.68800000,4.01000000,4.724
1749267345,4.68700000,2.14000000,4.724
1749267345,4.68600000,3.74000000,4.724
1749267345,4.68500000,3.95000000,4.724
1749267345,4.68400000,20900.65000000,4.724
1749267345,4.68300000,131.40000000,4.724
1749267345,4.68200000,226.83000000,4.724
1749267345,4.68100000,2.14000000,4.724
1749267345,4.68000000,6.39000000,4.724
1749267345,4.67900000,36.49000000,4.724
1749267345,4.67800000,4.93000000,4.724
1749267345,4.67700000,65.82000000,4.724
1749267345,4.67600000,3565.93000000,4.724
1749267345,4.67500000,2.14000000,4.724
1749267345,4.67400000,35.03000000,4.724
1749267345,4.67300000,7.53000000,4.724
1749267345,4.67200000,3.76000000,4.724
1749267345,4.67100000,2.15000000,4.724
1749267345,4.67000000,95.54000000,4.724
1749267345,4.66900000,279.22000000,4.724
1749267345,4.66800000,69.85000000,4.724
1749267345,4.66700000,33.43000000,4.724
1749267345,4.66600000,203.18000000,4.724
1749267345,4.66500000,2.15000000,4.724
1749267345,4.66400000,3.76000000,4.724
1749267345,4.66300000,2.15000000,4.724
1749267345,4.66200000,5.91000000,4.724
1749267345,4.66100000,33.15000000,4.724
1749267345,4.66000000,1013.78000000,4.724
1749267345,4.65900000,2474.34000000,4.724
1749267345,4.65800000,3.76000000,4.724
1749267345,4.65700000,177.76000000,4.724
1749267345,4.65600000,3.76000000,4.724
1749267345,4.65500000,23.05000000,4.724
1749267345,4.65400000,5.20000000,4.724
1749267345,4.65300000,3.72000000,4.724
1749267345,4.65200000,3.74000000,4.724
1749267345,4.65100000,3.30000000,4.724
1749267345,4.65000000,11.27000000,4.724
1749267345,4.64900000,1011.33000000,4.724
1749267345,4.64700000,5.46000000,4.724
1749267345,4.64600000,58.28000000,4.724
1749267345,4.64400000,9.09000000,4.724
1749267345,4.64200000,2.93000000,4.724
1749267345,4.64000000,19.21000000,4.724
1749267345,4.63800000,30.32000000,4.724
1749267345,4.63700000,50069.28000000,4.724
1749267345,4.63600000,12.69000000,4.724
1749267345,4.63400000,72.79000000,4.724
1749267345,4.63200000,1.60000000,4.724
1749267345,4.63100000,5.35000000,4.724
1749267345,4.63000000,17.05000000,4.724
1749267345,4.62800000,13.05000000,4.724
1749267345,4.62700000,3.07000000,4.724
1749267345,4.62600000,66.47000000,4.724
1749267345,4.62500000,3.30000000,4.724
1749267345,4.62400000,110.62000000,4.724
1749267345,4.62300000,1.75000000,4.724
1749267345,4.62000000,10.28000000,4.724
1749267345,4.61800000,1015.98000000,4.724
1749267345,4.61600000,1.83000000,4.724
1749267345,4.61300000,984.09000000,4.724
1749267345,4.61100000,6.12000000,4.724
1749267345,4.61000000,16.31000000,4.724
1749267646,4.73400000,766.13000000,4.734
1749267646,4.73300000,1435.26000000,4.734
1749267646,4.73200000,1433.58000000,4.734
1749267646,4.73100000,2429.88000000,4.734
1749267646,4.73000000,1141.56000000,4.734
1749267646,4.72900000,3305.43000000,4.734
1749267646,4.72800000,918.89000000,4.734
1749267646,4.72700000,1793.07000000,4.734
1749267646,4.72600000,1876.06000000,4.734
1749267646,4.72500000,2038.76000000,4.734
1749267646,4.72400000,389.01000000,4.734
1749267646,4.72300000,1384.70000000,4.734
1749267646,4.72200000,1072.26000000,4.734
1749267646,4.72100000,878.18000000,4.734
1749267646,4.72000000,151.91000000,4.734
1749267646,4.71900000,575.55000000,4.734
1749267646,4.71800000,141.10000000,4.734
1749267646,4.71700000,3329.14000000,4.734
1749267646,4.71600000,141.10000000,4.734
1749267646,4.71500000,335.70000000,4.734
1749267646,4.71400000,32.82000000,4.734
1749267646,4.71300000,334.10000000,4.734
1749267646,4.71200000,833.87000000,4.734
1749267646,4.71100000,1980.88000000,4.734
1749267646,4.71000000,418.56000000,4.734
1749267646,4.70900000,223.44000000,4.734
1749267646,4.70800000,56.48000000,4.734
1749267646,4.70700000,3144.88000000,4.734
1749267646,4.70600000,289.25000000,4.734
1749267646,4.70500000,224.62000000,4.734
1749267646,4.70400000,168.86000000,4.734
1749267646,4.70300000,2031.02000000,4.734
1749267646,4.70200000,25.86000000,4.734
1749267646,4.70100000,3914.78000000,4.734
1749267646,4.70000000,37.63000000,4.734
1749267646,4.69900000,4633.02000000,4.734
1749267646,4.69800000,57.28000000,4.734
1749267646,4.69700000,223.44000000,4.734
1749267646,4.69600000,32.20000000,4.734
1749267646,4.69500000,223.44000000,4.734
1749267646,4.69400000,27.47000000,4.734
1749267646,4.69300000,20590.79000000,4.734
1749267646,4.69200000,133.64000000,4.734
1749267646,4.69100000,34.12000000,4.734
1749267646,4.69000000,3.74000000,4.734
1749267646,4.68900000,4.28000000,4.734
1749267646,4.68800000,4.01000000,4.734
1749267646,4.68700000,2.14000000,4.734
1749267646,4.68600000,3.74000000,4.734
1749267646,4.68500000,3.95000000,4.734
1749267646,4.68400000,40.68000000,4.734
1749267646,4.68300000,4.03000000,4.734
1749267646,4.68200000,226.83000000,4.734
1749267646,4.68100000,2.14000000,4.734
1749267646,4.68000000,5.21000000,4.734
1749267646,4.67900000,63.99000000,4.734
1749267646,4.67800000,4.93000000,4.734
1749267646,4.67700000,65.82000000,4.734
1749267646,4.67600000,3565.93000000,4.734
1749267646,4.67500000,2.14000000,4.734
1749267646,4.67400000,35.03000000,4.734
1749267646,4.67300000,7.53000000,4.734
1749267646,4.67200000,3.76000000,4.734
1749267646,4.67100000,2.15000000,4.734
1749267646,4.67000000,1100.21000000,4.734
1749267646,4.66900000,251.66000000,4.734
1749267646,4.66800000,69.85000000,4.734
1749267646,4.66700000,33.43000000,4.734
1749267646,4.66600000,203.18000000,4.734
1749267646,4.66500000,2.15000000,4.734
1749267646,4.66400000,3.76000000,4.734
1749267646,4.66300000,2.15000000,4.734
1749267646,4.66200000,5.91000000,4.734
1749267646,4.66100000,1011.83000000,4.734
1749267646,4.66000000,6.95000000,4.734
1749267646,4.65900000,2474.34000000,4.734
1749267646,4.65800000,1.61000000,4.734
1749267646,4.65700000,108.99000000,4.734
1749267646,4.65600000,1.61000000,4.734
1749267646,4.65500000,20.90000000,4.734
1749267646,4.65400000,3.08000000,4.734
1749267646,4.65300000,1.60000000,4.734
1749267646,4.65100000,1.18000000,4.734
1749267646,4.65000000,7.53000000,4.734
1749267646,4.64700000,5.46000000,4.734
1749267646,4.64600000,49479.28000000,4.734
1749267646,4.64400000,9.09000000,4.734
1749267646,4.64200000,2.93000000,4.734
1749267646,4.64000000,19.21000000,4.734
1749267646,4.63900000,6.46000000,4.734
1749267646,4.63800000,30.28000000,4.734
1749267646,4.63700000,2.16000000,4.734
1749267646,4.63600000,118.46000000,4.734
1749267646,4.63400000,72.79000000,4.734
1749267646,4.63200000,1.60000000,4.734
1749267646,4.63100000,5.35000000,4.734
1749267646,4.63000000,17.05000000,4.734
1749267646,4.62800000,1026.84000000,4.734
1749267646,4.62700000,3.07000000,4.734
1749267646,4.62600000,66.47000000,4.734
1749267948,4.73400000,1678.49000000,4.735
1749267948,4.73300000,1939.49000000,4.735
1749267948,4.73200000,3099.00000000,4.735
1749267948,4.73100000,2013.66000000,4.735
1749267948,4.73000000,1704.71000000,4.735
1749267948,4.72900000,1310.03000000,4.735
1749267948,4.72800000,2652.53000000,4.735
1749267948,4.72700000,4166.19000000,4.735
1749267948,4.72600000,1378.79000000,4.735
1749267948,4.72500000,1738.78000000,4.735
1749267948,4.72400000,399.94000000,4.735
1749267948,4.72300000,460.35000000,4.735
1749267948,4.72200000,678.54000000,4.735
1749267948,4.72100000,2167.00000000,4.735
1749267948,4.72000000,184.60000000,4.735
1749267948,4.71900000,575.55000000,4.735
1749267948,4.71800000,2977.52000000,4.735
1749267948,4.71700000,3054.27000000,4.735
1749267948,4.71600000,139.51000000,4.735
1749267948,4.71500000,337.54000000,4.735
1749267948,4.71400000,3629.21000000,4.735
1749267948,4.71300000,223.44000000,4.735
1749267948,4.71200000,61.54000000,4.735
1749267948,4.71100000,223.44000000,4.735
