timestamp,price,volume,current_price
1749254491,4.61200000,442.31000000,4.613
1749254491,4.61100000,1371.51000000,4.613
1749254491,4.61000000,1861.68000000,4.613
1749254491,4.60900000,1793.56000000,4.613
1749254491,4.60800000,2922.69000000,4.613
1749254491,4.60700000,2986.01000000,4.613
1749254491,4.60600000,2439.37000000,4.613
1749254491,4.60500000,2503.60000000,4.613
1749254491,4.60400000,4209.68000000,4.613
1749254491,4.60300000,1089.09000000,4.613
1749254491,4.60200000,940.08000000,4.613
1749254491,4.60100000,1850.89000000,4.613
1749254491,4.60000000,1254.66000000,4.613
1749254491,4.59900000,3909.32000000,4.613
1749254491,4.59800000,592.33000000,4.613
1749254491,4.59700000,288.53000000,4.613
1749254491,4.59600000,345.55000000,4.613
1749254491,4.59500000,3048.68000000,4.613
1749254491,4.59400000,1948.11000000,4.613
1749254491,4.59300000,29.71000000,4.613
1749254491,4.59200000,3904.84000000,4.613
1749254491,4.59100000,191.74000000,4.613
1749254491,4.59000000,297.31000000,4.613
1749254491,4.58900000,4392.21000000,4.613
1749254491,4.58800000,286.42000000,4.613
1749254491,4.58700000,29.70000000,4.613
1749254491,4.58600000,489.88000000,4.613
1749254491,4.58500000,26.47000000,4.613
1749254491,4.58400000,275.94000000,4.613
1749254491,4.58300000,30.52000000,4.613
1749254491,4.58200000,80.16000000,4.613
1749254491,4.58100000,118.07000000,4.613
1749254491,4.58000000,38.53000000,4.613
1749254491,4.57900000,3456.50000000,4.613
1749254491,4.57800000,1393.90000000,4.613
1749254491,4.57700000,5.09000000,4.613
1749254491,4.57600000,5.00000000,4.613
1749254491,4.57500000,347.44000000,4.613
1749254491,4.57400000,215.29000000,4.613
1749254491,4.57300000,2.16000000,4.613
1749254491,4.57200000,60.19000000,4.613
1749254491,4.57100000,7.37000000,4.613
1749254491,4.57000000,13.42000000,4.613
1749254491,4.56900000,30.32000000,4.613
1749254491,4.56800000,3.79000000,4.613
1749254491,4.56700000,110.81000000,4.613
1749254491,4.56600000,5.62000000,4.613
1749254491,4.56500000,2.16000000,4.613
1749254491,4.56400000,3.79000000,4.613
1749254491,4.56300000,165.50000000,4.613
1749254491,4.56200000,2.16000000,4.613
1749254491,4.56100000,2.16000000,4.613
1749254491,4.56000000,39.83000000,4.613
1749254491,4.55900000,2.16000000,4.613
1749254491,4.55800000,5.23000000,4.613
1749254491,4.55700000,2.16000000,4.613
1749254491,4.55600000,2.16000000,4.613
1749254491,4.55500000,44.05000000,4.613
1749254491,4.55400000,2227.12000000,4.613
1749254491,4.55300000,175.89000000,4.613
1749254491,4.55200000,2.17000000,4.613
1749254491,4.55100000,201.34000000,4.613
1749254491,4.55000000,774.45000000,4.613
1749254491,4.54900000,126.33000000,4.613
1749254491,4.54800000,3.92000000,4.613
1749254491,4.54700000,4.03000000,4.613
1749254491,4.54600000,2.17000000,4.613
1749254491,4.54500000,2.17000000,4.613
1749254491,4.54400000,114.25000000,4.613
1749254491,4.54300000,4.11000000,4.613
1749254491,4.54200000,2.17000000,4.613
1749254491,4.54100000,22.06000000,4.613
1749254491,4.54000000,2.17000000,4.613
1749254491,4.53900000,2.17000000,4.613
1749254491,4.53800000,2.17000000,4.613
1749254491,4.53700000,2.17000000,4.613
1749254491,4.53400000,1122.12000000,4.613
1749254491,4.53300000,1.83000000,4.613
1749254491,4.53200000,4.00000000,4.613
1749254491,4.53100000,26.00000000,4.613
1749254491,4.53000000,53.65000000,4.613
1749254491,4.52900000,1.98000000,4.613
1749254491,4.52800000,1.60000000,4.613
1749254491,4.52600000,114.85000000,4.613
1749254491,4.52500000,5060.79000000,4.613
1749254491,4.52400000,3.07000000,4.613
1749254491,4.52300000,1.32000000,4.613
1749254491,4.52200000,1.46000000,4.613
1749254491,4.52000000,254.38000000,4.613
1749254491,4.51900000,892.29000000,4.613
1749254491,4.51700000,2.64000000,4.613
1749254491,4.51600000,1.12000000,4.613
1749254491,4.51500000,4.08000000,4.613
1749254491,4.51300000,2.93000000,4.613
1749254491,4.51200000,24.08000000,4.613
1749254491,4.51000000,7.19000000,4.613
1749254491,4.50900000,114.85000000,4.613
1749254491,4.50800000,44.36000000,4.613
1749254491,4.50700000,4.67000000,4.613
1749254491,4.50500000,8.88000000,4.613
1749254798,4.61500000,275.95000000,4.616
1749254798,4.61400000,1672.17000000,4.616
1749254798,4.61300000,2029.25000000,4.616
1749254798,4.61200000,2012.31000000,4.616
1749254798,4.61100000,2514.17000000,4.616
1749254798,4.61000000,3622.54000000,4.616
1749254798,4.60900000,1320.30000000,4.616
1749254798,4.60800000,4163.38000000,4.616
1749254798,4.60700000,3428.16000000,4.616
1749254798,4.60600000,3025.96000000,4.616
1749254798,4.60500000,2683.94000000,4.616
1749254798,4.60400000,1456.50000000,4.616
1749254798,4.60300000,149.51000000,4.616
1749254798,4.60200000,495.32000000,4.616
1749254798,4.60100000,1978.26000000,4.616
1749254798,4.60000000,704.67000000,4.616
1749254798,4.59900000,2994.95000000,4.616
1749254798,4.59800000,5079.14000000,4.616
1749254798,4.59700000,243.07000000,4.616
1749254798,4.59600000,227.63000000,4.616
1749254798,4.59500000,24.29000000,4.616
1749254798,4.59400000,259.37000000,4.616
1749254798,4.59300000,90.91000000,4.616
1749254798,4.59200000,3861.68000000,4.616
1749254798,4.59100000,157.56000000,4.616
1749254798,4.59000000,248.49000000,4.616
1749254798,4.58900000,4719.10000000,4.616
1749254798,4.58800000,227.63000000,4.616
1749254798,4.58700000,155.03000000,4.616
1749254798,4.58600000,289.93000000,4.616
1749254798,4.58500000,26.47000000,4.616
1749254798,4.58400000,226.30000000,4.616
1749254798,4.58300000,30.52000000,4.616
1749254798,4.58200000,80.16000000,4.616
1749254798,4.58100000,4.01000000,4.616
1749254798,4.58000000,38.53000000,4.616
1749254798,4.57900000,3456.50000000,4.616
1749254798,4.57800000,1321.14000000,4.616
1749254798,4.57700000,5.09000000,4.616
1749254798,4.57600000,21709.42000000,4.616
1749254798,4.57500000,76.53000000,4.616
1749254798,4.57400000,3.79000000,4.616
1749254798,4.57300000,2.16000000,4.616
1749254798,4.57200000,60.19000000,4.616
1749254798,4.57100000,7.37000000,4.616
1749254798,4.57000000,13.42000000,4.616
1749254798,4.56900000,36.09000000,4.616
1749254798,4.56800000,3.79000000,4.616
1749254798,4.56700000,2.16000000,4.616
1749254798,4.56600000,5.62000000,4.616
1749254798,4.56500000,2.16000000,4.616
1749254798,4.56400000,3.79000000,4.616
1749254798,4.56300000,13.11000000,4.616
1749254798,4.56200000,2.16000000,4.616
1749254798,4.56100000,2.16000000,4.616
1749254798,4.56000000,39.83000000,4.616
1749254798,4.55900000,2.16000000,4.616
1749254798,4.55800000,5.23000000,4.616
1749254798,4.55700000,2.16000000,4.616
1749254798,4.55600000,2.16000000,4.616
1749254798,4.55500000,44.05000000,4.616
1749254798,4.55400000,2227.12000000,4.616
1749254798,4.55300000,23.88000000,4.616
1749254798,4.55200000,2.17000000,4.616
1749254798,4.55100000,201.34000000,4.616
1749254798,4.55000000,774.45000000,4.616
1749254798,4.54900000,15.51000000,4.616
1749254798,4.54800000,3.92000000,4.616
1749254798,4.54700000,4.03000000,4.616
1749254798,4.54600000,73.67000000,4.616
1749254798,4.54500000,2.17000000,4.616
1749254798,4.54400000,114.25000000,4.616
1749254798,4.54300000,4.11000000,4.616
1749254798,4.54200000,2.17000000,4.616
1749254798,4.54100000,22.06000000,4.616
1749254798,4.54000000,2.17000000,4.616
1749254798,4.53500000,66.62000000,4.616
1749254798,4.53400000,1055.50000000,4.616
1749254798,4.53300000,1.83000000,4.616
1749254798,4.53200000,4.00000000,4.616
1749254798,4.53100000,26.00000000,4.616
1749254798,4.53000000,49434.59000000,4.616
1749254798,4.52900000,1.98000000,4.616
1749254798,4.52800000,1.60000000,4.616
1749254798,4.52600000,136.94000000,4.616
1749254798,4.52500000,5171.35000000,4.616
1749254798,4.52400000,3.07000000,4.616
1749254798,4.52300000,1.32000000,4.616
1749254798,4.52200000,1.46000000,4.616
1749254798,4.52000000,254.38000000,4.616
1749254798,4.51900000,892.29000000,4.616
1749254798,4.51700000,2.64000000,4.616
1749254798,4.51600000,1.12000000,4.616
1749254798,4.51500000,4.08000000,4.616
1749254798,4.51300000,2.93000000,4.616
1749254798,4.51200000,24.08000000,4.616
1749254798,4.51000000,7.19000000,4.616
1749254798,4.50900000,4.22000000,4.616
1749254798,4.50800000,44.36000000,4.616
1749254798,4.50700000,4.67000000,4.616
