timestamp,price,volume,current_price
1749254593,5.97000000,534.33000000,5.98
1749254593,5.96000000,8598.18000000,5.98
1749254593,5.95000000,6264.72000000,5.98
1749254593,5.94000000,4027.91000000,5.98
1749254593,5.93000000,1342.61000000,5.98
1749254593,5.92000000,1710.02000000,5.98
1749254593,5.91000000,2069.10000000,5.98
1749254593,5.90000000,1208.01000000,5.98
1749254593,5.89000000,1834.11000000,5.98
1749254593,5.88000000,1961.82000000,5.98
1749254593,5.87000000,285.81000000,5.98
1749254593,5.86000000,248.06000000,5.98
1749254593,5.85000000,490.51000000,5.98
1749254593,5.84000000,386.82000000,5.98
1749254593,5.83000000,218.42000000,5.98
1749254593,5.82000000,660.17000000,5.98
1749254593,5.81000000,513.09000000,5.98
1749254593,5.80000000,565.15000000,5.98
1749254593,5.79000000,311.61000000,5.98
1749254593,5.78000000,367.19000000,5.98
1749254593,5.77000000,538.65000000,5.98
1749254593,5.76000000,77.51000000,5.98
1749254593,5.75000000,2897.34000000,5.98
1749254593,5.74000000,331.72000000,5.98
1749254593,5.73000000,185.38000000,5.98
1749254593,5.72000000,268.17000000,5.98
1749254593,5.71000000,33.45000000,5.98
1749254593,5.70000000,1113.58000000,5.98
1749254593,5.69000000,50.16000000,5.98
1749254593,5.68000000,629.52000000,5.98
1749254593,5.67000000,309.51000000,5.98
1749254593,5.66000000,161.15000000,5.98
1749254593,5.65000000,319.37000000,5.98
1749254593,5.64000000,91.38000000,5.98
1749254593,5.63000000,3.45000000,5.98
1749254593,5.62000000,653.80000000,5.98
1749254593,5.61000000,76.79000000,5.98
1749254593,5.60000000,2879.47000000,5.98
1749254593,5.59000000,590.20000000,5.98
1749254593,5.58000000,4.73000000,5.98
1749254593,5.57000000,419.56000000,5.98
1749254593,5.56000000,2.60000000,5.98
1749254593,5.55000000,170.58000000,5.98
1749254593,5.54000000,184.15000000,5.98
1749254593,5.53000000,20.76000000,5.98
1749254593,5.52000000,45.00000000,5.98
1749254593,5.51000000,47.04000000,5.98
1749254593,5.50000000,3331.12000000,5.98
1749254593,5.49000000,1.68000000,5.98
1749254593,5.48000000,192.28000000,5.98
1749254593,5.47000000,1368.32000000,5.98
1749254593,5.46000000,18.52000000,5.98
1749254593,5.45000000,181.31000000,5.98
1749254593,5.44000000,92.72000000,5.98
1749254593,5.43000000,16.17000000,5.98
1749254593,5.42000000,943.73000000,5.98
1749254593,5.41000000,1.68000000,5.98
1749254593,5.40000000,709.05000000,5.98
1749254593,5.39000000,509.89000000,5.98
1749254593,5.38000000,550.26000000,5.98
1749254593,5.37000000,260.53000000,5.98
1749254593,5.36000000,76.30000000,5.98
1749254593,5.35000000,524.20000000,5.98
1749254593,5.34000000,1.59000000,5.98
1749254593,5.32000000,203.27000000,5.98
1749254593,5.31000000,54.55000000,5.98
1749254593,5.30000000,2369.23000000,5.98
1749254593,5.29000000,9.20000000,5.98
1749254593,5.28000000,10.00000000,5.98
1749254593,5.27000000,13.97000000,5.98
1749254593,5.26000000,49.54000000,5.98
1749254593,5.25000000,236.66000000,5.98
1749254593,5.23000000,396.48000000,5.98
1749254593,5.21000000,20.12000000,5.98
1749254593,5.20000000,384.83000000,5.98
1749254593,5.19000000,14.19000000,5.98
1749254593,5.18000000,560.13000000,5.98
1749254593,5.15000000,3206.03000000,5.98
1749254593,5.14000000,12.34000000,5.98
1749254593,5.11000000,22.58000000,5.98
1749254593,5.10000000,21174.21000000,5.98
1749254593,5.08000000,22.30000000,5.98
1749254593,5.07000000,132.20000000,5.98
1749254593,5.06000000,6.51000000,5.98
1749254593,5.05000000,2766.63000000,5.98
1749254593,5.03000000,69.67000000,5.98
1749254593,5.02000000,6.62000000,5.98
1749254593,5.01000000,37.00000000,5.98
1749254593,5.00000000,6212.72000000,5.98
1749254593,4.99000000,24.07000000,5.98
1749254593,4.97000000,53.72000000,5.98
1749254593,4.95000000,19.84000000,5.98
1749254593,4.94000000,75.10000000,5.98
1749254593,4.93000000,562.29000000,5.98
1749254593,4.92000000,1889.44000000,5.98
1749254593,4.91000000,45.33000000,5.98
1749254593,4.90000000,289.34000000,5.98
1749254593,4.89000000,2.10000000,5.98
1749254593,4.88000000,553.76000000,5.98
1749254593,4.87000000,18.03000000,5.98
1749254633,5.97000000,442.81000000,5.98
1749254633,5.96000000,9326.04000000,5.98
1749254633,5.95000000,6262.00000000,5.98
1749254633,5.94000000,4027.91000000,5.98
1749254633,5.93000000,1373.11000000,5.98
1749254633,5.92000000,1712.07000000,5.98
1749254633,5.91000000,2069.10000000,5.98
1749254633,5.90000000,1289.77000000,5.98
1749254633,5.89000000,1838.26000000,5.98
1749254633,5.88000000,1875.69000000,5.98
1749254633,5.87000000,285.81000000,5.98
1749254633,5.86000000,248.06000000,5.98
1749254633,5.85000000,673.60000000,5.98
1749254633,5.84000000,203.49000000,5.98
1749254633,5.83000000,411.24000000,5.98
1749254633,5.82000000,467.08000000,5.98
1749254633,5.81000000,512.89000000,5.98
1749254633,5.80000000,779.02000000,5.98
1749254633,5.79000000,97.48000000,5.98
1749254633,5.78000000,592.43000000,5.98
1749254633,5.77000000,313.11000000,5.98
1749254633,5.76000000,314.76000000,5.98
1749254633,5.75000000,2659.79000000,5.98
1749254633,5.74000000,331.47000000,5.98
1749254633,5.73000000,448.56000000,5.98
1749254633,5.72000000,4.72000000,5.98
1749254633,5.71000000,310.58000000,5.98
1749254633,5.70000000,836.06000000,5.98
1749254633,5.69000000,342.04000000,5.98
1749254633,5.68000000,337.26000000,5.98
1749254633,5.67000000,309.13000000,5.98
1749254633,5.66000000,161.15000000,5.98
1749254633,5.65000000,319.37000000,5.98
1749254633,5.64000000,91.38000000,5.98
1749254633,5.63000000,3.45000000,5.98
1749254633,5.62000000,653.80000000,5.98
1749254633,5.61000000,76.79000000,5.98
1749254633,5.60000000,2879.47000000,5.98
1749254633,5.59000000,590.20000000,5.98
1749254633,5.58000000,4.73000000,5.98
1749254633,5.57000000,419.56000000,5.98
1749254633,5.56000000,2.60000000,5.98
1749254633,5.55000000,170.58000000,5.98
1749254633,5.54000000,184.15000000,5.98
1749254633,5.53000000,20.76000000,5.98
1749254633,5.52000000,45.00000000,5.98
1749254633,5.51000000,47.04000000,5.98
1749254633,5.50000000,3331.12000000,5.98
1749254633,5.49000000,1.68000000,5.98
1749254633,5.48000000,192.28000000,5.98
1749254633,5.47000000,1368.32000000,5.98
1749254633,5.46000000,18.52000000,5.98
1749254633,5.45000000,181.31000000,5.98
1749254633,5.44000000,92.72000000,5.98
1749254633,5.43000000,16.17000000,5.98
1749254633,5.42000000,943.73000000,5.98
1749254633,5.41000000,1.68000000,5.98
1749254633,5.40000000,709.05000000,5.98
1749254633,5.39000000,509.89000000,5.98
1749254633,5.38000000,550.26000000,5.98
1749254633,5.37000000,260.53000000,5.98
1749254633,5.36000000,76.30000000,5.98
1749254633,5.35000000,524.20000000,5.98
1749254633,5.34000000,1.59000000,5.98
1749254633,5.32000000,203.27000000,5.98
1749254633,5.31000000,54.55000000,5.98
1749254633,5.30000000,2369.23000000,5.98
1749254633,5.29000000,9.20000000,5.98
1749254633,5.28000000,10.00000000,5.98
1749254633,5.27000000,13.97000000,5.98
1749254633,5.26000000,49.54000000,5.98
1749254633,5.25000000,236.66000000,5.98
1749254633,5.23000000,396.48000000,5.98
1749254633,5.21000000,20.12000000,5.98
1749254633,5.20000000,384.83000000,5.98
1749254633,5.19000000,14.19000000,5.98
1749254633,5.18000000,560.13000000,5.98
1749254633,5.15000000,3206.03000000,5.98
1749254633,5.14000000,12.34000000,5.98
1749254633,5.11000000,22.58000000,5.98
1749254633,5.10000000,21174.21000000,5.98
1749254633,5.08000000,22.30000000,5.98
1749254633,5.07000000,151.92000000,5.98
1749254633,5.06000000,6.51000000,5.98
1749254633,5.05000000,2766.63000000,5.98
1749254633,5.03000000,69.67000000,5.98
1749254633,5.02000000,6.62000000,5.98
1749254633,5.01000000,37.00000000,5.98
1749254633,5.00000000,6212.72000000,5.98
1749254633,4.99000000,24.07000000,5.98
1749254633,4.97000000,53.72000000,5.98
1749254633,4.95000000,19.84000000,5.98
1749254633,4.94000000,75.10000000,5.98
1749254633,4.93000000,562.29000000,5.98
1749254633,4.92000000,1889.44000000,5.98
1749254633,4.91000000,45.33000000,5.98
1749254633,4.90000000,289.34000000,5.98
1749254633,4.89000000,2.10000000,5.98
1749254633,4.88000000,553.76000000,5.98
1749254633,4.87000000,18.03000000,5.98
1749254895,5.98000000,783.03000000,5.99
1749254895,5.97000000,8476.40000000,5.99
1749254895,5.96000000,5075.89000000,5.99
1749254895,5.95000000,4907.60000000,5.99
1749254895,5.94000000,2497.88000000,5.99
1749254895,5.93000000,1193.53000000,5.99
1749254895,5.92000000,1020.67000000,5.99
1749254895,5.91000000,2043.18000000,5.99
1749254895,5.90000000,1307.37000000,5.99
1749254895,5.89000000,1834.08000000,5.99
1749254895,5.88000000,1871.51000000,5.99
1749254895,5.87000000,488.77000000,5.99
1749254895,5.86000000,248.06000000,5.99
1749254895,5.85000000,465.75000000,5.99
1749254895,5.84000000,203.49000000,5.99
1749254895,5.83000000,411.24000000,5.99
1749254895,5.82000000,467.08000000,5.99
1749254895,5.81000000,512.89000000,5.99
1749254895,5.80000000,779.02000000,5.99
1749254895,5.79000000,97.48000000,5.99
1749254895,5.78000000,592.43000000,5.99
1749254895,5.77000000,313.11000000,5.99
1749254895,5.76000000,314.76000000,5.99
1749254895,5.75000000,2659.79000000,5.99
1749254895,5.74000000,331.47000000,5.99
1749254895,5.73000000,448.56000000,5.99
1749254895,5.72000000,4.72000000,5.99
1749254895,5.71000000,310.58000000,5.99
1749254895,5.70000000,836.06000000,5.99
1749254895,5.69000000,342.04000000,5.99
1749254895,5.68000000,337.26000000,5.99
1749254895,5.67000000,309.13000000,5.99
1749254895,5.66000000,161.15000000,5.99
1749254895,5.65000000,319.37000000,5.99
1749254895,5.64000000,91.38000000,5.99
1749254895,5.63000000,3.45000000,5.99
1749254895,5.62000000,653.80000000,5.99
1749254895,5.61000000,76.79000000,5.99
1749254895,5.60000000,2879.47000000,5.99
1749254895,5.59000000,590.20000000,5.99
1749254895,5.58000000,4.73000000,5.99
1749254895,5.57000000,419.56000000,5.99
1749254895,5.56000000,2.60000000,5.99
1749254895,5.55000000,170.58000000,5.99
1749254895,5.54000000,184.15000000,5.99
1749254895,5.53000000,20.76000000,5.99
1749254895,5.52000000,45.00000000,5.99
1749254895,5.51000000,47.04000000,5.99
1749254895,5.50000000,3331.12000000,5.99
1749254895,5.49000000,1.68000000,5.99
1749254895,5.48000000,192.28000000,5.99
1749254895,5.47000000,1368.32000000,5.99
1749254895,5.46000000,18.52000000,5.99
1749254895,5.45000000,181.31000000,5.99
1749254895,5.44000000,92.72000000,5.99
1749254895,5.43000000,16.17000000,5.99
1749254895,5.42000000,943.73000000,5.99
1749254895,5.41000000,1.68000000,5.99
1749254895,5.40000000,709.05000000,5.99
1749254895,5.39000000,509.89000000,5.99
1749254895,5.38000000,550.26000000,5.99
1749254895,5.37000000,260.53000000,5.99
1749254895,5.36000000,74.62000000,5.99
1749254895,5.35000000,524.20000000,5.99
1749254895,5.34000000,1.59000000,5.99
1749254895,5.32000000,203.27000000,5.99
1749254895,5.31000000,54.55000000,5.99
1749254895,5.30000000,2369.23000000,5.99
1749254895,5.29000000,9.20000000,5.99
1749254895,5.28000000,10.00000000,5.99
1749254895,5.27000000,13.97000000,5.99
1749254895,5.26000000,49.54000000,5.99
1749254895,5.25000000,236.66000000,5.99
1749254895,5.23000000,396.48000000,5.99
1749254895,5.21000000,20.12000000,5.99
1749254895,5.20000000,384.83000000,5.99
1749254895,5.19000000,14.19000000,5.99
1749254895,5.18000000,560.13000000,5.99
1749254895,5.15000000,3206.03000000,5.99
1749254895,5.14000000,12.34000000,5.99
1749254895,5.11000000,22.58000000,5.99
1749254895,5.10000000,21174.21000000,5.99
1749254895,5.08000000,22.30000000,5.99
1749254895,5.07000000,151.92000000,5.99
1749254895,5.06000000,6.51000000,5.99
1749254895,5.05000000,2766.63000000,5.99
1749254895,5.03000000,69.67000000,5.99
1749254895,5.02000000,6.62000000,5.99
1749254895,5.01000000,37.00000000,5.99
1749254895,5.00000000,6212.72000000,5.99
1749254895,4.99000000,24.07000000,5.99
1749254895,4.97000000,53.72000000,5.99
1749254895,4.95000000,19.84000000,5.99
1749254895,4.94000000,75.10000000,5.99
1749254895,4.93000000,562.29000000,5.99
1749254895,4.92000000,1889.44000000,5.99
1749254895,4.91000000,45.33000000,5.99
1749254895,4.90000000,289.34000000,5.99
1749254895,4.89000000,2.10000000,5.99
1749254895,4.88000000,553.76000000,5.99
1749254945,5.98000000,443.35000000,5.99
1749254945,5.97000000,7313.76000000,5.99
1749254945,5.96000000,7154.60000000,5.99
1749254945,5.95000000,4257.47000000,5.99
1749254945,5.94000000,2502.05000000,5.99
1749254945,5.93000000,2144.28000000,5.99
1749254945,5.92000000,1024.84000000,5.99
1749254945,5.91000000,1202.20000000,5.99
1749254945,5.90000000,1311.54000000,5.99
1749254945,5.89000000,1838.25000000,5.99
1749254945,5.88000000,1875.68000000,5.99
1749254945,5.87000000,488.77000000,5.99
1749254945,5.86000000,248.06000000,5.99
1749254945,5.85000000,465.75000000,5.99
1749254945,5.84000000,203.49000000,5.99
1749254945,5.83000000,411.24000000,5.99
1749254945,5.82000000,467.08000000,5.99
1749254945,5.81000000,512.89000000,5.99
1749254945,5.80000000,779.02000000,5.99
1749254945,5.79000000,97.48000000,5.99
1749254945,5.78000000,592.43000000,5.99
1749254945,5.77000000,313.11000000,5.99
1749254945,5.76000000,314.76000000,5.99
1749254945,5.75000000,2659.79000000,5.99
1749254945,5.74000000,331.47000000,5.99
1749254945,5.73000000,448.56000000,5.99
1749254945,5.72000000,4.72000000,5.99
1749254945,5.71000000,310.58000000,5.99
1749254945,5.70000000,836.06000000,5.99
1749254945,5.69000000,342.04000000,5.99
1749254945,5.68000000,337.26000000,5.99
1749254945,5.67000000,309.13000000,5.99
1749254945,5.66000000,161.15000000,5.99
1749254945,5.65000000,319.37000000,5.99
1749254945,5.64000000,91.38000000,5.99
1749254945,5.63000000,3.45000000,5.99
1749254945,5.62000000,653.80000000,5.99
1749254945,5.61000000,76.79000000,5.99
1749254945,5.60000000,2879.47000000,5.99
1749254945,5.59000000,590.20000000,5.99
1749254945,5.58000000,4.73000000,5.99
1749254945,5.57000000,419.56000000,5.99
1749254945,5.56000000,2.60000000,5.99
1749254945,5.55000000,170.58000000,5.99
1749254945,5.54000000,184.15000000,5.99
1749254945,5.53000000,20.76000000,5.99
1749254945,5.52000000,45.00000000,5.99
1749254945,5.51000000,47.04000000,5.99
1749254945,5.50000000,3331.12000000,5.99
1749254945,5.49000000,1.68000000,5.99
1749254945,5.48000000,192.28000000,5.99
1749254945,5.47000000,1368.32000000,5.99
1749254945,5.46000000,18.52000000,5.99
1749254945,5.45000000,181.31000000,5.99
1749254945,5.44000000,92.72000000,5.99
1749254945,5.43000000,16.17000000,5.99
1749254945,5.42000000,943.73000000,5.99
1749254945,5.41000000,1.68000000,5.99
1749254945,5.40000000,709.05000000,5.99
1749254945,5.39000000,509.89000000,5.99
1749254945,5.38000000,550.26000000,5.99
1749254945,5.37000000,260.53000000,5.99
1749254945,5.36000000,74.62000000,5.99
1749254945,5.35000000,524.20000000,5.99
1749254945,5.34000000,1.59000000,5.99
1749254945,5.32000000,203.27000000,5.99
1749254945,5.31000000,54.55000000,5.99
1749254945,5.30000000,2369.23000000,5.99
1749254945,5.29000000,9.20000000,5.99
1749254945,5.28000000,10.00000000,5.99
1749254945,5.27000000,13.97000000,5.99
1749254945,5.26000000,49.54000000,5.99
1749254945,5.25000000,236.66000000,5.99
1749254945,5.23000000,396.48000000,5.99
1749254945,5.21000000,20.12000000,5.99
1749254945,5.20000000,384.83000000,5.99
1749254945,5.19000000,14.19000000,5.99
1749254945,5.18000000,560.13000000,5.99
1749254945,5.15000000,3206.03000000,5.99
1749254945,5.14000000,12.34000000,5.99
1749254945,5.11000000,22.58000000,5.99
1749254945,5.10000000,21174.21000000,5.99
1749254945,5.08000000,22.30000000,5.99
1749254945,5.07000000,151.92000000,5.99
1749254945,5.06000000,6.51000000,5.99
1749254945,5.05000000,2766.63000000,5.99
1749254945,5.03000000,69.67000000,5.99
1749254945,5.02000000,6.62000000,5.99
1749254945,5.01000000,37.00000000,5.99
1749254945,5.00000000,6212.72000000,5.99
1749254945,4.99000000,24.07000000,5.99
1749254945,4.97000000,53.72000000,5.99
1749254945,4.95000000,19.84000000,5.99
1749254945,4.94000000,75.10000000,5.99
1749254945,4.93000000,562.29000000,5.99
1749254945,4.92000000,1889.44000000,5.99
1749254945,4.91000000,45.33000000,5.99
1749254945,4.90000000,289.34000000,5.99
1749254945,4.89000000,2.10000000,5.99
1749254945,4.88000000,553.76000000,5.99
