timestamp,price,volume,current_price
1749260752,6.07000000,539.72000000,6.08
1749260752,6.06000000,5596.00000000,6.08
1749260752,6.05000000,7742.95000000,6.08
1749260752,6.04000000,4024.17000000,6.08
1749260752,6.03000000,3144.82000000,6.08
1749260752,6.02000000,1934.63000000,6.08
1749260752,6.01000000,1310.32000000,6.08
1749260752,6.00000000,979.08000000,6.08
1749260752,5.99000000,622.55000000,6.08
1749260752,5.98000000,829.92000000,6.08
1749260752,5.97000000,1751.05000000,6.08
1749260752,5.96000000,858.23000000,6.08
1749260752,5.95000000,1388.22000000,6.08
1749260752,5.94000000,449.88000000,6.08
1749260752,5.93000000,266.06000000,6.08
1749260752,5.92000000,563.85000000,6.08
1749260752,5.91000000,353.56000000,6.08
1749260752,5.90000000,652.07000000,6.08
1749260752,5.89000000,439.33000000,6.08
1749260752,5.88000000,305.30000000,6.08
1749260752,5.87000000,541.23000000,6.08
1749260752,5.86000000,79.02000000,6.08
1749260752,5.85000000,338.99000000,6.08
1749260752,5.84000000,116.61000000,6.08
1749260752,5.83000000,478.91000000,6.08
1749260752,5.82000000,220.31000000,6.08
1749260752,5.81000000,562.03000000,6.08
1749260752,5.80000000,761.64000000,6.08
1749260752,5.79000000,20.48000000,6.08
1749260752,5.78000000,576.14000000,6.08
1749260752,5.77000000,73.06000000,6.08
1749260752,5.76000000,301.42000000,6.08
1749260752,5.75000000,2587.79000000,6.08
1749260752,5.74000000,321.29000000,6.08
1749260752,5.73000000,5.22000000,6.08
1749260752,5.72000000,4.72000000,6.08
1749260752,5.71000000,33.45000000,6.08
1749260752,5.70000000,859.79000000,6.08
1749260752,5.69000000,51.74000000,6.08
1749260752,5.68000000,337.26000000,6.08
1749260752,5.67000000,1.68000000,6.08
1749260752,5.66000000,161.15000000,6.08
1749260752,5.65000000,319.37000000,6.08
1749260752,5.64000000,8.77000000,6.08
1749260752,5.63000000,3.45000000,6.08
1749260752,5.62000000,653.80000000,6.08
1749260752,5.61000000,76.79000000,6.08
1749260752,5.60000000,2962.73000000,6.08
1749260752,5.59000000,590.20000000,6.08
1749260752,5.58000000,4.73000000,6.08
1749260752,5.57000000,419.56000000,6.08
1749260752,5.56000000,2.60000000,6.08
1749260752,5.55000000,170.58000000,6.08
1749260752,5.54000000,184.15000000,6.08
1749260752,5.53000000,20.76000000,6.08
1749260752,5.52000000,45.00000000,6.08
1749260752,5.51000000,49.22000000,6.08
1749260752,5.50000000,3331.12000000,6.08
1749260752,5.49000000,1.68000000,6.08
1749260752,5.48000000,192.28000000,6.08
1749260752,5.47000000,59.59000000,6.08
1749260752,5.46000000,22.49000000,6.08
1749260752,5.45000000,178.53000000,6.08
1749260752,5.44000000,95.08000000,6.08
1749260752,5.43000000,14.49000000,6.08
1749260752,5.42000000,942.05000000,6.08
1749260752,5.40000000,456.62000000,6.08
1749260752,5.39000000,14.61000000,6.08
1749260752,5.38000000,373.31000000,6.08
1749260752,5.37000000,250.70000000,6.08
1749260752,5.36000000,74.62000000,6.08
1749260752,5.35000000,524.20000000,6.08
1749260752,5.34000000,175.04000000,6.08
1749260752,5.32000000,203.27000000,6.08
1749260752,5.31000000,51.55000000,6.08
1749260752,5.30000000,2369.23000000,6.08
1749260752,5.29000000,9.20000000,6.08
1749260752,5.28000000,10.00000000,6.08
1749260752,5.27000000,13.97000000,6.08
1749260752,5.26000000,49.54000000,6.08
1749260752,5.25000000,236.66000000,6.08
1749260752,5.23000000,396.48000000,6.08
1749260752,5.21000000,20.12000000,6.08
1749260752,5.20000000,384.83000000,6.08
1749260752,5.19000000,14.19000000,6.08
1749260752,5.18000000,560.13000000,6.08
1749260752,5.15000000,3206.03000000,6.08
1749260752,5.14000000,12.34000000,6.08
1749260752,5.11000000,21.41000000,6.08
1749260752,5.10000000,21174.21000000,6.08
1749260752,5.08000000,22.30000000,6.08
1749260752,5.07000000,132.20000000,6.08
1749260752,5.06000000,6.51000000,6.08
1749260752,5.05000000,2766.63000000,6.08
1749260752,5.03000000,69.67000000,6.08
1749260752,5.02000000,6.62000000,6.08
1749260752,5.01000000,37.00000000,6.08
1749260752,5.00000000,6212.72000000,6.08
1749260752,4.99000000,24.07000000,6.08
1749260752,4.97000000,53.72000000,6.08
1749260781,6.07000000,356.63000000,6.07
1749260781,6.06000000,7493.95000000,6.07
1749260781,6.05000000,6795.79000000,6.07
1749260781,6.04000000,4617.40000000,6.07
1749260781,6.03000000,3333.99000000,6.07
1749260781,6.02000000,878.59000000,6.07
1749260781,6.01000000,1355.59000000,6.07
1749260781,6.00000000,979.08000000,6.07
1749260781,5.99000000,622.55000000,6.07
1749260781,5.98000000,1366.12000000,6.07
1749260781,5.97000000,1751.05000000,6.07
1749260781,5.96000000,346.88000000,6.07
1749260781,5.95000000,1388.22000000,6.07
1749260781,5.94000000,449.88000000,6.07
1749260781,5.93000000,481.32000000,6.07
1749260781,5.92000000,349.18000000,6.07
1749260781,5.91000000,353.56000000,6.07
1749260781,5.90000000,652.07000000,6.07
1749260781,5.89000000,643.79000000,6.07
1749260781,5.88000000,305.30000000,6.07
1749260781,5.87000000,330.46000000,6.07
1749260781,5.86000000,79.02000000,6.07
1749260781,5.85000000,338.99000000,6.07
1749260781,5.84000000,224.92000000,6.07
1749260781,5.83000000,373.76000000,6.07
1749260781,5.82000000,220.31000000,6.07
1749260781,5.81000000,562.03000000,6.07
1749260781,5.80000000,761.64000000,6.07
1749260781,5.79000000,20.48000000,6.07
1749260781,5.78000000,576.14000000,6.07
1749260781,5.77000000,73.06000000,6.07
1749260781,5.76000000,301.42000000,6.07
1749260781,5.75000000,2587.79000000,6.07
1749260781,5.74000000,321.29000000,6.07
1749260781,5.73000000,5.22000000,6.07
1749260781,5.72000000,4.72000000,6.07
1749260781,5.71000000,33.45000000,6.07
1749260781,5.70000000,859.79000000,6.07
1749260781,5.69000000,51.74000000,6.07
1749260781,5.68000000,337.26000000,6.07
1749260781,5.67000000,1.68000000,6.07
1749260781,5.66000000,161.15000000,6.07
1749260781,5.65000000,319.37000000,6.07
1749260781,5.64000000,8.77000000,6.07
1749260781,5.63000000,3.45000000,6.07
1749260781,5.62000000,653.80000000,6.07
1749260781,5.61000000,76.79000000,6.07
1749260781,5.60000000,2962.73000000,6.07
1749260781,5.59000000,590.20000000,6.07
1749260781,5.58000000,4.73000000,6.07
1749260781,5.57000000,419.56000000,6.07
1749260781,5.56000000,2.60000000,6.07
1749260781,5.55000000,170.58000000,6.07
1749260781,5.54000000,184.15000000,6.07
1749260781,5.53000000,20.76000000,6.07
1749260781,5.52000000,45.00000000,6.07
1749260781,5.51000000,49.22000000,6.07
1749260781,5.50000000,3331.12000000,6.07
1749260781,5.49000000,1.68000000,6.07
1749260781,5.48000000,192.28000000,6.07
1749260781,5.47000000,59.59000000,6.07
1749260781,5.46000000,22.49000000,6.07
1749260781,5.45000000,178.53000000,6.07
1749260781,5.44000000,95.08000000,6.07
1749260781,5.43000000,14.49000000,6.07
1749260781,5.42000000,942.05000000,6.07
1749260781,5.40000000,456.62000000,6.07
1749260781,5.39000000,14.61000000,6.07
1749260781,5.38000000,373.31000000,6.07
1749260781,5.37000000,250.70000000,6.07
1749260781,5.36000000,74.62000000,6.07
1749260781,5.35000000,524.20000000,6.07
1749260781,5.34000000,175.04000000,6.07
1749260781,5.32000000,203.27000000,6.07
1749260781,5.31000000,51.55000000,6.07
1749260781,5.30000000,2369.23000000,6.07
1749260781,5.29000000,9.20000000,6.07
1749260781,5.28000000,10.00000000,6.07
1749260781,5.27000000,13.97000000,6.07
1749260781,5.26000000,49.54000000,6.07
1749260781,5.25000000,236.66000000,6.07
1749260781,5.23000000,396.48000000,6.07
1749260781,5.21000000,20.12000000,6.07
1749260781,5.20000000,384.83000000,6.07
1749260781,5.19000000,14.19000000,6.07
1749260781,5.18000000,560.13000000,6.07
1749260781,5.15000000,3206.03000000,6.07
1749260781,5.14000000,12.34000000,6.07
1749260781,5.11000000,21.41000000,6.07
1749260781,5.10000000,21174.21000000,6.07
1749260781,5.08000000,22.30000000,6.07
1749260781,5.07000000,132.20000000,6.07
1749260781,5.06000000,6.51000000,6.07
1749260781,5.05000000,2766.63000000,6.07
1749260781,5.03000000,69.67000000,6.07
1749260781,5.02000000,6.62000000,6.07
1749260781,5.01000000,37.00000000,6.07
1749260781,5.00000000,6212.72000000,6.07
1749260781,4.99000000,24.07000000,6.07
1749260781,4.97000000,53.72000000,6.07
1749261072,6.08000000,2384.39000000,6.08
1749261072,6.07000000,7806.05000000,6.08
1749261072,6.06000000,4716.60000000,6.08
1749261072,6.05000000,3829.87000000,6.08
1749261072,6.04000000,2230.94000000,6.08
1749261072,6.03000000,2272.44000000,6.08
1749261072,6.02000000,759.84000000,6.08
1749261072,6.01000000,863.74000000,6.08
1749261072,6.00000000,580.24000000,6.08
1749261072,5.99000000,1731.96000000,6.08
1749261072,5.98000000,1084.24000000,6.08
1749261072,5.97000000,250.95000000,6.08
1749261072,5.96000000,480.21000000,6.08
1749261072,5.95000000,1585.62000000,6.08
1749261072,5.94000000,375.68000000,6.08
1749261072,5.93000000,397.43000000,6.08
1749261072,5.92000000,371.36000000,6.08
1749261072,5.91000000,370.45000000,6.08
1749261072,5.90000000,675.48000000,6.08
1749261072,5.89000000,354.02000000,6.08
1749261072,5.88000000,534.53000000,6.08
1749261072,5.87000000,356.34000000,6.08
1749261072,5.86000000,79.02000000,6.08
1749261072,5.85000000,366.32000000,6.08
1749261072,5.84000000,224.92000000,6.08
1749261072,5.83000000,402.53000000,6.08
1749261072,5.82000000,220.31000000,6.08
1749261072,5.81000000,592.31000000,6.08
1749261072,5.80000000,494.88000000,6.08
1749261072,5.79000000,319.21000000,6.08
1749261072,5.78000000,609.76000000,6.08
1749261072,5.77000000,73.06000000,6.08
1749261072,5.76000000,5.51000000,6.08
1749261072,5.75000000,2587.79000000,6.08
1749261072,5.74000000,9.59000000,6.08
1749261072,5.73000000,5.22000000,6.08
1749261072,5.72000000,4.72000000,6.08
1749261072,5.71000000,33.45000000,6.08
1749261072,5.70000000,859.79000000,6.08
1749261072,5.69000000,51.74000000,6.08
1749261072,5.68000000,337.26000000,6.08
1749261072,5.67000000,1.68000000,6.08
1749261072,5.66000000,161.15000000,6.08
1749261072,5.65000000,319.37000000,6.08
1749261072,5.64000000,8.77000000,6.08
1749261072,5.63000000,3.45000000,6.08
1749261072,5.62000000,653.80000000,6.08
1749261072,5.61000000,76.79000000,6.08
1749261072,5.60000000,2962.73000000,6.08
1749261072,5.59000000,590.20000000,6.08
1749261072,5.58000000,4.73000000,6.08
1749261072,5.57000000,419.56000000,6.08
1749261072,5.56000000,2.60000000,6.08
1749261072,5.55000000,170.58000000,6.08
1749261072,5.54000000,184.15000000,6.08
1749261072,5.53000000,20.76000000,6.08
1749261072,5.52000000,45.00000000,6.08
1749261072,5.51000000,49.22000000,6.08
1749261072,5.50000000,3331.12000000,6.08
1749261072,5.49000000,1.68000000,6.08
1749261072,5.48000000,192.28000000,6.08
1749261072,5.47000000,63.56000000,6.08
1749261072,5.46000000,20.84000000,6.08
1749261072,5.45000000,178.53000000,6.08
1749261072,5.44000000,91.04000000,6.08
1749261072,5.43000000,14.49000000,6.08
1749261072,5.42000000,942.05000000,6.08
1749261072,5.40000000,456.62000000,6.08
1749261072,5.39000000,14.61000000,6.08
1749261072,5.38000000,373.31000000,6.08
1749261072,5.37000000,250.70000000,6.08
1749261072,5.36000000,74.62000000,6.08
1749261072,5.35000000,524.20000000,6.08
1749261072,5.34000000,175.04000000,6.08
1749261072,5.32000000,203.27000000,6.08
1749261072,5.31000000,51.55000000,6.08
1749261072,5.30000000,2369.23000000,6.08
1749261072,5.29000000,9.20000000,6.08
1749261072,5.28000000,10.00000000,6.08
1749261072,5.27000000,13.97000000,6.08
1749261072,5.26000000,49.54000000,6.08
1749261072,5.25000000,236.66000000,6.08
1749261072,5.23000000,396.48000000,6.08
1749261072,5.21000000,20.12000000,6.08
1749261072,5.20000000,384.83000000,6.08
1749261072,5.19000000,14.19000000,6.08
1749261072,5.18000000,560.13000000,6.08
1749261072,5.15000000,3206.03000000,6.08
1749261072,5.14000000,12.34000000,6.08
1749261072,5.11000000,21.41000000,6.08
1749261072,5.10000000,21174.21000000,6.08
1749261072,5.08000000,22.30000000,6.08
1749261072,5.07000000,132.20000000,6.08
1749261072,5.06000000,6.51000000,6.08
1749261072,5.05000000,2766.63000000,6.08
1749261072,5.03000000,69.67000000,6.08
1749261072,5.02000000,6.62000000,6.08
1749261072,5.01000000,37.00000000,6.08
1749261072,5.00000000,6212.72000000,6.08
1749261072,4.99000000,24.07000000,6.08
1749261101,6.08000000,883.49000000,6.09
1749261101,6.07000000,8160.73000000,6.09
1749261101,6.06000000,5501.46000000,6.09
1749261101,6.05000000,3133.66000000,6.09
1749261101,6.04000000,879.36000000,6.09
1749261101,6.03000000,1870.04000000,6.09
1749261101,6.02000000,776.42000000,6.09
1749261101,6.01000000,863.74000000,6.09
1749261101,6.00000000,580.24000000,6.09
1749261101,5.99000000,1731.96000000,6.09
1749261101,5.98000000,1084.24000000,6.09
1749261101,5.97000000,250.95000000,6.09
1749261101,5.96000000,480.21000000,6.09
1749261101,5.95000000,1585.62000000,6.09
1749261101,5.94000000,358.88000000,6.09
1749261101,5.93000000,414.26000000,6.09
1749261101,5.92000000,371.36000000,6.09
1749261101,5.91000000,370.45000000,6.09
1749261101,5.90000000,675.48000000,6.09
1749261101,5.89000000,354.02000000,6.09
1749261101,5.88000000,534.53000000,6.09
1749261101,5.87000000,356.34000000,6.09
1749261101,5.86000000,79.02000000,6.09
1749261101,5.85000000,366.32000000,6.09
1749261101,5.84000000,224.92000000,6.09
1749261101,5.83000000,402.53000000,6.09
1749261101,5.82000000,220.31000000,6.09
1749261101,5.81000000,520.31000000,6.09
1749261101,5.80000000,494.88000000,6.09
1749261101,5.79000000,319.21000000,6.09
1749261101,5.78000000,609.76000000,6.09
1749261101,5.77000000,73.06000000,6.09
1749261101,5.76000000,5.51000000,6.09
1749261101,5.75000000,2587.79000000,6.09
1749261101,5.74000000,9.59000000,6.09
1749261101,5.73000000,5.22000000,6.09
1749261101,5.72000000,4.72000000,6.09
1749261101,5.71000000,33.45000000,6.09
1749261101,5.70000000,859.79000000,6.09
1749261101,5.69000000,51.74000000,6.09
1749261101,5.68000000,337.26000000,6.09
1749261101,5.67000000,1.68000000,6.09
1749261101,5.66000000,161.15000000,6.09
1749261101,5.65000000,319.37000000,6.09
1749261101,5.64000000,8.77000000,6.09
1749261101,5.63000000,3.45000000,6.09
1749261101,5.62000000,653.80000000,6.09
1749261101,5.61000000,76.79000000,6.09
1749261101,5.60000000,2962.73000000,6.09
1749261101,5.59000000,590.20000000,6.09
1749261101,5.58000000,4.73000000,6.09
1749261101,5.57000000,419.56000000,6.09
1749261101,5.56000000,2.60000000,6.09
1749261101,5.55000000,170.58000000,6.09
1749261101,5.54000000,184.15000000,6.09
1749261101,5.53000000,20.76000000,6.09
1749261101,5.52000000,45.00000000,6.09
1749261101,5.51000000,49.22000000,6.09
1749261101,5.50000000,3331.12000000,6.09
1749261101,5.49000000,1.68000000,6.09
1749261101,5.48000000,192.28000000,6.09
1749261101,5.47000000,63.56000000,6.09
1749261101,5.46000000,20.84000000,6.09
1749261101,5.45000000,178.53000000,6.09
1749261101,5.44000000,91.04000000,6.09
1749261101,5.43000000,14.49000000,6.09
1749261101,5.42000000,942.05000000,6.09
1749261101,5.40000000,456.62000000,6.09
1749261101,5.39000000,14.61000000,6.09
1749261101,5.38000000,373.31000000,6.09
1749261101,5.37000000,250.70000000,6.09
1749261101,5.36000000,74.62000000,6.09
1749261101,5.35000000,524.20000000,6.09
1749261101,5.34000000,175.04000000,6.09
1749261101,5.32000000,203.27000000,6.09
1749261101,5.31000000,51.55000000,6.09
1749261101,5.30000000,2369.23000000,6.09
1749261101,5.29000000,9.20000000,6.09
1749261101,5.28000000,10.00000000,6.09
1749261101,5.27000000,13.97000000,6.09
1749261101,5.26000000,49.54000000,6.09
1749261101,5.25000000,236.66000000,6.09
1749261101,5.23000000,396.48000000,6.09
1749261101,5.21000000,20.12000000,6.09
1749261101,5.20000000,384.83000000,6.09
1749261101,5.19000000,14.19000000,6.09
1749261101,5.18000000,560.13000000,6.09
1749261101,5.15000000,3206.03000000,6.09
1749261101,5.14000000,12.34000000,6.09
1749261101,5.11000000,21.41000000,6.09
1749261101,5.10000000,21174.21000000,6.09
1749261101,5.08000000,22.30000000,6.09
1749261101,5.07000000,132.20000000,6.09
1749261101,5.06000000,6.51000000,6.09
1749261101,5.05000000,2766.63000000,6.09
1749261101,5.03000000,69.67000000,6.09
1749261101,5.02000000,6.62000000,6.09
1749261101,5.01000000,37.00000000,6.09
1749261101,5.00000000,6212.72000000,6.09
1749261101,4.99000000,24.07000000,6.09
1749261386,6.08000000,2015.17000000,6.09
1749261386,6.07000000,9613.63000000,6.09
1749261386,6.06000000,4985.99000000,6.09
1749261386,6.05000000,2896.01000000,6.09
1749261386,6.04000000,1373.20000000,6.09
1749261386,6.03000000,1688.78000000,6.09
1749261386,6.02000000,759.84000000,6.09
1749261386,6.01000000,661.66000000,6.09
1749261386,6.00000000,580.24000000,6.09
1749261386,5.99000000,1928.63000000,6.09
1749261386,5.98000000,1084.24000000,6.09
1749261386,5.97000000,250.95000000,6.09
1749261386,5.96000000,463.47000000,6.09
1749261386,5.95000000,1585.62000000,6.09
1749261386,5.94000000,358.88000000,6.09
1749261386,5.93000000,397.43000000,6.09
1749261386,5.92000000,371.36000000,6.09
1749261386,5.91000000,353.56000000,6.09
1749261386,5.90000000,675.48000000,6.09
1749261386,5.89000000,354.02000000,6.09
1749261386,5.88000000,534.53000000,6.09
1749261386,5.87000000,356.34000000,6.09
1749261386,5.86000000,79.02000000,6.09
1749261386,5.85000000,366.32000000,6.09
1749261386,5.84000000,224.92000000,6.09
1749261386,5.83000000,402.53000000,6.09
1749261386,5.82000000,220.31000000,6.09
1749261386,5.81000000,520.31000000,6.09
1749261386,5.80000000,494.88000000,6.09
1749261386,5.79000000,319.21000000,6.09
1749261386,5.78000000,609.76000000,6.09
1749261386,5.77000000,73.06000000,6.09
1749261386,5.76000000,5.51000000,6.09
1749261386,5.75000000,2587.79000000,6.09
1749261386,5.74000000,9.59000000,6.09
1749261386,5.73000000,5.22000000,6.09
1749261386,5.72000000,4.72000000,6.09
1749261386,5.71000000,33.45000000,6.09
1749261386,5.70000000,859.79000000,6.09
1749261386,5.69000000,51.74000000,6.09
1749261386,5.68000000,337.26000000,6.09
1749261386,5.67000000,1.68000000,6.09
1749261386,5.66000000,161.15000000,6.09
1749261386,5.65000000,319.37000000,6.09
1749261386,5.64000000,8.77000000,6.09
1749261386,5.63000000,3.45000000,6.09
1749261386,5.62000000,653.80000000,6.09
1749261386,5.61000000,76.79000000,6.09
1749261386,5.60000000,2962.73000000,6.09
1749261386,5.59000000,590.20000000,6.09
1749261386,5.58000000,4.73000000,6.09
1749261386,5.57000000,419.56000000,6.09
1749261386,5.56000000,2.60000000,6.09
1749261386,5.55000000,170.58000000,6.09
1749261386,5.54000000,184.15000000,6.09
1749261386,5.53000000,20.76000000,6.09
1749261386,5.52000000,45.00000000,6.09
1749261386,5.51000000,49.22000000,6.09
1749261386,5.50000000,3331.12000000,6.09
1749261386,5.49000000,1.68000000,6.09
1749261386,5.48000000,192.28000000,6.09
1749261386,5.47000000,67.56000000,6.09
1749261386,5.46000000,16.84000000,6.09
1749261386,5.45000000,178.53000000,6.09
1749261386,5.44000000,91.04000000,6.09
1749261386,5.43000000,14.49000000,6.09
1749261386,5.42000000,942.05000000,6.09
1749261386,5.40000000,456.62000000,6.09
1749261386,5.39000000,14.61000000,6.09
1749261386,5.38000000,373.31000000,6.09
1749261386,5.37000000,250.70000000,6.09
1749261386,5.36000000,74.62000000,6.09
1749261386,5.35000000,524.20000000,6.09
1749261386,5.34000000,175.04000000,6.09
1749261386,5.32000000,203.27000000,6.09
1749261386,5.31000000,51.55000000,6.09
1749261386,5.30000000,2369.23000000,6.09
1749261386,5.29000000,9.20000000,6.09
1749261386,5.28000000,10.00000000,6.09
1749261386,5.27000000,13.97000000,6.09
1749261386,5.26000000,49.54000000,6.09
1749261386,5.25000000,236.66000000,6.09
1749261386,5.23000000,396.48000000,6.09
1749261386,5.21000000,20.12000000,6.09
1749261386,5.20000000,384.83000000,6.09
1749261386,5.19000000,14.19000000,6.09
1749261386,5.18000000,560.13000000,6.09
1749261386,5.15000000,3206.03000000,6.09
1749261386,5.14000000,12.34000000,6.09
1749261386,5.11000000,21.41000000,6.09
1749261386,5.10000000,21174.21000000,6.09
1749261386,5.08000000,22.30000000,6.09
1749261386,5.07000000,132.20000000,6.09
1749261386,5.06000000,6.51000000,6.09
1749261386,5.05000000,2766.63000000,6.09
1749261386,5.03000000,69.67000000,6.09
1749261386,5.02000000,6.62000000,6.09
1749261386,5.01000000,37.00000000,6.09
1749261386,5.00000000,6212.72000000,6.09
1749261386,4.99000000,24.07000000,6.09
1749261415,6.09000000,396.28000000,6.09
1749261415,6.08000000,7200.94000000,6.09
1749261415,6.07000000,6713.39000000,6.09
1749261415,6.06000000,4334.57000000,6.09
1749261415,6.05000000,2484.05000000,6.09
1749261415,6.04000000,1373.20000000,6.09
1749261415,6.03000000,1410.66000000,6.09
1749261415,6.02000000,759.84000000,6.09
1749261415,6.01000000,661.66000000,6.09
1749261415,6.00000000,580.24000000,6.09
1749261415,5.99000000,1928.63000000,6.09
1749261415,5.98000000,1084.24000000,6.09
1749261415,5.97000000,250.95000000,6.09
1749261415,5.96000000,463.47000000,6.09
1749261415,5.95000000,1585.62000000,6.09
1749261415,5.94000000,358.88000000,6.09
1749261415,5.93000000,397.43000000,6.09
1749261415,5.92000000,371.36000000,6.09
1749261415,5.91000000,353.56000000,6.09
1749261415,5.90000000,675.48000000,6.09
1749261415,5.89000000,354.02000000,6.09
1749261415,5.88000000,534.53000000,6.09
1749261415,5.87000000,356.34000000,6.09
1749261415,5.86000000,79.02000000,6.09
1749261415,5.85000000,366.32000000,6.09
1749261415,5.84000000,224.92000000,6.09
1749261415,5.83000000,402.53000000,6.09
1749261415,5.82000000,220.31000000,6.09
1749261415,5.81000000,520.31000000,6.09
1749261415,5.80000000,494.88000000,6.09
1749261415,5.79000000,319.21000000,6.09
1749261415,5.78000000,609.76000000,6.09
1749261415,5.77000000,73.06000000,6.09
1749261415,5.76000000,5.51000000,6.09
1749261415,5.75000000,2587.79000000,6.09
1749261415,5.74000000,9.59000000,6.09
1749261415,5.73000000,5.22000000,6.09
1749261415,5.72000000,4.72000000,6.09
1749261415,5.71000000,33.45000000,6.09
1749261415,5.70000000,859.79000000,6.09
1749261415,5.69000000,51.74000000,6.09
1749261415,5.68000000,337.26000000,6.09
1749261415,5.67000000,1.68000000,6.09
1749261415,5.66000000,161.15000000,6.09
1749261415,5.65000000,319.37000000,6.09
1749261415,5.64000000,8.77000000,6.09
1749261415,5.63000000,3.45000000,6.09
1749261415,5.62000000,653.80000000,6.09
1749261415,5.61000000,76.79000000,6.09
1749261415,5.60000000,2962.73000000,6.09
1749261415,5.59000000,590.20000000,6.09
1749261415,5.58000000,4.73000000,6.09
1749261415,5.57000000,419.56000000,6.09
1749261415,5.56000000,2.60000000,6.09
1749261415,5.55000000,170.58000000,6.09
1749261415,5.54000000,184.15000000,6.09
1749261415,5.53000000,20.76000000,6.09
1749261415,5.52000000,45.00000000,6.09
1749261415,5.51000000,49.22000000,6.09
1749261415,5.50000000,3331.12000000,6.09
1749261415,5.49000000,1.68000000,6.09
1749261415,5.48000000,192.28000000,6.09
1749261415,5.47000000,65.91000000,6.09
1749261415,5.46000000,16.84000000,6.09
1749261415,5.45000000,178.53000000,6.09
1749261415,5.44000000,91.04000000,6.09
1749261415,5.43000000,14.49000000,6.09
1749261415,5.42000000,942.05000000,6.09
1749261415,5.40000000,456.62000000,6.09
1749261415,5.39000000,14.61000000,6.09
1749261415,5.38000000,373.31000000,6.09
1749261415,5.37000000,250.70000000,6.09
1749261415,5.36000000,74.62000000,6.09
1749261415,5.35000000,524.20000000,6.09
1749261415,5.34000000,175.04000000,6.09
1749261415,5.32000000,203.27000000,6.09
1749261415,5.31000000,51.55000000,6.09
1749261415,5.30000000,2369.23000000,6.09
1749261415,5.29000000,9.20000000,6.09
1749261415,5.28000000,10.00000000,6.09
1749261415,5.27000000,13.97000000,6.09
1749261415,5.26000000,49.54000000,6.09
1749261415,5.25000000,236.66000000,6.09
1749261415,5.23000000,396.48000000,6.09
1749261415,5.21000000,20.12000000,6.09
1749261415,5.20000000,384.83000000,6.09
1749261415,5.19000000,14.19000000,6.09
1749261415,5.18000000,560.13000000,6.09
1749261415,5.15000000,3206.03000000,6.09
1749261415,5.14000000,12.34000000,6.09
1749261415,5.11000000,21.41000000,6.09
1749261415,5.10000000,21174.21000000,6.09
1749261415,5.08000000,22.30000000,6.09
1749261415,5.07000000,132.20000000,6.09
1749261415,5.06000000,6.51000000,6.09
1749261415,5.05000000,2766.63000000,6.09
1749261415,5.03000000,69.67000000,6.09
1749261415,5.02000000,6.62000000,6.09
1749261415,5.01000000,37.00000000,6.09
1749261415,5.00000000,6212.72000000,6.09
1749261688,6.09000000,207.13000000,6.09
1749261688,6.08000000,7994.75000000,6.09
1749261688,6.07000000,5666.74000000,6.09
1749261688,6.06000000,3078.99000000,6.09
1749261688,6.05000000,2609.02000000,6.09
1749261688,6.04000000,843.00000000,6.09
1749261688,6.03000000,1438.00000000,6.09
1749261688,6.02000000,778.67000000,6.09
1749261688,6.01000000,665.66000000,6.09
1749261688,6.00000000,585.41000000,6.09
1749261688,5.99000000,1760.15000000,6.09
1749261688,5.98000000,1084.24000000,6.09
1749261688,5.97000000,438.02000000,6.09
1749261688,5.96000000,463.47000000,6.09
1749261688,5.95000000,1595.26000000,6.09
1749261688,5.94000000,161.53000000,6.09
1749261688,5.93000000,604.91000000,6.09
1749261688,5.92000000,163.54000000,6.09
1749261688,5.91000000,572.05000000,6.09
1749261688,5.90000000,456.60000000,6.09
1749261688,5.89000000,583.29000000,6.09
1749261688,5.88000000,546.42000000,6.09
1749261688,5.87000000,113.61000000,6.09
1749261688,5.86000000,334.29000000,6.09
1749261688,5.85000000,110.62000000,6.09
1749261688,5.84000000,493.73000000,6.09
1749261688,5.83000000,133.26000000,6.09
1749261688,5.82000000,503.42000000,6.09
1749261688,5.81000000,534.93000000,6.09
1749261688,5.80000000,494.88000000,6.09
1749261688,5.79000000,334.56000000,6.09
1749261688,5.78000000,295.19000000,6.09
1749261688,5.77000000,73.06000000,6.09
1749261688,5.76000000,5.51000000,6.09
1749261688,5.75000000,2587.79000000,6.09
1749261688,5.74000000,9.59000000,6.09
1749261688,5.73000000,5.22000000,6.09
1749261688,5.72000000,4.72000000,6.09
1749261688,5.71000000,33.45000000,6.09
1749261688,5.70000000,859.79000000,6.09
1749261688,5.69000000,51.74000000,6.09
1749261688,5.68000000,337.26000000,6.09
1749261688,5.67000000,1.68000000,6.09
1749261688,5.66000000,161.15000000,6.09
1749261688,5.65000000,319.37000000,6.09
1749261688,5.64000000,8.77000000,6.09
1749261688,5.63000000,3.45000000,6.09
1749261688,5.62000000,653.80000000,6.09
1749261688,5.61000000,76.79000000,6.09
1749261688,5.60000000,2962.73000000,6.09
1749261688,5.59000000,590.20000000,6.09
1749261688,5.58000000,4.73000000,6.09
1749261688,5.57000000,419.56000000,6.09
1749261688,5.56000000,2.60000000,6.09
1749261688,5.55000000,170.58000000,6.09
1749261688,5.54000000,184.15000000,6.09
1749261688,5.53000000,20.76000000,6.09
1749261688,5.52000000,45.00000000,6.09
1749261688,5.51000000,49.22000000,6.09
1749261688,5.50000000,3331.12000000,6.09
1749261688,5.49000000,1.68000000,6.09
1749261688,5.48000000,196.28000000,6.09
1749261688,5.47000000,57.91000000,6.09
1749261688,5.46000000,16.84000000,6.09
1749261688,5.45000000,178.53000000,6.09
1749261688,5.44000000,91.04000000,6.09
1749261688,5.43000000,14.49000000,6.09
1749261688,5.42000000,942.05000000,6.09
1749261688,5.40000000,456.62000000,6.09
1749261688,5.39000000,14.61000000,6.09
1749261688,5.38000000,373.31000000,6.09
1749261688,5.37000000,250.70000000,6.09
1749261688,5.36000000,74.62000000,6.09
1749261688,5.35000000,524.20000000,6.09
1749261688,5.34000000,175.04000000,6.09
1749261688,5.32000000,203.27000000,6.09
1749261688,5.31000000,51.55000000,6.09
1749261688,5.30000000,2369.23000000,6.09
1749261688,5.29000000,9.20000000,6.09
1749261688,5.28000000,10.00000000,6.09
1749261688,5.27000000,13.97000000,6.09
1749261688,5.26000000,49.54000000,6.09
1749261688,5.25000000,236.66000000,6.09
1749261688,5.23000000,396.48000000,6.09
1749261688,5.21000000,20.12000000,6.09
1749261688,5.20000000,384.83000000,6.09
1749261688,5.19000000,14.19000000,6.09
1749261688,5.18000000,560.13000000,6.09
1749261688,5.15000000,3206.03000000,6.09
1749261688,5.14000000,12.34000000,6.09
1749261688,5.11000000,21.41000000,6.09
1749261688,5.10000000,21174.21000000,6.09
1749261688,5.08000000,22.30000000,6.09
1749261688,5.07000000,132.20000000,6.09
1749261688,5.06000000,6.51000000,6.09
1749261688,5.05000000,2766.63000000,6.09
1749261688,5.03000000,69.67000000,6.09
1749261688,5.02000000,6.62000000,6.09
1749261688,5.01000000,37.00000000,6.09
1749261688,5.00000000,6212.72000000,6.09
1749261731,6.09000000,231.57000000,6.09
1749261731,6.08000000,7897.01000000,6.09
1749261731,6.07000000,5856.15000000,6.09
1749261731,6.06000000,3025.39000000,6.09
1749261731,6.05000000,2495.40000000,6.09
1749261731,6.04000000,990.01000000,6.09
1749261731,6.03000000,1471.21000000,6.09
1749261731,6.02000000,778.67000000,6.09
1749261731,6.01000000,665.66000000,6.09
1749261731,6.00000000,618.62000000,6.09
1749261731,5.99000000,1760.15000000,6.09
1749261731,5.98000000,1117.45000000,6.09
1749261731,5.97000000,438.02000000,6.09
1749261731,5.96000000,463.47000000,6.09
1749261731,5.95000000,1628.47000000,6.09
1749261731,5.94000000,161.53000000,6.09
1749261731,5.93000000,604.91000000,6.09
1749261731,5.92000000,196.75000000,6.09
1749261731,5.91000000,572.05000000,6.09
1749261731,5.90000000,489.81000000,6.09
1749261731,5.89000000,583.29000000,6.09
1749261731,5.88000000,546.42000000,6.09
1749261731,5.87000000,146.82000000,6.09
1749261731,5.86000000,334.29000000,6.09
1749261731,5.85000000,110.62000000,6.09
1749261731,5.84000000,526.94000000,6.09
1749261731,5.83000000,133.26000000,6.09
1749261731,5.82000000,536.63000000,6.09
1749261731,5.81000000,534.93000000,6.09
1749261731,5.80000000,494.88000000,6.09
1749261731,5.79000000,367.77000000,6.09
1749261731,5.78000000,295.19000000,6.09
1749261731,5.77000000,106.27000000,6.09
1749261731,5.76000000,5.51000000,6.09
1749261731,5.75000000,2587.79000000,6.09
1749261731,5.74000000,42.80000000,6.09
1749261731,5.73000000,5.22000000,6.09
1749261731,5.72000000,4.72000000,6.09
1749261731,5.71000000,66.66000000,6.09
1749261731,5.70000000,859.79000000,6.09
1749261731,5.69000000,84.95000000,6.09
1749261731,5.68000000,337.26000000,6.09
1749261731,5.67000000,1.68000000,6.09
1749261731,5.66000000,194.36000000,6.09
1749261731,5.65000000,319.37000000,6.09
1749261731,5.64000000,41.98000000,6.09
1749261731,5.63000000,3.45000000,6.09
1749261731,5.62000000,653.80000000,6.09
1749261731,5.61000000,110.00000000,6.09
1749261731,5.60000000,2962.73000000,6.09
1749261731,5.59000000,590.20000000,6.09
1749261731,5.58000000,37.94000000,6.09
1749261731,5.57000000,419.56000000,6.09
1749261731,5.56000000,35.81000000,6.09
1749261731,5.55000000,170.58000000,6.09
1749261731,5.54000000,184.15000000,6.09
1749261731,5.53000000,53.97000000,6.09
1749261731,5.52000000,45.00000000,6.09
1749261731,5.51000000,49.22000000,6.09
1749261731,5.50000000,3364.33000000,6.09
1749261731,5.49000000,1.68000000,6.09
1749261731,5.48000000,233.49000000,6.09
1749261731,5.47000000,57.91000000,6.09
1749261731,5.46000000,16.84000000,6.09
1749261731,5.45000000,211.74000000,6.09
1749261731,5.44000000,91.04000000,6.09
1749261731,5.43000000,47.70000000,6.09
1749261731,5.42000000,942.05000000,6.09
1749261731,5.40000000,489.83000000,6.09
1749261731,5.39000000,14.61000000,6.09
1749261731,5.38000000,373.31000000,6.09
1749261731,5.37000000,283.91000000,6.09
1749261731,5.36000000,74.62000000,6.09
1749261731,5.35000000,557.41000000,6.09
1749261731,5.34000000,175.04000000,6.09
1749261731,5.32000000,236.48000000,6.09
1749261731,5.31000000,51.55000000,6.09
1749261731,5.30000000,2402.44000000,6.09
1749261731,5.29000000,9.20000000,6.09
1749261731,5.28000000,10.00000000,6.09
1749261731,5.27000000,13.97000000,6.09
1749261731,5.26000000,49.54000000,6.09
1749261731,5.25000000,236.66000000,6.09
1749261731,5.23000000,396.48000000,6.09
1749261731,5.21000000,20.12000000,6.09
1749261731,5.20000000,384.83000000,6.09
1749261731,5.19000000,14.19000000,6.09
1749261731,5.18000000,560.13000000,6.09
1749261731,5.15000000,3206.03000000,6.09
1749261731,5.14000000,12.34000000,6.09
1749261731,5.11000000,21.41000000,6.09
1749261731,5.10000000,21174.21000000,6.09
1749261731,5.08000000,22.30000000,6.09
1749261731,5.07000000,132.20000000,6.09
1749261731,5.06000000,6.51000000,6.09
1749261731,5.05000000,2766.63000000,6.09
1749261731,5.03000000,69.67000000,6.09
1749261731,5.02000000,6.62000000,6.09
1749261731,5.01000000,37.00000000,6.09
1749261731,5.00000000,6212.72000000,6.09
1749261990,6.08000000,95.74000000,6.08
1749261990,6.07000000,4699.08000000,6.08
1749261990,6.06000000,8427.13000000,6.08
1749261990,6.05000000,4755.81000000,6.08
1749261990,6.04000000,2151.31000000,6.08
1749261990,6.03000000,1903.70000000,6.08
1749261990,6.02000000,1095.06000000,6.08
1749261990,6.01000000,665.66000000,6.08
1749261990,6.00000000,618.62000000,6.08
1749261990,5.99000000,1760.15000000,6.08
1749261990,5.98000000,1117.45000000,6.08
1749261990,5.97000000,438.02000000,6.08
1749261990,5.96000000,463.47000000,6.08
1749261990,5.95000000,1628.47000000,6.08
1749261990,5.94000000,161.53000000,6.08
1749261990,5.93000000,604.91000000,6.08
1749261990,5.92000000,196.75000000,6.08
1749261990,5.91000000,572.05000000,6.08
1749261990,5.90000000,489.81000000,6.08
1749261990,5.89000000,583.29000000,6.08
1749261990,5.88000000,546.42000000,6.08
1749261990,5.87000000,146.82000000,6.08
1749261990,5.86000000,334.29000000,6.08
1749261990,5.85000000,110.62000000,6.08
1749261990,5.84000000,526.94000000,6.08
1749261990,5.83000000,133.26000000,6.08
1749261990,5.82000000,536.63000000,6.08
1749261990,5.81000000,534.93000000,6.08
1749261990,5.80000000,494.88000000,6.08
1749261990,5.79000000,367.77000000,6.08
1749261990,5.78000000,295.19000000,6.08
1749261990,5.77000000,106.27000000,6.08
1749261990,5.76000000,5.51000000,6.08
1749261990,5.75000000,2587.79000000,6.08
1749261990,5.74000000,42.80000000,6.08
1749261990,5.73000000,5.22000000,6.08
1749261990,5.72000000,4.72000000,6.08
1749261990,5.71000000,66.66000000,6.08
1749261990,5.70000000,859.79000000,6.08
1749261990,5.69000000,84.95000000,6.08
1749261990,5.68000000,337.26000000,6.08
1749261990,5.67000000,1.68000000,6.08
1749261990,5.66000000,194.36000000,6.08
1749261990,5.65000000,319.37000000,6.08
1749261990,5.64000000,41.98000000,6.08
1749261990,5.63000000,3.45000000,6.08
1749261990,5.62000000,653.80000000,6.08
1749261990,5.61000000,110.00000000,6.08
1749261990,5.60000000,2962.73000000,6.08
1749261990,5.59000000,590.20000000,6.08
1749261990,5.58000000,37.94000000,6.08
1749261990,5.57000000,419.56000000,6.08
1749261990,5.56000000,35.81000000,6.08
1749261990,5.55000000,170.58000000,6.08
1749261990,5.54000000,184.15000000,6.08
1749261990,5.53000000,53.97000000,6.08
1749261990,5.52000000,45.00000000,6.08
1749261990,5.51000000,49.22000000,6.08
1749261990,5.50000000,3364.33000000,6.08
1749261990,5.49000000,1.68000000,6.08
1749261990,5.48000000,233.49000000,6.08
1749261990,5.47000000,59.56000000,6.08
1749261990,5.46000000,18.49000000,6.08
1749261990,5.45000000,211.74000000,6.08
1749261990,5.44000000,91.04000000,6.08
1749261990,5.43000000,47.70000000,6.08
1749261990,5.42000000,942.05000000,6.08
1749261990,5.40000000,489.83000000,6.08
1749261990,5.39000000,14.61000000,6.08
1749261990,5.38000000,373.31000000,6.08
1749261990,5.37000000,283.91000000,6.08
1749261990,5.36000000,74.62000000,6.08
1749261990,5.35000000,557.41000000,6.08
1749261990,5.34000000,175.04000000,6.08
1749261990,5.32000000,236.48000000,6.08
1749261990,5.31000000,51.55000000,6.08
1749261990,5.30000000,2402.44000000,6.08
1749261990,5.29000000,9.20000000,6.08
1749261990,5.28000000,10.00000000,6.08
1749261990,5.27000000,13.97000000,6.08
1749261990,5.26000000,49.54000000,6.08
1749261990,5.25000000,236.66000000,6.08
1749261990,5.23000000,396.48000000,6.08
1749261990,5.21000000,20.12000000,6.08
1749261990,5.20000000,384.83000000,6.08
1749261990,5.19000000,14.19000000,6.08
1749261990,5.18000000,560.13000000,6.08
1749261990,5.15000000,3206.03000000,6.08
1749261990,5.14000000,12.34000000,6.08
1749261990,5.11000000,21.41000000,6.08
1749261990,5.10000000,21174.21000000,6.08
1749261990,5.08000000,22.30000000,6.08
1749261990,5.07000000,132.20000000,6.08
1749261990,5.06000000,6.51000000,6.08
1749261990,5.05000000,2766.63000000,6.08
1749261990,5.03000000,69.67000000,6.08
1749261990,5.02000000,6.62000000,6.08
1749261990,5.01000000,37.00000000,6.08
1749261990,5.00000000,6212.72000000,6.08
1749261990,4.99000000,24.07000000,6.08
1749262038,6.08000000,1391.76000000,6.08
1749262038,6.07000000,9410.01000000,6.08
1749262038,6.06000000,5791.78000000,6.08
1749262038,6.05000000,2821.01000000,6.08
1749262038,6.04000000,1726.23000000,6.08
1749262038,6.03000000,1787.25000000,6.08
1749262038,6.02000000,778.67000000,6.08
1749262038,6.01000000,665.66000000,6.08
1749262038,6.00000000,618.62000000,6.08
1749262038,5.99000000,1760.15000000,6.08
1749262038,5.98000000,1117.45000000,6.08
1749262038,5.97000000,438.02000000,6.08
1749262038,5.96000000,463.47000000,6.08
1749262038,5.95000000,1628.47000000,6.08
1749262038,5.94000000,161.53000000,6.08
1749262038,5.93000000,604.91000000,6.08
1749262038,5.92000000,196.75000000,6.08
1749262038,5.91000000,572.05000000,6.08
1749262038,5.90000000,489.81000000,6.08
1749262038,5.89000000,583.29000000,6.08
1749262038,5.88000000,546.42000000,6.08
1749262038,5.87000000,146.82000000,6.08
1749262038,5.86000000,334.29000000,6.08
1749262038,5.85000000,110.62000000,6.08
1749262038,5.84000000,526.94000000,6.08
1749262038,5.83000000,133.26000000,6.08
1749262038,5.82000000,536.63000000,6.08
1749262038,5.81000000,534.93000000,6.08
1749262038,5.80000000,494.88000000,6.08
1749262038,5.79000000,367.77000000,6.08
1749262038,5.78000000,295.19000000,6.08
1749262038,5.77000000,106.27000000,6.08
1749262038,5.76000000,5.51000000,6.08
1749262038,5.75000000,2587.79000000,6.08
1749262038,5.74000000,42.80000000,6.08
1749262038,5.73000000,5.22000000,6.08
1749262038,5.72000000,4.72000000,6.08
1749262038,5.71000000,66.66000000,6.08
1749262038,5.70000000,859.79000000,6.08
1749262038,5.69000000,84.95000000,6.08
1749262038,5.68000000,337.26000000,6.08
1749262038,5.67000000,1.68000000,6.08
1749262038,5.66000000,194.36000000,6.08
1749262038,5.65000000,319.37000000,6.08
1749262038,5.64000000,41.98000000,6.08
1749262038,5.63000000,3.45000000,6.08
1749262038,5.62000000,653.80000000,6.08
1749262038,5.61000000,110.00000000,6.08
1749262038,5.60000000,2962.73000000,6.08
1749262038,5.59000000,590.20000000,6.08
1749262038,5.58000000,37.94000000,6.08
1749262038,5.57000000,419.56000000,6.08
1749262038,5.56000000,35.81000000,6.08
1749262038,5.55000000,170.58000000,6.08
1749262038,5.54000000,184.15000000,6.08
1749262038,5.53000000,53.97000000,6.08
1749262038,5.52000000,45.00000000,6.08
1749262038,5.51000000,49.22000000,6.08
1749262038,5.50000000,3364.33000000,6.08
1749262038,5.49000000,1.68000000,6.08
1749262038,5.48000000,233.49000000,6.08
1749262038,5.47000000,59.56000000,6.08
1749262038,5.46000000,16.84000000,6.08
1749262038,5.45000000,211.74000000,6.08
1749262038,5.44000000,91.04000000,6.08
1749262038,5.43000000,47.70000000,6.08
1749262038,5.42000000,942.05000000,6.08
1749262038,5.40000000,489.83000000,6.08
1749262038,5.39000000,14.61000000,6.08
1749262038,5.38000000,373.31000000,6.08
1749262038,5.37000000,283.91000000,6.08
1749262038,5.36000000,74.62000000,6.08
1749262038,5.35000000,557.41000000,6.08
1749262038,5.34000000,175.04000000,6.08
1749262038,5.32000000,236.48000000,6.08
1749262038,5.31000000,51.55000000,6.08
1749262038,5.30000000,2202.44000000,6.08
1749262038,5.29000000,9.20000000,6.08
1749262038,5.28000000,10.00000000,6.08
1749262038,5.27000000,13.97000000,6.08
1749262038,5.26000000,49.54000000,6.08
1749262038,5.25000000,236.66000000,6.08
1749262038,5.23000000,396.48000000,6.08
1749262038,5.21000000,20.12000000,6.08
1749262038,5.20000000,384.83000000,6.08
1749262038,5.19000000,14.19000000,6.08
1749262038,5.18000000,560.13000000,6.08
1749262038,5.17000000,200.00000000,6.08
1749262038,5.15000000,3206.03000000,6.08
1749262038,5.14000000,12.34000000,6.08
1749262038,5.11000000,21.41000000,6.08
1749262038,5.10000000,21174.21000000,6.08
1749262038,5.08000000,22.30000000,6.08
1749262038,5.07000000,132.20000000,6.08
1749262038,5.06000000,6.51000000,6.08
1749262038,5.05000000,2766.63000000,6.08
1749262038,5.03000000,69.67000000,6.08
1749262038,5.02000000,6.62000000,6.08
1749262038,5.01000000,37.00000000,6.08
1749262038,5.00000000,6212.72000000,6.08
1749262292,6.09000000,707.25000000,6.09
1749262292,6.08000000,7364.82000000,6.09
1749262292,6.07000000,4503.62000000,6.09
1749262292,6.06000000,3954.42000000,6.09
1749262292,6.05000000,2519.29000000,6.09
1749262292,6.04000000,1074.29000000,6.09
1749262292,6.03000000,1451.29000000,6.09
1749262292,6.02000000,700.36000000,6.09
1749262292,6.01000000,871.91000000,6.09
1749262292,6.00000000,530.77000000,6.09
1749262292,5.99000000,1557.40000000,6.09
1749262292,5.98000000,1117.45000000,6.09
1749262292,5.97000000,437.69000000,6.09
1749262292,5.96000000,463.47000000,6.09
1749262292,5.95000000,1628.09000000,6.09
1749262292,5.94000000,368.65000000,6.09
1749262292,5.93000000,397.43000000,6.09
1749262292,5.92000000,414.88000000,6.09
1749262292,5.91000000,353.56000000,6.09
1749262292,5.90000000,719.54000000,6.09
1749262292,5.89000000,353.17000000,6.09
1749262292,5.88000000,546.02000000,6.09
1749262292,5.87000000,146.82000000,6.09
1749262292,5.86000000,333.86000000,6.09
1749262292,5.85000000,378.98000000,6.09
1749262292,5.84000000,258.13000000,6.09
1749262292,5.83000000,415.95000000,6.09
1749262292,5.82000000,253.52000000,6.09
1749262292,5.81000000,306.12000000,6.09
1749262292,5.80000000,494.88000000,6.09
1749262292,5.79000000,367.25000000,6.09
1749262292,5.78000000,295.19000000,6.09
1749262292,5.77000000,106.27000000,6.09
1749262292,5.76000000,5.51000000,6.09
1749262292,5.75000000,2587.79000000,6.09
1749262292,5.74000000,42.80000000,6.09
1749262292,5.73000000,5.22000000,6.09
1749262292,5.72000000,4.72000000,6.09
1749262292,5.71000000,66.66000000,6.09
1749262292,5.70000000,859.79000000,6.09
1749262292,5.69000000,84.95000000,6.09
1749262292,5.68000000,337.26000000,6.09
1749262292,5.67000000,1.68000000,6.09
1749262292,5.66000000,194.36000000,6.09
1749262292,5.65000000,319.37000000,6.09
1749262292,5.64000000,41.98000000,6.09
1749262292,5.63000000,3.45000000,6.09
1749262292,5.62000000,653.80000000,6.09
1749262292,5.61000000,110.00000000,6.09
1749262292,5.60000000,2962.73000000,6.09
1749262292,5.59000000,590.20000000,6.09
1749262292,5.58000000,37.94000000,6.09
1749262292,5.57000000,419.56000000,6.09
1749262292,5.56000000,35.81000000,6.09
1749262292,5.55000000,170.58000000,6.09
1749262292,5.54000000,184.15000000,6.09
1749262292,5.53000000,53.97000000,6.09
1749262292,5.52000000,45.00000000,6.09
1749262292,5.51000000,49.22000000,6.09
1749262292,5.50000000,3364.33000000,6.09
1749262292,5.49000000,1.68000000,6.09
1749262292,5.48000000,229.49000000,6.09
1749262292,5.47000000,61.91000000,6.09
1749262292,5.46000000,16.84000000,6.09
1749262292,5.45000000,211.74000000,6.09
1749262292,5.44000000,91.04000000,6.09
1749262292,5.43000000,47.70000000,6.09
1749262292,5.42000000,942.05000000,6.09
1749262292,5.40000000,489.83000000,6.09
1749262292,5.39000000,14.61000000,6.09
1749262292,5.38000000,373.31000000,6.09
1749262292,5.37000000,283.91000000,6.09
1749262292,5.36000000,74.62000000,6.09
1749262292,5.35000000,557.41000000,6.09
1749262292,5.34000000,175.04000000,6.09
1749262292,5.32000000,236.48000000,6.09
1749262292,5.31000000,51.55000000,6.09
1749262292,5.30000000,2202.44000000,6.09
1749262292,5.29000000,9.20000000,6.09
1749262292,5.28000000,10.00000000,6.09
1749262292,5.27000000,13.97000000,6.09
1749262292,5.26000000,49.54000000,6.09
1749262292,5.25000000,236.66000000,6.09
1749262292,5.23000000,396.48000000,6.09
1749262292,5.21000000,20.12000000,6.09
1749262292,5.20000000,384.83000000,6.09
1749262292,5.19000000,14.19000000,6.09
1749262292,5.18000000,560.13000000,6.09
1749262292,5.17000000,300.00000000,6.09
1749262292,5.15000000,3206.03000000,6.09
1749262292,5.14000000,12.34000000,6.09
1749262292,5.11000000,21.41000000,6.09
1749262292,5.10000000,21174.21000000,6.09
1749262292,5.08000000,22.30000000,6.09
1749262292,5.07000000,132.20000000,6.09
1749262292,5.06000000,6.51000000,6.09
1749262292,5.05000000,2766.63000000,6.09
1749262292,5.03000000,69.67000000,6.09
1749262292,5.02000000,6.62000000,6.09
1749262292,5.01000000,37.00000000,6.09
1749262339,6.09000000,416.04000000,6.09
1749262339,6.08000000,6375.14000000,6.09
1749262339,6.07000000,6205.50000000,6.09
1749262339,6.06000000,4101.00000000,6.09
1749262339,6.05000000,2373.30000000,6.09
1749262339,6.04000000,1099.41000000,6.09
1749262339,6.03000000,1475.50000000,6.09
1749262339,6.02000000,700.36000000,6.09
1749262339,6.01000000,871.91000000,6.09
1749262339,6.00000000,530.77000000,6.09
1749262339,5.99000000,1557.40000000,6.09
1749262339,5.98000000,1117.45000000,6.09
1749262339,5.97000000,437.69000000,6.09
1749262339,5.96000000,463.47000000,6.09
1749262339,5.95000000,1628.09000000,6.09
1749262339,5.94000000,368.65000000,6.09
1749262339,5.93000000,397.43000000,6.09
1749262339,5.92000000,414.88000000,6.09
1749262339,5.91000000,353.56000000,6.09
1749262339,5.90000000,719.54000000,6.09
1749262339,5.89000000,353.17000000,6.09
1749262339,5.88000000,546.02000000,6.09
1749262339,5.87000000,146.82000000,6.09
1749262339,5.86000000,333.86000000,6.09
1749262339,5.85000000,378.98000000,6.09
1749262339,5.84000000,258.13000000,6.09
1749262339,5.83000000,415.95000000,6.09
1749262339,5.82000000,253.52000000,6.09
1749262339,5.81000000,306.12000000,6.09
1749262339,5.80000000,494.88000000,6.09
1749262339,5.79000000,367.25000000,6.09
1749262339,5.78000000,295.19000000,6.09
1749262339,5.77000000,106.27000000,6.09
1749262339,5.76000000,5.51000000,6.09
1749262339,5.75000000,2587.79000000,6.09
1749262339,5.74000000,42.80000000,6.09
1749262339,5.73000000,5.22000000,6.09
1749262339,5.72000000,4.72000000,6.09
1749262339,5.71000000,66.66000000,6.09
1749262339,5.70000000,859.79000000,6.09
1749262339,5.69000000,84.95000000,6.09
1749262339,5.68000000,337.26000000,6.09
1749262339,5.67000000,1.68000000,6.09
1749262339,5.66000000,194.36000000,6.09
1749262339,5.65000000,319.37000000,6.09
1749262339,5.64000000,41.98000000,6.09
1749262339,5.63000000,3.45000000,6.09
1749262339,5.62000000,653.80000000,6.09
1749262339,5.61000000,110.00000000,6.09
1749262339,5.60000000,2962.73000000,6.09
1749262339,5.59000000,590.20000000,6.09
1749262339,5.58000000,37.94000000,6.09
1749262339,5.57000000,419.56000000,6.09
1749262339,5.56000000,35.81000000,6.09
1749262339,5.55000000,170.58000000,6.09
1749262339,5.54000000,184.15000000,6.09
1749262339,5.53000000,53.97000000,6.09
1749262339,5.52000000,45.00000000,6.09
1749262339,5.51000000,49.22000000,6.09
1749262339,5.50000000,3364.33000000,6.09
1749262339,5.49000000,1.68000000,6.09
1749262339,5.48000000,229.49000000,6.09
1749262339,5.47000000,61.91000000,6.09
1749262339,5.46000000,16.84000000,6.09
1749262339,5.45000000,211.74000000,6.09
1749262339,5.44000000,91.04000000,6.09
1749262339,5.43000000,47.70000000,6.09
1749262339,5.42000000,942.05000000,6.09
1749262339,5.40000000,489.83000000,6.09
1749262339,5.39000000,14.61000000,6.09
1749262339,5.38000000,373.31000000,6.09
1749262339,5.37000000,283.91000000,6.09
1749262339,5.36000000,74.62000000,6.09
1749262339,5.35000000,557.41000000,6.09
1749262339,5.34000000,175.04000000,6.09
1749262339,5.32000000,236.48000000,6.09
1749262339,5.31000000,51.55000000,6.09
1749262339,5.30000000,2202.44000000,6.09
1749262339,5.29000000,9.20000000,6.09
1749262339,5.28000000,10.00000000,6.09
1749262339,5.27000000,13.97000000,6.09
1749262339,5.26000000,49.54000000,6.09
1749262339,5.25000000,236.66000000,6.09
1749262339,5.23000000,396.48000000,6.09
1749262339,5.21000000,20.12000000,6.09
1749262339,5.20000000,384.83000000,6.09
1749262339,5.19000000,14.19000000,6.09
1749262339,5.18000000,560.13000000,6.09
1749262339,5.17000000,300.00000000,6.09
1749262339,5.15000000,3206.03000000,6.09
1749262339,5.14000000,12.34000000,6.09
1749262339,5.11000000,21.41000000,6.09
1749262339,5.10000000,21174.21000000,6.09
1749262339,5.08000000,22.30000000,6.09
1749262339,5.07000000,132.20000000,6.09
1749262339,5.06000000,6.51000000,6.09
1749262339,5.05000000,2766.63000000,6.09
1749262339,5.03000000,69.67000000,6.09
1749262339,5.02000000,6.62000000,6.09
1749262339,5.01000000,37.00000000,6.09
1749262593,6.09000000,469.43000000,6.09
1749262593,6.08000000,9027.66000000,6.09
1749262593,6.07000000,5156.76000000,6.09
1749262593,6.06000000,3425.39000000,6.09
1749262593,6.05000000,2496.49000000,6.09
1749262593,6.04000000,1268.70000000,6.09
1749262593,6.03000000,1451.29000000,6.09
1749262593,6.02000000,505.74000000,6.09
1749262593,6.01000000,871.91000000,6.09
1749262593,6.00000000,530.77000000,6.09
1749262593,5.99000000,1557.40000000,6.09
1749262593,5.98000000,1117.45000000,6.09
1749262593,5.97000000,437.69000000,6.09
1749262593,5.96000000,463.47000000,6.09
1749262593,5.95000000,1628.09000000,6.09
1749262593,5.94000000,368.65000000,6.09
1749262593,5.93000000,397.43000000,6.09
1749262593,5.92000000,414.88000000,6.09
1749262593,5.91000000,368.09000000,6.09
1749262593,5.90000000,719.54000000,6.09
1749262593,5.89000000,353.17000000,6.09
1749262593,5.88000000,546.02000000,6.09
1749262593,5.87000000,146.82000000,6.09
1749262593,5.86000000,333.86000000,6.09
1749262593,5.85000000,378.98000000,6.09
1749262593,5.84000000,258.13000000,6.09
1749262593,5.83000000,415.95000000,6.09
1749262593,5.82000000,253.52000000,6.09
1749262593,5.81000000,306.12000000,6.09
1749262593,5.80000000,494.88000000,6.09
1749262593,5.79000000,367.25000000,6.09
1749262593,5.78000000,295.19000000,6.09
1749262593,5.77000000,106.27000000,6.09
1749262593,5.76000000,5.51000000,6.09
1749262593,5.75000000,2587.79000000,6.09
1749262593,5.74000000,42.80000000,6.09
1749262593,5.73000000,5.22000000,6.09
1749262593,5.72000000,4.72000000,6.09
1749262593,5.71000000,66.66000000,6.09
1749262593,5.70000000,859.79000000,6.09
1749262593,5.69000000,84.95000000,6.09
1749262593,5.68000000,337.26000000,6.09
1749262593,5.67000000,1.68000000,6.09
1749262593,5.66000000,194.36000000,6.09
1749262593,5.65000000,319.37000000,6.09
1749262593,5.64000000,41.98000000,6.09
1749262593,5.63000000,3.45000000,6.09
1749262593,5.62000000,653.80000000,6.09
1749262593,5.61000000,110.00000000,6.09
1749262593,5.60000000,3063.63000000,6.09
1749262593,5.59000000,590.20000000,6.09
1749262593,5.58000000,37.94000000,6.09
1749262593,5.57000000,419.56000000,6.09
1749262593,5.56000000,35.81000000,6.09
1749262593,5.55000000,170.58000000,6.09
1749262593,5.54000000,184.15000000,6.09
1749262593,5.53000000,53.97000000,6.09
1749262593,5.52000000,45.00000000,6.09
1749262593,5.51000000,49.22000000,6.09
1749262593,5.50000000,3364.33000000,6.09
1749262593,5.49000000,1.68000000,6.09
1749262593,5.48000000,229.49000000,6.09
1749262593,5.47000000,61.91000000,6.09
1749262593,5.46000000,16.84000000,6.09
1749262593,5.45000000,211.74000000,6.09
1749262593,5.44000000,91.04000000,6.09
1749262593,5.43000000,47.70000000,6.09
1749262593,5.42000000,942.05000000,6.09
1749262593,5.40000000,489.83000000,6.09
1749262593,5.39000000,14.61000000,6.09
1749262593,5.38000000,373.31000000,6.09
1749262593,5.37000000,283.91000000,6.09
1749262593,5.36000000,74.62000000,6.09
1749262593,5.35000000,557.41000000,6.09
1749262593,5.34000000,175.04000000,6.09
1749262593,5.32000000,236.48000000,6.09
1749262593,5.31000000,51.55000000,6.09
1749262593,5.30000000,2202.44000000,6.09
1749262593,5.29000000,9.20000000,6.09
1749262593,5.28000000,10.00000000,6.09
1749262593,5.27000000,13.97000000,6.09
1749262593,5.26000000,49.54000000,6.09
1749262593,5.25000000,236.66000000,6.09
1749262593,5.23000000,396.48000000,6.09
1749262593,5.21000000,20.12000000,6.09
1749262593,5.20000000,384.83000000,6.09
1749262593,5.19000000,14.19000000,6.09
1749262593,5.18000000,560.13000000,6.09
1749262593,5.17000000,300.00000000,6.09
1749262593,5.15000000,3206.03000000,6.09
1749262593,5.14000000,12.34000000,6.09
1749262593,5.11000000,21.41000000,6.09
1749262593,5.10000000,21174.21000000,6.09
1749262593,5.08000000,22.30000000,6.09
1749262593,5.07000000,132.20000000,6.09
1749262593,5.06000000,6.51000000,6.09
1749262593,5.05000000,2766.63000000,6.09
1749262593,5.03000000,69.67000000,6.09
1749262593,5.02000000,6.62000000,6.09
1749262593,5.01000000,37.00000000,6.09
1749262641,6.08000000,3793.81000000,6.09
1749262641,6.07000000,8307.35000000,6.09
1749262641,6.06000000,4708.87000000,6.09
1749262641,6.05000000,2720.13000000,6.09
1749262641,6.04000000,1112.89000000,6.09
1749262641,6.03000000,1762.07000000,6.09
1749262641,6.02000000,505.74000000,6.09
1749262641,6.01000000,871.91000000,6.09
1749262641,6.00000000,530.77000000,6.09
1749262641,5.99000000,1557.40000000,6.09
1749262641,5.98000000,1117.45000000,6.09
1749262641,5.97000000,437.69000000,6.09
1749262641,5.96000000,463.47000000,6.09
1749262641,5.95000000,1628.09000000,6.09
1749262641,5.94000000,368.65000000,6.09
1749262641,5.93000000,397.43000000,6.09
1749262641,5.92000000,414.88000000,6.09
1749262641,5.91000000,368.09000000,6.09
1749262641,5.90000000,719.54000000,6.09
1749262641,5.89000000,353.17000000,6.09
1749262641,5.88000000,546.02000000,6.09
1749262641,5.87000000,146.82000000,6.09
1749262641,5.86000000,333.86000000,6.09
1749262641,5.85000000,378.98000000,6.09
1749262641,5.84000000,258.13000000,6.09
1749262641,5.83000000,415.95000000,6.09
1749262641,5.82000000,253.52000000,6.09
1749262641,5.81000000,306.12000000,6.09
1749262641,5.80000000,494.88000000,6.09
1749262641,5.79000000,367.25000000,6.09
1749262641,5.78000000,295.19000000,6.09
1749262641,5.77000000,106.27000000,6.09
1749262641,5.76000000,5.51000000,6.09
1749262641,5.75000000,2587.79000000,6.09
1749262641,5.74000000,42.80000000,6.09
1749262641,5.73000000,5.22000000,6.09
1749262641,5.72000000,4.72000000,6.09
1749262641,5.71000000,66.66000000,6.09
1749262641,5.70000000,859.79000000,6.09
1749262641,5.69000000,84.95000000,6.09
1749262641,5.68000000,337.26000000,6.09
1749262641,5.67000000,1.68000000,6.09
1749262641,5.66000000,194.36000000,6.09
1749262641,5.65000000,319.37000000,6.09
1749262641,5.64000000,41.98000000,6.09
1749262641,5.63000000,3.45000000,6.09
1749262641,5.62000000,653.80000000,6.09
1749262641,5.61000000,110.00000000,6.09
1749262641,5.60000000,3063.63000000,6.09
1749262641,5.59000000,590.20000000,6.09
1749262641,5.58000000,37.94000000,6.09
1749262641,5.57000000,419.56000000,6.09
1749262641,5.56000000,35.81000000,6.09
1749262641,5.55000000,170.58000000,6.09
1749262641,5.54000000,184.15000000,6.09
1749262641,5.53000000,53.97000000,6.09
1749262641,5.52000000,45.00000000,6.09
1749262641,5.51000000,49.22000000,6.09
1749262641,5.50000000,3364.33000000,6.09
1749262641,5.49000000,1.68000000,6.09
1749262641,5.48000000,229.49000000,6.09
1749262641,5.47000000,63.56000000,6.09
1749262641,5.46000000,16.84000000,6.09
1749262641,5.45000000,211.74000000,6.09
1749262641,5.44000000,91.04000000,6.09
1749262641,5.43000000,47.70000000,6.09
1749262641,5.42000000,942.05000000,6.09
1749262641,5.40000000,489.83000000,6.09
1749262641,5.39000000,14.61000000,6.09
1749262641,5.38000000,373.31000000,6.09
1749262641,5.37000000,283.91000000,6.09
1749262641,5.36000000,74.62000000,6.09
1749262641,5.35000000,557.41000000,6.09
1749262641,5.34000000,175.04000000,6.09
1749262641,5.32000000,236.48000000,6.09
1749262641,5.31000000,51.55000000,6.09
1749262641,5.30000000,2202.44000000,6.09
1749262641,5.29000000,9.20000000,6.09
1749262641,5.28000000,10.00000000,6.09
1749262641,5.27000000,13.97000000,6.09
1749262641,5.26000000,49.54000000,6.09
1749262641,5.25000000,236.66000000,6.09
1749262641,5.23000000,396.48000000,6.09
1749262641,5.21000000,20.12000000,6.09
1749262641,5.20000000,384.83000000,6.09
1749262641,5.19000000,14.19000000,6.09
1749262641,5.18000000,560.13000000,6.09
1749262641,5.17000000,300.00000000,6.09
1749262641,5.15000000,3206.03000000,6.09
1749262641,5.14000000,12.34000000,6.09
1749262641,5.11000000,21.41000000,6.09
1749262641,5.10000000,21174.21000000,6.09
1749262641,5.08000000,22.30000000,6.09
1749262641,5.07000000,132.20000000,6.09
1749262641,5.06000000,6.51000000,6.09
1749262641,5.05000000,2766.63000000,6.09
1749262641,5.03000000,69.67000000,6.09
1749262641,5.02000000,6.62000000,6.09
1749262641,5.01000000,37.00000000,6.09
1749262641,5.00000000,6212.72000000,6.09
1749262899,6.08000000,642.61000000,6.08
1749262899,6.07000000,8545.21000000,6.08
1749262899,6.06000000,5197.92000000,6.08
1749262899,6.05000000,2923.50000000,6.08
1749262899,6.04000000,1088.04000000,6.08
1749262899,6.03000000,2023.22000000,6.08
1749262899,6.02000000,486.73000000,6.08
1749262899,6.01000000,867.73000000,6.08
1749262899,6.00000000,1178.08000000,6.08
1749262899,5.99000000,1557.40000000,6.08
1749262899,5.98000000,581.25000000,6.08
1749262899,5.97000000,250.95000000,6.08
1749262899,5.96000000,650.55000000,6.08
1749262899,5.95000000,1638.88000000,6.08
1749262899,5.94000000,358.60000000,6.08
1749262899,5.93000000,389.67000000,6.08
1749262899,5.92000000,196.75000000,6.08
1749262899,5.91000000,801.45000000,6.08
1749262899,5.90000000,458.88000000,6.08
1749262899,5.89000000,378.88000000,6.08
1749262899,5.88000000,304.04000000,6.08
1749262899,5.87000000,389.20000000,6.08
1749262899,5.86000000,183.35000000,6.08
1749262899,5.85000000,365.92000000,6.08
1749262899,5.84000000,418.73000000,6.08
1749262899,5.83000000,133.26000000,6.08
1749262899,5.82000000,536.68000000,6.08
1749262899,5.81000000,8.45000000,6.08
1749262899,5.80000000,793.15000000,6.08
1749262899,5.79000000,53.69000000,6.08
1749262899,5.78000000,609.38000000,6.08
1749262899,5.77000000,106.27000000,6.08
1749262899,5.76000000,5.51000000,6.08
1749262899,5.75000000,2587.79000000,6.08
1749262899,5.74000000,42.80000000,6.08
1749262899,5.73000000,5.22000000,6.08
1749262899,5.72000000,4.72000000,6.08
1749262899,5.71000000,66.66000000,6.08
1749262899,5.70000000,859.79000000,6.08
1749262899,5.69000000,84.95000000,6.08
1749262899,5.68000000,337.26000000,6.08
1749262899,5.67000000,1.68000000,6.08
1749262899,5.66000000,194.36000000,6.08
1749262899,5.65000000,319.37000000,6.08
1749262899,5.64000000,41.98000000,6.08
1749262899,5.63000000,3.45000000,6.08
1749262899,5.62000000,653.80000000,6.08
1749262899,5.61000000,110.00000000,6.08
1749262899,5.60000000,3063.63000000,6.08
1749262899,5.59000000,590.20000000,6.08
1749262899,5.58000000,37.94000000,6.08
1749262899,5.57000000,419.56000000,6.08
1749262899,5.56000000,35.81000000,6.08
1749262899,5.55000000,170.58000000,6.08
1749262899,5.54000000,184.15000000,6.08
1749262899,5.53000000,53.97000000,6.08
1749262899,5.52000000,45.00000000,6.08
1749262899,5.51000000,49.22000000,6.08
1749262899,5.50000000,3364.33000000,6.08
1749262899,5.49000000,1.68000000,6.08
1749262899,5.48000000,225.49000000,6.08
1749262899,5.47000000,67.56000000,6.08
1749262899,5.46000000,16.84000000,6.08
1749262899,5.45000000,211.74000000,6.08
1749262899,5.44000000,91.04000000,6.08
1749262899,5.43000000,47.70000000,6.08
1749262899,5.42000000,942.05000000,6.08
1749262899,5.40000000,489.83000000,6.08
1749262899,5.39000000,14.61000000,6.08
1749262899,5.38000000,373.31000000,6.08
1749262899,5.37000000,283.91000000,6.08
1749262899,5.36000000,74.62000000,6.08
1749262899,5.35000000,557.41000000,6.08
1749262899,5.34000000,175.04000000,6.08
1749262899,5.32000000,236.48000000,6.08
1749262899,5.31000000,51.55000000,6.08
1749262899,5.30000000,2202.44000000,6.08
1749262899,5.29000000,9.20000000,6.08
1749262899,5.28000000,10.00000000,6.08
1749262899,5.27000000,13.97000000,6.08
1749262899,5.26000000,49.54000000,6.08
1749262899,5.25000000,236.66000000,6.08
1749262899,5.23000000,396.48000000,6.08
1749262899,5.21000000,20.12000000,6.08
1749262899,5.20000000,384.83000000,6.08
1749262899,5.19000000,14.19000000,6.08
1749262899,5.18000000,560.13000000,6.08
1749262899,5.17000000,300.00000000,6.08
1749262899,5.15000000,3206.03000000,6.08
1749262899,5.14000000,12.34000000,6.08
1749262899,5.11000000,21.41000000,6.08
1749262899,5.10000000,21174.21000000,6.08
1749262899,5.08000000,22.30000000,6.08
1749262899,5.07000000,132.20000000,6.08
1749262899,5.06000000,6.51000000,6.08
1749262899,5.05000000,2766.63000000,6.08
1749262899,5.03000000,69.67000000,6.08
1749262899,5.02000000,6.62000000,6.08
1749262899,5.01000000,37.00000000,6.08
1749262899,5.00000000,6212.72000000,6.08
1749262942,6.08000000,770.89000000,6.08
1749262942,6.07000000,8934.10000000,6.08
1749262942,6.06000000,4963.38000000,6.08
1749262942,6.05000000,2788.57000000,6.08
1749262942,6.04000000,1126.61000000,6.08
1749262942,6.03000000,2223.74000000,6.08
1749262942,6.02000000,486.73000000,6.08
1749262942,6.01000000,867.73000000,6.08
1749262942,6.00000000,1178.08000000,6.08
1749262942,5.99000000,1557.40000000,6.08
1749262942,5.98000000,581.25000000,6.08
1749262942,5.97000000,250.95000000,6.08
1749262942,5.96000000,650.55000000,6.08
1749262942,5.95000000,1638.88000000,6.08
1749262942,5.94000000,358.60000000,6.08
1749262942,5.93000000,389.67000000,6.08
1749262942,5.92000000,196.75000000,6.08
1749262942,5.91000000,801.45000000,6.08
1749262942,5.90000000,458.88000000,6.08
1749262942,5.89000000,378.88000000,6.08
1749262942,5.88000000,304.04000000,6.08
1749262942,5.87000000,389.20000000,6.08
1749262942,5.86000000,183.35000000,6.08
1749262942,5.85000000,365.92000000,6.08
1749262942,5.84000000,418.73000000,6.08
1749262942,5.83000000,133.26000000,6.08
1749262942,5.82000000,536.68000000,6.08
1749262942,5.81000000,8.45000000,6.08
1749262942,5.80000000,793.15000000,6.08
1749262942,5.79000000,53.69000000,6.08
1749262942,5.78000000,609.38000000,6.08
1749262942,5.77000000,106.27000000,6.08
1749262942,5.76000000,5.51000000,6.08
1749262942,5.75000000,2587.79000000,6.08
1749262942,5.74000000,42.80000000,6.08
1749262942,5.73000000,5.22000000,6.08
1749262942,5.72000000,4.72000000,6.08
1749262942,5.71000000,66.66000000,6.08
1749262942,5.70000000,859.79000000,6.08
1749262942,5.69000000,84.95000000,6.08
1749262942,5.68000000,337.26000000,6.08
1749262942,5.67000000,1.68000000,6.08
1749262942,5.66000000,194.36000000,6.08
1749262942,5.65000000,319.37000000,6.08
1749262942,5.64000000,41.98000000,6.08
1749262942,5.63000000,3.45000000,6.08
1749262942,5.62000000,653.80000000,6.08
1749262942,5.61000000,110.00000000,6.08
1749262942,5.60000000,3063.63000000,6.08
1749262942,5.59000000,590.20000000,6.08
1749262942,5.58000000,37.94000000,6.08
1749262942,5.57000000,419.56000000,6.08
1749262942,5.56000000,35.81000000,6.08
1749262942,5.55000000,170.58000000,6.08
1749262942,5.54000000,184.15000000,6.08
1749262942,5.53000000,53.97000000,6.08
1749262942,5.52000000,45.00000000,6.08
1749262942,5.51000000,49.22000000,6.08
1749262942,5.50000000,3364.33000000,6.08
1749262942,5.49000000,1.68000000,6.08
1749262942,5.48000000,225.49000000,6.08
1749262942,5.47000000,67.56000000,6.08
1749262942,5.46000000,16.84000000,6.08
1749262942,5.45000000,211.74000000,6.08
1749262942,5.44000000,91.04000000,6.08
1749262942,5.43000000,47.70000000,6.08
1749262942,5.42000000,942.05000000,6.08
1749262942,5.40000000,489.83000000,6.08
1749262942,5.39000000,14.61000000,6.08
1749262942,5.38000000,373.31000000,6.08
1749262942,5.37000000,283.91000000,6.08
1749262942,5.36000000,74.62000000,6.08
1749262942,5.35000000,557.41000000,6.08
1749262942,5.34000000,175.04000000,6.08
1749262942,5.32000000,236.48000000,6.08
1749262942,5.31000000,51.55000000,6.08
1749262942,5.30000000,2202.44000000,6.08
1749262942,5.29000000,9.20000000,6.08
1749262942,5.28000000,10.00000000,6.08
1749262942,5.27000000,13.97000000,6.08
1749262942,5.26000000,49.54000000,6.08
1749262942,5.25000000,236.66000000,6.08
1749262942,5.23000000,396.48000000,6.08
1749262942,5.21000000,20.12000000,6.08
1749262942,5.20000000,384.83000000,6.08
1749262942,5.19000000,14.19000000,6.08
1749262942,5.18000000,560.13000000,6.08
1749262942,5.17000000,300.00000000,6.08
1749262942,5.15000000,3206.03000000,6.08
1749262942,5.14000000,12.34000000,6.08
1749262942,5.11000000,21.41000000,6.08
1749262942,5.10000000,21174.21000000,6.08
1749262942,5.08000000,22.30000000,6.08
1749262942,5.07000000,132.20000000,6.08
1749262942,5.06000000,6.51000000,6.08
1749262942,5.05000000,2766.63000000,6.08
1749262942,5.03000000,69.67000000,6.08
1749262942,5.02000000,6.62000000,6.08
1749262942,5.01000000,37.00000000,6.08
1749262942,5.00000000,6212.72000000,6.08
1749263201,6.09000000,745.96000000,6.1
1749263201,6.08000000,8421.66000000,6.1
1749263201,6.07000000,5216.55000000,6.1
1749263201,6.06000000,3433.95000000,6.1
1749263201,6.05000000,2264.04000000,6.1
1749263201,6.04000000,995.11000000,6.1
1749263201,6.03000000,1712.98000000,6.1
1749263201,6.02000000,501.77000000,6.1
1749263201,6.01000000,867.73000000,6.1
1749263201,6.00000000,1162.99000000,6.1
1749263201,5.99000000,1557.40000000,6.1
1749263201,5.98000000,581.25000000,6.1
1749263201,5.97000000,250.95000000,6.1
1749263201,5.96000000,650.55000000,6.1
1749263201,5.95000000,1638.88000000,6.1
1749263201,5.94000000,358.60000000,6.1
1749263201,5.93000000,389.67000000,6.1
1749263201,5.92000000,196.75000000,6.1
1749263201,5.91000000,801.45000000,6.1
1749263201,5.90000000,458.88000000,6.1
1749263201,5.89000000,378.88000000,6.1
1749263201,5.88000000,304.04000000,6.1
1749263201,5.87000000,389.20000000,6.1
1749263201,5.86000000,183.35000000,6.1
1749263201,5.85000000,365.92000000,6.1
1749263201,5.84000000,418.73000000,6.1
1749263201,5.83000000,133.26000000,6.1
1749263201,5.82000000,536.68000000,6.1
1749263201,5.81000000,8.45000000,6.1
1749263201,5.80000000,753.15000000,6.1
1749263201,5.79000000,53.69000000,6.1
1749263201,5.78000000,609.38000000,6.1
1749263201,5.77000000,106.27000000,6.1
1749263201,5.76000000,5.51000000,6.1
1749263201,5.75000000,2587.79000000,6.1
1749263201,5.74000000,42.80000000,6.1
1749263201,5.73000000,5.22000000,6.1
1749263201,5.72000000,4.72000000,6.1
1749263201,5.71000000,66.66000000,6.1
1749263201,5.70000000,859.79000000,6.1
1749263201,5.69000000,84.95000000,6.1
1749263201,5.68000000,337.26000000,6.1
1749263201,5.67000000,1.68000000,6.1
1749263201,5.66000000,194.36000000,6.1
1749263201,5.65000000,319.37000000,6.1
1749263201,5.64000000,41.98000000,6.1
1749263201,5.63000000,3.45000000,6.1
1749263201,5.62000000,653.80000000,6.1
1749263201,5.61000000,110.00000000,6.1
1749263201,5.60000000,3063.63000000,6.1
1749263201,5.59000000,590.20000000,6.1
1749263201,5.58000000,37.94000000,6.1
1749263201,5.57000000,419.56000000,6.1
1749263201,5.56000000,35.81000000,6.1
1749263201,5.55000000,170.58000000,6.1
1749263201,5.54000000,184.15000000,6.1
1749263201,5.53000000,53.97000000,6.1
1749263201,5.52000000,45.00000000,6.1
1749263201,5.51000000,49.22000000,6.1
1749263201,5.50000000,3364.33000000,6.1
1749263201,5.49000000,1.68000000,6.1
1749263201,5.48000000,229.49000000,6.1
1749263201,5.47000000,61.91000000,6.1
1749263201,5.46000000,16.84000000,6.1
1749263201,5.45000000,211.74000000,6.1
1749263201,5.44000000,91.04000000,6.1
1749263201,5.43000000,47.70000000,6.1
1749263201,5.42000000,942.05000000,6.1
1749263201,5.40000000,489.83000000,6.1
1749263201,5.39000000,14.61000000,6.1
1749263201,5.38000000,373.31000000,6.1
1749263201,5.37000000,283.91000000,6.1
1749263201,5.36000000,74.62000000,6.1
1749263201,5.35000000,557.41000000,6.1
1749263201,5.34000000,175.04000000,6.1
1749263201,5.32000000,236.48000000,6.1
1749263201,5.31000000,51.55000000,6.1
1749263201,5.30000000,2202.44000000,6.1
1749263201,5.29000000,9.20000000,6.1
1749263201,5.28000000,10.00000000,6.1
1749263201,5.27000000,13.97000000,6.1
1749263201,5.26000000,49.54000000,6.1
1749263201,5.25000000,236.66000000,6.1
1749263201,5.23000000,396.48000000,6.1
1749263201,5.21000000,20.12000000,6.1
1749263201,5.20000000,384.83000000,6.1
1749263201,5.19000000,14.19000000,6.1
1749263201,5.18000000,560.13000000,6.1
1749263201,5.17000000,300.00000000,6.1
1749263201,5.15000000,3206.03000000,6.1
1749263201,5.14000000,12.34000000,6.1
1749263201,5.11000000,21.41000000,6.1
1749263201,5.10000000,21174.21000000,6.1
1749263201,5.08000000,22.30000000,6.1
1749263201,5.07000000,132.20000000,6.1
1749263201,5.06000000,6.51000000,6.1
1749263201,5.05000000,2766.63000000,6.1
1749263201,5.03000000,69.67000000,6.1
1749263201,5.02000000,6.62000000,6.1
1749263201,5.01000000,37.00000000,6.1
1749263249,6.09000000,856.97000000,6.1
1749263249,6.08000000,8228.98000000,6.1
1749263249,6.07000000,5156.28000000,6.1
1749263249,6.06000000,3507.65000000,6.1
1749263249,6.05000000,2227.50000000,6.1
1749263249,6.04000000,995.11000000,6.1
1749263249,6.03000000,1734.32000000,6.1
1749263249,6.02000000,501.77000000,6.1
1749263249,6.01000000,846.34000000,6.1
1749263249,6.00000000,1162.99000000,6.1
1749263249,5.99000000,1557.40000000,6.1
1749263249,5.98000000,581.25000000,6.1
1749263249,5.97000000,250.95000000,6.1
1749263249,5.96000000,650.55000000,6.1
1749263249,5.95000000,1638.88000000,6.1
1749263249,5.94000000,358.60000000,6.1
1749263249,5.93000000,389.67000000,6.1
1749263249,5.92000000,196.75000000,6.1
1749263249,5.91000000,801.45000000,6.1
1749263249,5.90000000,458.88000000,6.1
1749263249,5.89000000,378.88000000,6.1
1749263249,5.88000000,304.04000000,6.1
1749263249,5.87000000,389.20000000,6.1
1749263249,5.86000000,183.35000000,6.1
1749263249,5.85000000,365.92000000,6.1
1749263249,5.84000000,418.73000000,6.1
1749263249,5.83000000,133.26000000,6.1
1749263249,5.82000000,536.68000000,6.1
1749263249,5.81000000,8.45000000,6.1
1749263249,5.80000000,753.15000000,6.1
1749263249,5.79000000,53.69000000,6.1
1749263249,5.78000000,609.38000000,6.1
1749263249,5.77000000,106.27000000,6.1
1749263249,5.76000000,5.51000000,6.1
1749263249,5.75000000,2587.79000000,6.1
1749263249,5.74000000,42.80000000,6.1
1749263249,5.73000000,5.22000000,6.1
1749263249,5.72000000,4.72000000,6.1
1749263249,5.71000000,66.66000000,6.1
1749263249,5.70000000,859.79000000,6.1
1749263249,5.69000000,84.95000000,6.1
1749263249,5.68000000,337.26000000,6.1
1749263249,5.67000000,1.68000000,6.1
1749263249,5.66000000,194.36000000,6.1
1749263249,5.65000000,319.37000000,6.1
1749263249,5.64000000,41.98000000,6.1
1749263249,5.63000000,3.45000000,6.1
1749263249,5.62000000,653.80000000,6.1
1749263249,5.61000000,110.00000000,6.1
1749263249,5.60000000,3063.63000000,6.1
1749263249,5.59000000,590.20000000,6.1
1749263249,5.58000000,37.94000000,6.1
1749263249,5.57000000,419.56000000,6.1
1749263249,5.56000000,35.81000000,6.1
1749263249,5.55000000,170.58000000,6.1
1749263249,5.54000000,184.15000000,6.1
1749263249,5.53000000,53.97000000,6.1
1749263249,5.52000000,45.00000000,6.1
1749263249,5.51000000,49.22000000,6.1
1749263249,5.50000000,3364.33000000,6.1
1749263249,5.49000000,1.68000000,6.1
1749263249,5.48000000,229.49000000,6.1
1749263249,5.47000000,61.91000000,6.1
1749263249,5.46000000,16.84000000,6.1
1749263249,5.45000000,211.74000000,6.1
1749263249,5.44000000,91.04000000,6.1
1749263249,5.43000000,47.70000000,6.1
1749263249,5.42000000,942.05000000,6.1
1749263249,5.40000000,489.83000000,6.1
1749263249,5.39000000,14.61000000,6.1
1749263249,5.38000000,373.31000000,6.1
1749263249,5.37000000,283.91000000,6.1
1749263249,5.36000000,74.62000000,6.1
1749263249,5.35000000,557.41000000,6.1
1749263249,5.34000000,175.04000000,6.1
1749263249,5.32000000,236.48000000,6.1
1749263249,5.31000000,51.55000000,6.1
1749263249,5.30000000,2202.44000000,6.1
1749263249,5.29000000,9.20000000,6.1
1749263249,5.28000000,10.00000000,6.1
1749263249,5.27000000,13.97000000,6.1
1749263249,5.26000000,49.54000000,6.1
1749263249,5.25000000,236.66000000,6.1
1749263249,5.23000000,396.48000000,6.1
1749263249,5.21000000,20.12000000,6.1
1749263249,5.20000000,384.83000000,6.1
1749263249,5.19000000,14.19000000,6.1
1749263249,5.18000000,560.13000000,6.1
1749263249,5.17000000,300.00000000,6.1
1749263249,5.15000000,3206.03000000,6.1
1749263249,5.14000000,12.34000000,6.1
1749263249,5.11000000,21.41000000,6.1
1749263249,5.10000000,21174.21000000,6.1
1749263249,5.08000000,22.30000000,6.1
1749263249,5.07000000,132.20000000,6.1
1749263249,5.06000000,6.51000000,6.1
1749263249,5.05000000,2766.63000000,6.1
1749263249,5.03000000,69.67000000,6.1
1749263249,5.02000000,6.62000000,6.1
1749263249,5.01000000,37.00000000,6.1
1749263507,6.09000000,1855.13000000,6.1
1749263507,6.08000000,8697.09000000,6.1
1749263507,6.07000000,4019.48000000,6.1
1749263507,6.06000000,2929.41000000,6.1
1749263507,6.05000000,1063.31000000,6.1
1749263507,6.04000000,1188.79000000,6.1
1749263507,6.03000000,1594.76000000,6.1
1749263507,6.02000000,486.75000000,6.1
1749263507,6.01000000,850.62000000,6.1
1749263507,6.00000000,1163.00000000,6.1
1749263507,5.99000000,1557.40000000,6.1
1749263507,5.98000000,362.21000000,6.1
1749263507,5.97000000,250.95000000,6.1
1749263507,5.96000000,650.57000000,6.1
1749263507,5.95000000,1835.97000000,6.1
1749263507,5.94000000,161.53000000,6.1
1749263507,5.93000000,389.70000000,6.1
1749263507,5.92000000,196.75000000,6.1
1749263507,5.91000000,801.53000000,6.1
1749263507,5.90000000,374.99000000,6.1
1749263507,5.89000000,377.68000000,6.1
1749263507,5.88000000,304.04000000,6.1
1749263507,5.87000000,389.27000000,6.1
1749263507,5.86000000,438.67000000,6.1
1749263507,5.85000000,110.62000000,6.1
1749263507,5.84000000,418.74000000,6.1
1749263507,5.83000000,61.26000000,6.1
1749263507,5.82000000,464.78000000,6.1
1749263507,5.81000000,8.45000000,6.1
1749263507,5.80000000,753.21000000,6.1
1749263507,5.79000000,367.89000000,6.1
1749263507,5.78000000,295.19000000,6.1
1749263507,5.77000000,106.27000000,6.1
1749263507,5.76000000,5.51000000,6.1
1749263507,5.75000000,2587.79000000,6.1
1749263507,5.74000000,42.80000000,6.1
1749263507,5.73000000,5.22000000,6.1
1749263507,5.72000000,4.72000000,6.1
1749263507,5.71000000,66.66000000,6.1
1749263507,5.70000000,859.79000000,6.1
1749263507,5.69000000,84.95000000,6.1
1749263507,5.68000000,337.26000000,6.1
1749263507,5.67000000,1.68000000,6.1
1749263507,5.66000000,194.36000000,6.1
1749263507,5.65000000,319.37000000,6.1
1749263507,5.64000000,41.98000000,6.1
1749263507,5.63000000,3.45000000,6.1
1749263507,5.62000000,653.80000000,6.1
1749263507,5.61000000,110.00000000,6.1
1749263507,5.60000000,3063.63000000,6.1
1749263507,5.59000000,590.20000000,6.1
1749263507,5.58000000,37.94000000,6.1
1749263507,5.57000000,419.56000000,6.1
1749263507,5.56000000,35.81000000,6.1
1749263507,5.55000000,170.58000000,6.1
1749263507,5.54000000,184.15000000,6.1
1749263507,5.53000000,53.97000000,6.1
1749263507,5.52000000,45.00000000,6.1
1749263507,5.51000000,49.22000000,6.1
1749263507,5.50000000,3364.33000000,6.1
1749263507,5.49000000,5.68000000,6.1
1749263507,5.48000000,229.45000000,6.1
1749263507,5.47000000,57.91000000,6.1
1749263507,5.46000000,16.84000000,6.1
1749263507,5.45000000,211.74000000,6.1
1749263507,5.44000000,91.04000000,6.1
1749263507,5.43000000,47.70000000,6.1
1749263507,5.42000000,942.05000000,6.1
1749263507,5.40000000,489.83000000,6.1
1749263507,5.39000000,14.61000000,6.1
1749263507,5.38000000,373.31000000,6.1
1749263507,5.37000000,283.91000000,6.1
1749263507,5.36000000,74.62000000,6.1
1749263507,5.35000000,557.41000000,6.1
1749263507,5.34000000,175.04000000,6.1
1749263507,5.32000000,236.48000000,6.1
1749263507,5.31000000,51.55000000,6.1
1749263507,5.30000000,2202.44000000,6.1
1749263507,5.29000000,9.20000000,6.1
1749263507,5.28000000,10.00000000,6.1
1749263507,5.27000000,13.97000000,6.1
1749263507,5.26000000,49.54000000,6.1
1749263507,5.25000000,236.66000000,6.1
1749263507,5.23000000,396.48000000,6.1
1749263507,5.21000000,20.12000000,6.1
1749263507,5.20000000,384.83000000,6.1
1749263507,5.19000000,14.19000000,6.1
1749263507,5.18000000,560.13000000,6.1
1749263507,5.17000000,300.00000000,6.1
1749263507,5.15000000,3206.03000000,6.1
1749263507,5.14000000,12.34000000,6.1
1749263507,5.11000000,21.41000000,6.1
1749263507,5.10000000,21174.21000000,6.1
1749263507,5.08000000,22.30000000,6.1
1749263507,5.07000000,132.20000000,6.1
1749263507,5.06000000,6.51000000,6.1
1749263507,5.05000000,2766.63000000,6.1
1749263507,5.03000000,69.67000000,6.1
1749263507,5.02000000,6.62000000,6.1
1749263507,5.01000000,37.00000000,6.1
1749263550,6.09000000,4026.22000000,6.09
1749263550,6.08000000,6442.16000000,6.09
1749263550,6.07000000,3769.05000000,6.09
1749263550,6.06000000,3076.10000000,6.09
1749263550,6.05000000,1099.85000000,6.09
1749263550,6.04000000,1188.79000000,6.09
1749263550,6.03000000,1594.76000000,6.09
1749263550,6.02000000,486.75000000,6.09
1749263550,6.01000000,850.62000000,6.09
1749263550,6.00000000,1163.00000000,6.09
1749263550,5.99000000,1557.40000000,6.09
1749263550,5.98000000,565.30000000,6.09
1749263550,5.97000000,250.95000000,6.09
1749263550,5.96000000,446.80000000,6.09
1749263550,5.95000000,1835.97000000,6.09
1749263550,5.94000000,161.53000000,6.09
1749263550,5.93000000,389.70000000,6.09
1749263550,5.92000000,196.75000000,6.09
1749263550,5.91000000,801.53000000,6.09
1749263550,5.90000000,398.25000000,6.09
1749263550,5.89000000,377.68000000,6.09
1749263550,5.88000000,304.04000000,6.09
1749263550,5.87000000,389.27000000,6.09
1749263550,5.86000000,438.67000000,6.09
1749263550,5.85000000,110.62000000,6.09
1749263550,5.84000000,418.74000000,6.09
1749263550,5.83000000,61.26000000,6.09
1749263550,5.82000000,464.78000000,6.09
1749263550,5.81000000,8.45000000,6.09
1749263550,5.80000000,753.21000000,6.09
1749263550,5.79000000,367.89000000,6.09
1749263550,5.78000000,295.19000000,6.09
1749263550,5.77000000,106.27000000,6.09
1749263550,5.76000000,5.51000000,6.09
1749263550,5.75000000,2587.79000000,6.09
1749263550,5.74000000,42.80000000,6.09
1749263550,5.73000000,5.22000000,6.09
1749263550,5.72000000,4.72000000,6.09
1749263550,5.71000000,66.66000000,6.09
1749263550,5.70000000,859.79000000,6.09
1749263550,5.69000000,84.95000000,6.09
1749263550,5.68000000,337.26000000,6.09
1749263550,5.67000000,1.68000000,6.09
1749263550,5.66000000,194.36000000,6.09
1749263550,5.65000000,319.37000000,6.09
1749263550,5.64000000,41.98000000,6.09
1749263550,5.63000000,3.45000000,6.09
1749263550,5.62000000,653.80000000,6.09
1749263550,5.61000000,110.00000000,6.09
1749263550,5.60000000,3063.63000000,6.09
1749263550,5.59000000,590.20000000,6.09
1749263550,5.58000000,37.94000000,6.09
1749263550,5.57000000,419.56000000,6.09
1749263550,5.56000000,35.81000000,6.09
1749263550,5.55000000,170.58000000,6.09
1749263550,5.54000000,184.15000000,6.09
1749263550,5.53000000,53.97000000,6.09
1749263550,5.52000000,45.00000000,6.09
1749263550,5.51000000,49.22000000,6.09
1749263550,5.50000000,3364.33000000,6.09
1749263550,5.49000000,5.68000000,6.09
1749263550,5.48000000,229.45000000,6.09
1749263550,5.47000000,57.91000000,6.09
1749263550,5.46000000,16.84000000,6.09
1749263550,5.45000000,211.74000000,6.09
1749263550,5.44000000,91.04000000,6.09
1749263550,5.43000000,47.70000000,6.09
1749263550,5.42000000,942.05000000,6.09
1749263550,5.40000000,489.83000000,6.09
1749263550,5.39000000,14.61000000,6.09
1749263550,5.38000000,373.31000000,6.09
1749263550,5.37000000,283.91000000,6.09
1749263550,5.36000000,74.62000000,6.09
1749263550,5.35000000,557.41000000,6.09
1749263550,5.34000000,175.04000000,6.09
1749263550,5.32000000,236.48000000,6.09
1749263550,5.31000000,51.55000000,6.09
1749263550,5.30000000,2202.44000000,6.09
1749263550,5.29000000,9.20000000,6.09
1749263550,5.28000000,10.00000000,6.09
1749263550,5.27000000,13.97000000,6.09
1749263550,5.26000000,49.54000000,6.09
1749263550,5.25000000,236.66000000,6.09
1749263550,5.23000000,396.48000000,6.09
1749263550,5.21000000,20.12000000,6.09
1749263550,5.20000000,384.83000000,6.09
1749263550,5.19000000,14.19000000,6.09
1749263550,5.18000000,560.13000000,6.09
1749263550,5.17000000,300.00000000,6.09
1749263550,5.15000000,3206.03000000,6.09
1749263550,5.14000000,12.34000000,6.09
1749263550,5.11000000,21.41000000,6.09
1749263550,5.10000000,21174.21000000,6.09
1749263550,5.08000000,22.30000000,6.09
1749263550,5.07000000,132.20000000,6.09
1749263550,5.06000000,6.51000000,6.09
1749263550,5.05000000,2766.63000000,6.09
1749263550,5.03000000,69.67000000,6.09
1749263550,5.02000000,6.62000000,6.09
1749263550,5.01000000,37.00000000,6.09
1749263814,6.10000000,1179.34000000,6.1
1749263814,6.09000000,7621.49000000,6.1
1749263814,6.08000000,4759.57000000,6.1
1749263814,6.07000000,4108.39000000,6.1
1749263814,6.06000000,2398.31000000,6.1
1749263814,6.05000000,1108.10000000,6.1
1749263814,6.04000000,760.47000000,6.1
1749263814,6.03000000,1756.04000000,6.1
1749263814,6.02000000,486.75000000,6.1
1749263814,6.01000000,1876.87000000,6.1
1749263814,6.00000000,1163.00000000,6.1
1749263814,5.99000000,364.05000000,6.1
1749263814,5.98000000,565.30000000,6.1
1749263814,5.97000000,250.95000000,6.1
1749263814,5.96000000,446.80000000,6.1
1749263814,5.95000000,1835.97000000,6.1
1749263814,5.94000000,161.53000000,6.1
1749263814,5.93000000,389.70000000,6.1
1749263814,5.92000000,196.75000000,6.1
1749263814,5.91000000,801.53000000,6.1
1749263814,5.90000000,398.25000000,6.1
1749263814,5.89000000,377.68000000,6.1
1749263814,5.88000000,304.04000000,6.1
1749263814,5.87000000,389.27000000,6.1
1749263814,5.86000000,438.67000000,6.1
1749263814,5.85000000,110.62000000,6.1
1749263814,5.84000000,418.74000000,6.1
1749263814,5.83000000,61.26000000,6.1
1749263814,5.82000000,464.78000000,6.1
1749263814,5.81000000,8.45000000,6.1
1749263814,5.80000000,753.21000000,6.1
1749263814,5.79000000,367.89000000,6.1
1749263814,5.78000000,295.19000000,6.1
1749263814,5.77000000,106.27000000,6.1
1749263814,5.76000000,5.51000000,6.1
1749263814,5.75000000,2587.79000000,6.1
1749263814,5.74000000,42.80000000,6.1
1749263814,5.73000000,5.22000000,6.1
1749263814,5.72000000,4.72000000,6.1
1749263814,5.71000000,66.66000000,6.1
1749263814,5.70000000,859.79000000,6.1
1749263814,5.69000000,84.95000000,6.1
1749263814,5.68000000,337.26000000,6.1
1749263814,5.67000000,1.68000000,6.1
1749263814,5.66000000,194.36000000,6.1
1749263814,5.65000000,319.37000000,6.1
1749263814,5.64000000,41.98000000,6.1
1749263814,5.63000000,3.45000000,6.1
1749263814,5.62000000,653.80000000,6.1
1749263814,5.61000000,110.00000000,6.1
1749263814,5.60000000,3063.63000000,6.1
1749263814,5.59000000,590.20000000,6.1
1749263814,5.58000000,37.94000000,6.1
1749263814,5.57000000,419.56000000,6.1
1749263814,5.56000000,35.81000000,6.1
1749263814,5.55000000,170.58000000,6.1
1749263814,5.54000000,184.15000000,6.1
1749263814,5.53000000,53.97000000,6.1
1749263814,5.52000000,45.00000000,6.1
1749263814,5.51000000,49.22000000,6.1
1749263814,5.50000000,3364.33000000,6.1
1749263814,5.49000000,5.68000000,6.1
1749263814,5.48000000,227.81000000,6.1
1749263814,5.47000000,57.91000000,6.1
1749263814,5.46000000,16.84000000,6.1
1749263814,5.45000000,211.74000000,6.1
1749263814,5.44000000,91.04000000,6.1
1749263814,5.43000000,47.70000000,6.1
1749263814,5.42000000,942.05000000,6.1
1749263814,5.40000000,489.83000000,6.1
1749263814,5.39000000,14.61000000,6.1
1749263814,5.38000000,373.31000000,6.1
1749263814,5.37000000,283.91000000,6.1
1749263814,5.36000000,74.62000000,6.1
1749263814,5.35000000,557.41000000,6.1
1749263814,5.34000000,175.04000000,6.1
1749263814,5.32000000,236.48000000,6.1
1749263814,5.31000000,51.55000000,6.1
1749263814,5.30000000,2202.44000000,6.1
1749263814,5.29000000,9.20000000,6.1
1749263814,5.28000000,10.00000000,6.1
1749263814,5.27000000,13.97000000,6.1
1749263814,5.26000000,49.54000000,6.1
1749263814,5.25000000,236.66000000,6.1
1749263814,5.23000000,396.48000000,6.1
1749263814,5.21000000,20.12000000,6.1
1749263814,5.20000000,384.83000000,6.1
1749263814,5.19000000,14.19000000,6.1
1749263814,5.18000000,560.13000000,6.1
1749263814,5.17000000,300.00000000,6.1
1749263814,5.15000000,3206.03000000,6.1
1749263814,5.14000000,12.34000000,6.1
1749263814,5.11000000,21.41000000,6.1
1749263814,5.10000000,21174.21000000,6.1
1749263814,5.08000000,22.30000000,6.1
1749263814,5.07000000,132.20000000,6.1
1749263814,5.06000000,6.51000000,6.1
1749263814,5.05000000,2766.63000000,6.1
1749263814,5.03000000,69.67000000,6.1
1749263814,5.02000000,6.62000000,6.1
1749263852,6.10000000,1047.12000000,6.1
1749263852,6.09000000,7255.86000000,6.1
1749263852,6.08000000,5356.68000000,6.1
1749263852,6.07000000,4254.79000000,6.1
1749263852,6.06000000,2435.05000000,6.1
1749263852,6.05000000,961.28000000,6.1
1749263852,6.04000000,760.47000000,6.1
1749263852,6.03000000,1756.04000000,6.1
1749263852,6.02000000,486.75000000,6.1
1749263852,6.01000000,1876.87000000,6.1
1749263852,6.00000000,1163.00000000,6.1
1749263852,5.99000000,364.05000000,6.1
1749263852,5.98000000,565.30000000,6.1
1749263852,5.97000000,250.95000000,6.1
1749263852,5.96000000,446.80000000,6.1
1749263852,5.95000000,1835.97000000,6.1
1749263852,5.94000000,161.53000000,6.1
1749263852,5.93000000,389.70000000,6.1
1749263852,5.92000000,196.75000000,6.1
1749263852,5.91000000,801.53000000,6.1
1749263852,5.90000000,398.25000000,6.1
1749263852,5.89000000,377.68000000,6.1
1749263852,5.88000000,304.04000000,6.1
1749263852,5.87000000,389.27000000,6.1
1749263852,5.86000000,438.67000000,6.1
1749263852,5.85000000,110.62000000,6.1
1749263852,5.84000000,418.74000000,6.1
1749263852,5.83000000,61.26000000,6.1
1749263852,5.82000000,464.78000000,6.1
1749263852,5.81000000,8.45000000,6.1
1749263852,5.80000000,753.21000000,6.1
1749263852,5.79000000,367.89000000,6.1
1749263852,5.78000000,295.19000000,6.1
1749263852,5.77000000,106.27000000,6.1
1749263852,5.76000000,5.51000000,6.1
1749263852,5.75000000,2587.79000000,6.1
1749263852,5.74000000,42.80000000,6.1
1749263852,5.73000000,5.22000000,6.1
1749263852,5.72000000,4.72000000,6.1
1749263852,5.71000000,66.66000000,6.1
1749263852,5.70000000,859.79000000,6.1
1749263852,5.69000000,84.95000000,6.1
1749263852,5.68000000,337.26000000,6.1
1749263852,5.67000000,1.68000000,6.1
1749263852,5.66000000,194.36000000,6.1
1749263852,5.65000000,319.37000000,6.1
1749263852,5.64000000,41.98000000,6.1
1749263852,5.63000000,3.45000000,6.1
1749263852,5.62000000,653.80000000,6.1
1749263852,5.61000000,110.00000000,6.1
1749263852,5.60000000,3063.63000000,6.1
1749263852,5.59000000,590.20000000,6.1
1749263852,5.58000000,37.94000000,6.1
1749263852,5.57000000,419.56000000,6.1
1749263852,5.56000000,35.81000000,6.1
1749263852,5.55000000,170.58000000,6.1
1749263852,5.54000000,184.15000000,6.1
1749263852,5.53000000,53.97000000,6.1
1749263852,5.52000000,45.00000000,6.1
1749263852,5.51000000,49.22000000,6.1
1749263852,5.50000000,3364.33000000,6.1
1749263852,5.49000000,5.68000000,6.1
1749263852,5.48000000,227.81000000,6.1
1749263852,5.47000000,57.91000000,6.1
1749263852,5.46000000,16.84000000,6.1
1749263852,5.45000000,211.74000000,6.1
1749263852,5.44000000,91.04000000,6.1
1749263852,5.43000000,47.70000000,6.1
1749263852,5.42000000,942.05000000,6.1
1749263852,5.40000000,489.83000000,6.1
1749263852,5.39000000,14.61000000,6.1
1749263852,5.38000000,373.31000000,6.1
1749263852,5.37000000,283.91000000,6.1
1749263852,5.36000000,74.62000000,6.1
1749263852,5.35000000,557.41000000,6.1
1749263852,5.34000000,175.04000000,6.1
1749263852,5.32000000,236.48000000,6.1
1749263852,5.31000000,51.55000000,6.1
1749263852,5.30000000,2202.44000000,6.1
1749263852,5.29000000,9.20000000,6.1
1749263852,5.28000000,10.00000000,6.1
1749263852,5.27000000,13.97000000,6.1
1749263852,5.26000000,49.54000000,6.1
1749263852,5.25000000,236.66000000,6.1
1749263852,5.23000000,396.48000000,6.1
1749263852,5.21000000,20.12000000,6.1
1749263852,5.20000000,384.83000000,6.1
1749263852,5.19000000,14.19000000,6.1
1749263852,5.18000000,560.13000000,6.1
1749263852,5.17000000,300.00000000,6.1
1749263852,5.15000000,3206.03000000,6.1
1749263852,5.14000000,12.34000000,6.1
1749263852,5.11000000,21.41000000,6.1
1749263852,5.10000000,21174.21000000,6.1
1749263852,5.08000000,22.30000000,6.1
1749263852,5.07000000,132.20000000,6.1
1749263852,5.06000000,6.51000000,6.1
1749263852,5.05000000,2766.63000000,6.1
1749263852,5.03000000,69.67000000,6.1
1749263852,5.02000000,6.62000000,6.1
1749264116,6.10000000,3800.52000000,6.11
1749264116,6.09000000,7423.26000000,6.11
1749264116,6.08000000,3716.39000000,6.11
1749264116,6.07000000,2875.13000000,6.11
1749264116,6.06000000,1371.45000000,6.11
1749264116,6.05000000,1886.77000000,6.11
1749264116,6.04000000,548.07000000,6.11
1749264116,6.03000000,1103.14000000,6.11
1749264116,6.02000000,491.75000000,6.11
1749264116,6.01000000,1591.26000000,6.11
1749264116,6.00000000,1162.92000000,6.11
1749264116,5.99000000,247.11000000,6.11
1749264116,5.98000000,565.30000000,6.11
1749264116,5.97000000,437.91000000,6.11
1749264116,5.96000000,259.70000000,6.11
1749264116,5.95000000,1751.88000000,6.11
1749264116,5.94000000,368.86000000,6.11
1749264116,5.93000000,182.17000000,6.11
1749264116,5.92000000,415.11000000,6.11
1749264116,5.91000000,499.03000000,6.11
1749264116,5.90000000,626.97000000,6.11
1749264116,5.89000000,147.45000000,6.11
1749264116,5.88000000,546.22000000,6.11
1749264116,5.87000000,146.82000000,6.11
1749264116,5.86000000,438.43000000,6.11
1749264116,5.85000000,379.31000000,6.11
1749264116,5.84000000,77.82000000,6.11
1749264116,5.83000000,344.20000000,6.11
1749264116,5.82000000,181.52000000,6.11
1749264116,5.81000000,306.45000000,6.11
1749264116,5.80000000,454.88000000,6.11
1749264116,5.79000000,367.52000000,6.11
1749264116,5.78000000,295.19000000,6.11
1749264116,5.77000000,106.27000000,6.11
1749264116,5.76000000,5.51000000,6.11
1749264116,5.75000000,2587.79000000,6.11
1749264116,5.74000000,42.80000000,6.11
1749264116,5.73000000,5.22000000,6.11
1749264116,5.72000000,4.72000000,6.11
1749264116,5.71000000,66.66000000,6.11
1749264116,5.70000000,859.79000000,6.11
1749264116,5.69000000,84.95000000,6.11
1749264116,5.68000000,337.26000000,6.11
1749264116,5.67000000,1.68000000,6.11
1749264116,5.66000000,194.36000000,6.11
1749264116,5.65000000,319.37000000,6.11
1749264116,5.64000000,41.98000000,6.11
1749264116,5.63000000,3.45000000,6.11
1749264116,5.62000000,653.80000000,6.11
1749264116,5.61000000,110.00000000,6.11
1749264116,5.60000000,3063.63000000,6.11
1749264116,5.59000000,590.20000000,6.11
1749264116,5.58000000,37.94000000,6.11
1749264116,5.57000000,419.56000000,6.11
1749264116,5.56000000,35.81000000,6.11
1749264116,5.55000000,170.58000000,6.11
1749264116,5.54000000,184.15000000,6.11
1749264116,5.53000000,53.97000000,6.11
1749264116,5.52000000,45.00000000,6.11
1749264116,5.51000000,49.22000000,6.11
1749264116,5.50000000,3368.33000000,6.11
1749264116,5.49000000,1.64000000,6.11
1749264116,5.48000000,227.81000000,6.11
1749264116,5.47000000,57.91000000,6.11
1749264116,5.46000000,16.84000000,6.11
1749264116,5.45000000,211.74000000,6.11
1749264116,5.44000000,91.04000000,6.11
1749264116,5.43000000,47.70000000,6.11
1749264116,5.42000000,942.05000000,6.11
1749264116,5.40000000,489.83000000,6.11
1749264116,5.39000000,14.61000000,6.11
1749264116,5.38000000,373.31000000,6.11
1749264116,5.37000000,283.91000000,6.11
1749264116,5.36000000,74.62000000,6.11
1749264116,5.35000000,557.41000000,6.11
1749264116,5.34000000,175.04000000,6.11
1749264116,5.32000000,236.48000000,6.11
1749264116,5.31000000,51.55000000,6.11
1749264116,5.30000000,2202.44000000,6.11
1749264116,5.29000000,9.20000000,6.11
1749264116,5.28000000,10.00000000,6.11
1749264116,5.27000000,13.97000000,6.11
1749264116,5.26000000,49.54000000,6.11
1749264116,5.25000000,236.66000000,6.11
1749264116,5.23000000,396.48000000,6.11
1749264116,5.21000000,20.12000000,6.11
1749264116,5.20000000,384.83000000,6.11
1749264116,5.19000000,14.19000000,6.11
1749264116,5.18000000,560.13000000,6.11
1749264116,5.17000000,300.00000000,6.11
1749264116,5.15000000,3206.03000000,6.11
1749264116,5.14000000,12.34000000,6.11
1749264116,5.11000000,21.41000000,6.11
1749264116,5.10000000,21174.21000000,6.11
1749264116,5.08000000,22.30000000,6.11
1749264116,5.07000000,132.20000000,6.11
1749264116,5.06000000,6.51000000,6.11
1749264116,5.05000000,2766.63000000,6.11
1749264116,5.03000000,69.67000000,6.11
1749264116,5.02000000,6.62000000,6.11
1749264154,6.10000000,3023.10000000,6.11
1749264154,6.09000000,7578.85000000,6.11
1749264154,6.08000000,3887.75000000,6.11
1749264154,6.07000000,2728.73000000,6.11
1749264154,6.06000000,1518.09000000,6.11
1749264154,6.05000000,1886.77000000,6.11
1749264154,6.04000000,548.07000000,6.11
1749264154,6.03000000,901.73000000,6.11
1749264154,6.02000000,491.75000000,6.11
1749264154,6.01000000,1793.34000000,6.11
1749264154,6.00000000,1162.92000000,6.11
1749264154,5.99000000,247.11000000,6.11
1749264154,5.98000000,565.30000000,6.11
1749264154,5.97000000,437.91000000,6.11
1749264154,5.96000000,259.70000000,6.11
1749264154,5.95000000,1751.88000000,6.11
1749264154,5.94000000,368.86000000,6.11
1749264154,5.93000000,182.17000000,6.11
1749264154,5.92000000,415.11000000,6.11
1749264154,5.91000000,499.03000000,6.11
1749264154,5.90000000,626.97000000,6.11
1749264154,5.89000000,147.45000000,6.11
1749264154,5.88000000,546.22000000,6.11
1749264154,5.87000000,146.82000000,6.11
1749264154,5.86000000,438.43000000,6.11
1749264154,5.85000000,379.31000000,6.11
1749264154,5.84000000,77.82000000,6.11
1749264154,5.83000000,344.20000000,6.11
1749264154,5.82000000,181.52000000,6.11
1749264154,5.81000000,306.45000000,6.11
1749264154,5.80000000,454.88000000,6.11
1749264154,5.79000000,367.52000000,6.11
1749264154,5.78000000,295.19000000,6.11
1749264154,5.77000000,106.27000000,6.11
1749264154,5.76000000,5.51000000,6.11
1749264154,5.75000000,2587.79000000,6.11
1749264154,5.74000000,42.80000000,6.11
1749264154,5.73000000,5.22000000,6.11
1749264154,5.72000000,4.72000000,6.11
1749264154,5.71000000,66.66000000,6.11
1749264154,5.70000000,859.79000000,6.11
1749264154,5.69000000,84.95000000,6.11
1749264154,5.68000000,337.26000000,6.11
1749264154,5.67000000,1.68000000,6.11
1749264154,5.66000000,194.36000000,6.11
1749264154,5.65000000,319.37000000,6.11
1749264154,5.64000000,41.98000000,6.11
1749264154,5.63000000,3.45000000,6.11
1749264154,5.62000000,653.80000000,6.11
1749264154,5.61000000,110.00000000,6.11
1749264154,5.60000000,3063.63000000,6.11
1749264154,5.59000000,590.20000000,6.11
1749264154,5.58000000,37.94000000,6.11
1749264154,5.57000000,419.56000000,6.11
1749264154,5.56000000,35.81000000,6.11
1749264154,5.55000000,170.58000000,6.11
1749264154,5.54000000,184.15000000,6.11
1749264154,5.53000000,53.97000000,6.11
1749264154,5.52000000,45.00000000,6.11
1749264154,5.51000000,49.22000000,6.11
1749264154,5.50000000,3368.33000000,6.11
1749264154,5.49000000,1.64000000,6.11
1749264154,5.48000000,227.81000000,6.11
1749264154,5.47000000,57.91000000,6.11
1749264154,5.46000000,16.84000000,6.11
1749264154,5.45000000,211.74000000,6.11
1749264154,5.44000000,91.04000000,6.11
1749264154,5.43000000,47.70000000,6.11
1749264154,5.42000000,942.05000000,6.11
1749264154,5.40000000,489.83000000,6.11
1749264154,5.39000000,14.61000000,6.11
1749264154,5.38000000,373.31000000,6.11
1749264154,5.37000000,283.91000000,6.11
1749264154,5.36000000,74.62000000,6.11
1749264154,5.35000000,557.41000000,6.11
1749264154,5.34000000,175.04000000,6.11
1749264154,5.32000000,236.48000000,6.11
1749264154,5.31000000,51.55000000,6.11
1749264154,5.30000000,2202.44000000,6.11
1749264154,5.29000000,9.20000000,6.11
1749264154,5.28000000,10.00000000,6.11
1749264154,5.27000000,13.97000000,6.11
1749264154,5.26000000,49.54000000,6.11
1749264154,5.25000000,236.66000000,6.11
1749264154,5.23000000,396.48000000,6.11
1749264154,5.21000000,20.12000000,6.11
1749264154,5.20000000,384.83000000,6.11
1749264154,5.19000000,14.19000000,6.11
1749264154,5.18000000,560.13000000,6.11
1749264154,5.17000000,300.00000000,6.11
1749264154,5.15000000,3206.03000000,6.11
1749264154,5.14000000,12.34000000,6.11
1749264154,5.11000000,21.41000000,6.11
1749264154,5.10000000,21174.21000000,6.11
1749264154,5.08000000,22.30000000,6.11
1749264154,5.07000000,132.20000000,6.11
1749264154,5.06000000,6.51000000,6.11
1749264154,5.05000000,2766.63000000,6.11
1749264154,5.03000000,69.67000000,6.11
1749264154,5.02000000,6.62000000,6.11
1749264422,6.10000000,2723.67000000,6.11
1749264422,6.09000000,8942.39000000,6.11
1749264422,6.08000000,4542.34000000,6.11
1749264422,6.07000000,3517.97000000,6.11
1749264422,6.06000000,1647.49000000,6.11
1749264422,6.05000000,1787.55000000,6.11
1749264422,6.04000000,764.13000000,6.11
1749264422,6.03000000,901.73000000,6.11
1749264422,6.02000000,491.75000000,6.11
1749264422,6.01000000,1793.34000000,6.11
1749264422,6.00000000,1162.92000000,6.11
1749264422,5.99000000,247.11000000,6.11
1749264422,5.98000000,595.30000000,6.11
1749264422,5.97000000,437.91000000,6.11
1749264422,5.96000000,259.70000000,6.11
1749264422,5.95000000,1751.88000000,6.11
1749264422,5.94000000,368.86000000,6.11
1749264422,5.93000000,182.17000000,6.11
1749264422,5.92000000,415.11000000,6.11
1749264422,5.91000000,499.03000000,6.11
1749264422,5.90000000,626.97000000,6.11
1749264422,5.89000000,147.45000000,6.11
1749264422,5.88000000,546.22000000,6.11
1749264422,5.87000000,146.82000000,6.11
1749264422,5.86000000,438.43000000,6.11
1749264422,5.85000000,379.31000000,6.11
1749264422,5.84000000,77.82000000,6.11
1749264422,5.83000000,344.20000000,6.11
1749264422,5.82000000,181.52000000,6.11
1749264422,5.81000000,306.45000000,6.11
1749264422,5.80000000,454.88000000,6.11
1749264422,5.79000000,369.24000000,6.11
1749264422,5.78000000,295.19000000,6.11
1749264422,5.77000000,106.27000000,6.11
1749264422,5.76000000,5.51000000,6.11
1749264422,5.75000000,2587.79000000,6.11
1749264422,5.74000000,42.80000000,6.11
1749264422,5.73000000,5.22000000,6.11
1749264422,5.72000000,4.72000000,6.11
1749264422,5.71000000,66.66000000,6.11
1749264422,5.70000000,859.79000000,6.11
1749264422,5.69000000,84.95000000,6.11
1749264422,5.68000000,337.26000000,6.11
1749264422,5.67000000,1.68000000,6.11
1749264422,5.66000000,194.36000000,6.11
1749264422,5.65000000,319.37000000,6.11
1749264422,5.64000000,41.98000000,6.11
1749264422,5.63000000,3.45000000,6.11
1749264422,5.62000000,653.80000000,6.11
1749264422,5.61000000,110.00000000,6.11
1749264422,5.60000000,3063.63000000,6.11
1749264422,5.59000000,590.20000000,6.11
1749264422,5.58000000,37.94000000,6.11
1749264422,5.57000000,419.56000000,6.11
1749264422,5.56000000,35.81000000,6.11
1749264422,5.55000000,170.58000000,6.11
1749264422,5.54000000,184.15000000,6.11
1749264422,5.53000000,53.97000000,6.11
1749264422,5.52000000,45.00000000,6.11
1749264422,5.51000000,49.22000000,6.11
1749264422,5.50000000,3368.33000000,6.11
1749264422,5.49000000,5.64000000,6.11
1749264422,5.48000000,223.81000000,6.11
1749264422,5.47000000,57.91000000,6.11
1749264422,5.46000000,16.84000000,6.11
1749264422,5.45000000,211.74000000,6.11
1749264422,5.44000000,91.04000000,6.11
1749264422,5.43000000,47.70000000,6.11
