timestamp,price,volume,current_price
1749260689,0.33540000,12437.40000000,0.3354
1749260689,0.33530000,26481.60000000,0.3354
1749260689,0.33520000,37966.90000000,0.3354
1749260689,0.33510000,53062.40000000,0.3354
1749260689,0.33500000,106697.10000000,0.3354
1749260689,0.33490000,123771.10000000,0.3354
1749260689,0.33480000,95855.20000000,0.3354
1749260689,0.33470000,73378.90000000,0.3354
1749260689,0.33460000,62369.20000000,0.3354
1749260689,0.33450000,18800.20000000,0.3354
1749260689,0.33440000,21131.00000000,0.3354
1749260689,0.33430000,41725.80000000,0.3354
1749260689,0.33420000,4848.70000000,0.3354
1749260689,0.33410000,10552.20000000,0.3354
1749260689,0.33400000,4705.00000000,0.3354
1749260689,0.33390000,38973.10000000,0.3354
1749260689,0.33380000,53470.60000000,0.3354
1749260689,0.33370000,3662.50000000,0.3354
1749260689,0.33360000,3289.80000000,0.3354
1749260689,0.33350000,53950.00000000,0.3354
1749260689,0.33340000,10498.70000000,0.3354
1749260689,0.33330000,6016.90000000,0.3354
1749260689,0.33320000,73755.70000000,0.3354
1749260689,0.33310000,405.90000000,0.3354
1749260689,0.33300000,4769.50000000,0.3354
1749260689,0.33290000,4058.30000000,0.3354
1749260689,0.33280000,81251.20000000,0.3354
1749260689,0.33270000,4730.00000000,0.3354
1749260689,0.33260000,506.50000000,0.3354
1749260689,0.33250000,5343.60000000,0.3354
1749260689,0.33240000,329.10000000,0.3354
1749260689,0.33230000,69.40000000,0.3354
1749260689,0.33220000,4406.20000000,0.3354
1749260689,0.33210000,85.60000000,0.3354
1749260689,0.33200000,22961.80000000,0.3354
1749260689,0.33190000,4406.30000000,0.3354
1749260689,0.33180000,86981.20000000,0.3354
1749260689,0.33170000,213.70000000,0.3354
1749260689,0.33160000,4627.40000000,0.3354
1749260689,0.33150000,2296.40000000,0.3354
1749260689,0.33140000,1631.90000000,0.3354
1749260689,0.33130000,4553.60000000,0.3354
1749260689,0.33120000,5145.10000000,0.3354
1749260689,0.33110000,52.90000000,0.3354
1749260689,0.33100000,3059.20000000,0.3354
1749260689,0.33090000,93.80000000,0.3354
1749260689,0.33080000,73.30000000,0.3354
1749260689,0.33070000,7416.40000000,0.3354
1749260689,0.33060000,1006.80000000,0.3354
1749260689,0.33050000,52.50000000,0.3354
1749260689,0.33040000,173.70000000,0.3354
1749260689,0.33030000,1723.40000000,0.3354
1749260689,0.33020000,1425.40000000,0.3354
1749260689,0.33010000,42057.00000000,0.3354
1749260689,0.33000000,27326.20000000,0.3354
1749260689,0.32990000,95.70000000,0.3354
1749260689,0.32980000,50.70000000,0.3354
1749260689,0.32970000,89.80000000,0.3354
1749260689,0.32960000,62.20000000,0.3354
1749260689,0.32950000,62.80000000,0.3354
1749260689,0.32940000,19629.10000000,0.3354
1749260689,0.32930000,19522.10000000,0.3354
1749260689,0.32920000,54.70000000,0.3354
1749260689,0.32910000,5234.50000000,0.3354
1749260689,0.32900000,903.10000000,0.3354
1749260689,0.32890000,29.80000000,0.3354
1749260689,0.32880000,1613.00000000,0.3354
1749260689,0.32870000,288.90000000,0.3354
1749260689,0.32860000,277.60000000,0.3354
1749260689,0.32850000,249.90000000,0.3354
1749260689,0.32840000,1680.70000000,0.3354
1749260689,0.32830000,105.20000000,0.3354
1749260689,0.32820000,1072.30000000,0.3354
1749260689,0.32810000,486.00000000,0.3354
1749260689,0.32800000,1707.70000000,0.3354
1749260689,0.32790000,3079.50000000,0.3354
1749260689,0.32780000,20.70000000,0.3354
1749260689,0.32770000,154.50000000,0.3354
1749260689,0.32760000,16565.50000000,0.3354
1749260689,0.32750000,355.40000000,0.3354
1749260689,0.32740000,482.30000000,0.3354
1749260689,0.32730000,219.40000000,0.3354
1749260689,0.32720000,16.20000000,0.3354
1749260689,0.32710000,310.50000000,0.3354
1749260689,0.32700000,359962.30000000,0.3354
1749260689,0.32690000,646.60000000,0.3354
1749260689,0.32680000,5445.00000000,0.3354
1749260689,0.32670000,128.70000000,0.3354
1749260689,0.32660000,80.70000000,0.3354
1749260689,0.32650000,67.70000000,0.3354
1749260689,0.32640000,60.30000000,0.3354
1749260689,0.32630000,80.70000000,0.3354
1749260689,0.32620000,92.20000000,0.3354
1749260689,0.32600000,511.10000000,0.3354
1749260689,0.32590000,613.60000000,0.3354
1749260689,0.32580000,68.10000000,0.3354
1749260689,0.32570000,49.80000000,0.3354
1749260689,0.32560000,15.80000000,0.3354
1749260689,0.32550000,190.40000000,0.3354
1749260689,0.32530000,28.20000000,0.3354
1749261008,0.33540000,14211.70000000,0.3355
1749261008,0.33530000,28878.50000000,0.3355
1749261008,0.33520000,88372.40000000,0.3355
1749261008,0.33510000,138054.80000000,0.3355
1749261008,0.33500000,103784.90000000,0.3355
1749261008,0.33490000,74565.20000000,0.3355
1749261008,0.33480000,160416.80000000,0.3355
1749261008,0.33470000,11434.80000000,0.3355
1749261008,0.33460000,45712.30000000,0.3355
1749261008,0.33450000,6781.20000000,0.3355
1749261008,0.33440000,28531.40000000,0.3355
1749261008,0.33430000,88215.90000000,0.3355
1749261008,0.33420000,7818.70000000,0.3355
1749261008,0.33410000,72325.20000000,0.3355
1749261008,0.33400000,4682.60000000,0.3355
1749261008,0.33390000,2261.60000000,0.3355
1749261008,0.33380000,7477.00000000,0.3355
1749261008,0.33370000,350.40000000,0.3355
1749261008,0.33360000,381.10000000,0.3355
1749261008,0.33350000,5612.40000000,0.3355
1749261008,0.33340000,352.40000000,0.3355
1749261008,0.33330000,86194.40000000,0.3355
1749261008,0.33320000,328.90000000,0.3355
1749261008,0.33310000,107.60000000,0.3355
1749261008,0.33300000,4470.90000000,0.3355
1749261008,0.33290000,2629.20000000,0.3355
1749261008,0.33280000,3915.90000000,0.3355
1749261008,0.33270000,4431.10000000,0.3355
1749261008,0.33260000,19318.40000000,0.3355
1749261008,0.33250000,7537.20000000,0.3355
1749261008,0.33240000,7589.30000000,0.3355
1749261008,0.33230000,67365.70000000,0.3355
1749261008,0.33220000,4406.20000000,0.3355
1749261008,0.33210000,85.60000000,0.3355
1749261008,0.33200000,22961.80000000,0.3355
1749261008,0.33190000,6586.30000000,0.3355
1749261008,0.33180000,30.20000000,0.3355
1749261008,0.33170000,601.60000000,0.3355
1749261008,0.33160000,4627.40000000,0.3355
1749261008,0.33150000,1686.70000000,0.3355
1749261008,0.33140000,109.30000000,0.3355
1749261008,0.33130000,4553.60000000,0.3355
1749261008,0.33120000,67.40000000,0.3355
1749261008,0.33110000,351.90000000,0.3355
1749261008,0.33100000,288.50000000,0.3355
1749261008,0.33090000,93.80000000,0.3355
1749261008,0.33080000,73.30000000,0.3355
1749261008,0.33070000,118.10000000,0.3355
1749261008,0.33060000,43805.40000000,0.3355
1749261008,0.33050000,383.80000000,0.3355
1749261008,0.33040000,173.70000000,0.3355
1749261008,0.33030000,880.00000000,0.3355
1749261008,0.33020000,19453.40000000,0.3355
1749261008,0.33010000,71.90000000,0.3355
1749261008,0.33000000,27326.20000000,0.3355
1749261008,0.32990000,95.70000000,0.3355
1749261008,0.32980000,50.70000000,0.3355
1749261008,0.32970000,89.80000000,0.3355
1749261008,0.32960000,62.20000000,0.3355
1749261008,0.32950000,62.80000000,0.3355
1749261008,0.32940000,19401.30000000,0.3355
1749261008,0.32930000,219.90000000,0.3355
1749261008,0.32920000,54.70000000,0.3355
1749261008,0.32910000,5234.50000000,0.3355
1749261008,0.32900000,903.10000000,0.3355
1749261008,0.32890000,29.80000000,0.3355
1749261008,0.32880000,1613.00000000,0.3355
1749261008,0.32870000,288.90000000,0.3355
1749261008,0.32860000,277.60000000,0.3355
1749261008,0.32850000,249.90000000,0.3355
1749261008,0.32840000,1726.20000000,0.3355
1749261008,0.32830000,29.80000000,0.3355
1749261008,0.32820000,1072.30000000,0.3355
1749261008,0.32810000,17639.40000000,0.3355
1749261008,0.32800000,1707.70000000,0.3355
1749261008,0.32790000,3079.50000000,0.3355
1749261008,0.32780000,20.70000000,0.3355
1749261008,0.32770000,154.50000000,0.3355
1749261008,0.32750000,355.40000000,0.3355
1749261008,0.32740000,482.30000000,0.3355
1749261008,0.32730000,219.40000000,0.3355
1749261008,0.32720000,16.20000000,0.3355
1749261008,0.32710000,310.50000000,0.3355
1749261008,0.32700000,359962.30000000,0.3355
1749261008,0.32690000,646.60000000,0.3355
1749261008,0.32680000,5445.00000000,0.3355
1749261008,0.32670000,128.70000000,0.3355
1749261008,0.32660000,80.70000000,0.3355
1749261008,0.32650000,67.70000000,0.3355
1749261008,0.32640000,60.30000000,0.3355
1749261008,0.32630000,80.70000000,0.3355
1749261008,0.32620000,92.20000000,0.3355
1749261008,0.32600000,511.10000000,0.3355
1749261008,0.32590000,613.60000000,0.3355
1749261008,0.32580000,68.10000000,0.3355
1749261008,0.32570000,49.80000000,0.3355
1749261008,0.32560000,17025.90000000,0.3355
1749261008,0.32550000,190.40000000,0.3355
1749261008,0.32530000,28.20000000,0.3355
1749261008,0.32510000,163.20000000,0.3355
1749261315,0.33510000,1167.40000000,0.3351
1749261315,0.33500000,32026.30000000,0.3351
1749261315,0.33490000,66559.70000000,0.3351
1749261315,0.33480000,128671.70000000,0.3351
1749261315,0.33470000,125588.50000000,0.3351
1749261315,0.33460000,130389.30000000,0.3351
1749261315,0.33450000,99247.60000000,0.3351
1749261315,0.33440000,61495.60000000,0.3351
1749261315,0.33430000,37160.60000000,0.3351
1749261315,0.33420000,40708.60000000,0.3351
1749261315,0.33410000,8791.00000000,0.3351
1749261315,0.33400000,56194.10000000,0.3351
1749261315,0.33390000,39610.70000000,0.3351
1749261315,0.33380000,17775.90000000,0.3351
1749261315,0.33370000,66629.70000000,0.3351
1749261315,0.33360000,1830.80000000,0.3351
1749261315,0.33350000,7518.60000000,0.3351
1749261315,0.33340000,352.40000000,0.3351
1749261315,0.33330000,86194.40000000,0.3351
1749261315,0.33320000,4973.40000000,0.3351
1749261315,0.33310000,406.00000000,0.3351
1749261315,0.33300000,4470.90000000,0.3351
1749261315,0.33290000,2629.20000000,0.3351
1749261315,0.33280000,1546.80000000,0.3351
1749261315,0.33270000,4431.10000000,0.3351
1749261315,0.33260000,207.70000000,0.3351
1749261315,0.33250000,5044.70000000,0.3351
1749261315,0.33240000,7289.00000000,0.3351
1749261315,0.33230000,67365.70000000,0.3351
1749261315,0.33220000,4406.20000000,0.3351
1749261315,0.33210000,85.60000000,0.3351
1749261315,0.33200000,22961.80000000,0.3351
1749261315,0.33190000,6781.80000000,0.3351
1749261315,0.33180000,19487.80000000,0.3351
1749261315,0.33170000,601.60000000,0.3351
1749261315,0.33160000,7126.60000000,0.3351
1749261315,0.33150000,1686.70000000,0.3351
1749261315,0.33140000,109.30000000,0.3351
1749261315,0.33130000,4553.60000000,0.3351
1749261315,0.33120000,51.30000000,0.3351
1749261315,0.33110000,52.90000000,0.3351
1749261315,0.33100000,2474.50000000,0.3351
1749261315,0.33090000,395.40000000,0.3351
1749261315,0.33080000,73.30000000,0.3351
1749261315,0.33070000,118.10000000,0.3351
1749261315,0.33060000,43805.40000000,0.3351
1749261315,0.33050000,383.80000000,0.3351
1749261315,0.33040000,173.70000000,0.3351
1749261315,0.33030000,153.60000000,0.3351
1749261315,0.33020000,203.80000000,0.3351
1749261315,0.33010000,71.90000000,0.3351
1749261315,0.33000000,27326.20000000,0.3351
1749261315,0.32990000,95.70000000,0.3351
1749261315,0.32980000,50.70000000,0.3351
1749261315,0.32970000,89.80000000,0.3351
1749261315,0.32960000,62.20000000,0.3351
1749261315,0.32950000,62.80000000,0.3351
1749261315,0.32940000,38697.70000000,0.3351
1749261315,0.32930000,948.70000000,0.3351
1749261315,0.32920000,54.70000000,0.3351
1749261315,0.32910000,5234.50000000,0.3351
1749261315,0.32900000,903.10000000,0.3351
1749261315,0.32890000,29.80000000,0.3351
1749261315,0.32880000,1613.00000000,0.3351
1749261315,0.32870000,288.90000000,0.3351
1749261315,0.32860000,651.10000000,0.3351
1749261315,0.32850000,249.90000000,0.3351
1749261315,0.32840000,164.00000000,0.3351
1749261315,0.32830000,29.80000000,0.3351
1749261315,0.32820000,1072.30000000,0.3351
1749261315,0.32810000,17265.90000000,0.3351
1749261315,0.32800000,3185.90000000,0.3351
1749261315,0.32790000,3079.50000000,0.3351
1749261315,0.32780000,50.60000000,0.3351
1749261315,0.32770000,184.40000000,0.3351
1749261315,0.32760000,29.90000000,0.3351
1749261315,0.32750000,355.40000000,0.3351
1749261315,0.32740000,482.30000000,0.3351
1749261315,0.32730000,219.40000000,0.3351
1749261315,0.32720000,16.20000000,0.3351
1749261315,0.32710000,310.50000000,0.3351
1749261315,0.32700000,359962.30000000,0.3351
1749261315,0.32690000,646.60000000,0.3351
1749261315,0.32680000,5445.00000000,0.3351
1749261315,0.32670000,128.70000000,0.3351
1749261315,0.32660000,80.70000000,0.3351
1749261315,0.32650000,67.70000000,0.3351
1749261315,0.32640000,60.30000000,0.3351
1749261315,0.32630000,80.70000000,0.3351
1749261315,0.32620000,92.20000000,0.3351
1749261315,0.32600000,511.10000000,0.3351
1749261315,0.32590000,613.60000000,0.3351
1749261315,0.32580000,68.10000000,0.3351
1749261315,0.32570000,49.80000000,0.3351
1749261315,0.32560000,17025.90000000,0.3351
1749261315,0.32550000,190.40000000,0.3351
1749261315,0.32530000,28.20000000,0.3351
1749261315,0.32510000,163.20000000,0.3351
1749261315,0.32500000,3281.30000000,0.3351
1749261315,0.32490000,62.20000000,0.3351
1749261616,0.33500000,1167.40000000,0.335
1749261616,0.33490000,30996.40000000,0.335
1749261616,0.33480000,74983.50000000,0.335
1749261616,0.33470000,129972.50000000,0.335
1749261616,0.33460000,251127.20000000,0.335
1749261616,0.33450000,83639.60000000,0.335
1749261616,0.33440000,40152.30000000,0.335
1749261616,0.33430000,18851.70000000,0.335
1749261616,0.33420000,30855.90000000,0.335
1749261616,0.33410000,39742.00000000,0.335
1749261616,0.33400000,90239.30000000,0.335
1749261616,0.33390000,5254.20000000,0.335
1749261616,0.33380000,7651.40000000,0.335
1749261616,0.33370000,76426.40000000,0.335
1749261616,0.33360000,1830.80000000,0.335
1749261616,0.33350000,7219.70000000,0.335
1749261616,0.33340000,352.40000000,0.335
1749261616,0.33330000,85896.30000000,0.335
1749261616,0.33320000,4662.10000000,0.335
1749261616,0.33310000,405.80000000,0.335
1749261616,0.33300000,4470.90000000,0.335
1749261616,0.33290000,73.60000000,0.335
1749261616,0.33280000,1546.80000000,0.335
1749261616,0.33270000,4431.10000000,0.335
1749261616,0.33260000,207.70000000,0.335
1749261616,0.33250000,5044.70000000,0.335
1749261616,0.33240000,7289.00000000,0.335
1749261616,0.33230000,67365.70000000,0.335
1749261616,0.33220000,4406.20000000,0.335
1749261616,0.33210000,85.60000000,0.335
1749261616,0.33200000,25524.40000000,0.335
1749261616,0.33190000,6781.80000000,0.335
1749261616,0.33180000,19187.00000000,0.335
1749261616,0.33170000,601.60000000,0.335
1749261616,0.33160000,7126.60000000,0.335
1749261616,0.33150000,122.50000000,0.335
1749261616,0.33140000,109.30000000,0.335
1749261616,0.33130000,4553.60000000,0.335
1749261616,0.33120000,51.30000000,0.335
1749261616,0.33110000,52.90000000,0.335
1749261616,0.33100000,2474.50000000,0.335
1749261616,0.33090000,395.40000000,0.335
1749261616,0.33080000,73.30000000,0.335
1749261616,0.33070000,118.10000000,0.335
1749261616,0.33060000,45373.80000000,0.335
1749261616,0.33050000,383.80000000,0.335
1749261616,0.33040000,173.70000000,0.335
1749261616,0.33030000,153.60000000,0.335
1749261616,0.33020000,203.80000000,0.335
1749261616,0.33010000,19327.30000000,0.335
1749261616,0.33000000,27326.20000000,0.335
1749261616,0.32990000,95.70000000,0.335
1749261616,0.32980000,50.70000000,0.335
1749261616,0.32970000,89.80000000,0.335
1749261616,0.32960000,62.20000000,0.335
1749261616,0.32950000,62.80000000,0.335
1749261616,0.32940000,19401.30000000,0.335
1749261616,0.32930000,219.90000000,0.335
1749261616,0.32920000,54.70000000,0.335
1749261616,0.32910000,5234.50000000,0.335
1749261616,0.32900000,903.10000000,0.335
1749261616,0.32890000,29.80000000,0.335
1749261616,0.32880000,1613.00000000,0.335
1749261616,0.32870000,288.90000000,0.335
1749261616,0.32860000,651.10000000,0.335
1749261616,0.32850000,249.90000000,0.335
1749261616,0.32840000,1658.40000000,0.335
1749261616,0.32830000,29.80000000,0.335
1749261616,0.32820000,1072.30000000,0.335
1749261616,0.32810000,17265.90000000,0.335
1749261616,0.32800000,1707.70000000,0.335
1749261616,0.32790000,3079.50000000,0.335
1749261616,0.32780000,50.60000000,0.335
1749261616,0.32770000,184.40000000,0.335
1749261616,0.32760000,29.90000000,0.335
1749261616,0.32750000,385.30000000,0.335
1749261616,0.32740000,482.30000000,0.335
1749261616,0.32730000,219.40000000,0.335
1749261616,0.32720000,16.20000000,0.335
1749261616,0.32710000,310.50000000,0.335
1749261616,0.32700000,359962.30000000,0.335
1749261616,0.32690000,646.60000000,0.335
1749261616,0.32680000,5445.00000000,0.335
1749261616,0.32670000,128.70000000,0.335
1749261616,0.32660000,80.70000000,0.335
1749261616,0.32650000,67.70000000,0.335
1749261616,0.32640000,60.30000000,0.335
1749261616,0.32630000,80.70000000,0.335
1749261616,0.32620000,92.20000000,0.335
1749261616,0.32600000,511.10000000,0.335
1749261616,0.32590000,613.60000000,0.335
1749261616,0.32580000,68.10000000,0.335
1749261616,0.32570000,49.80000000,0.335
1749261616,0.32560000,17025.90000000,0.335
1749261616,0.32550000,190.40000000,0.335
1749261616,0.32530000,28.20000000,0.335
1749261616,0.32510000,163.20000000,0.335
1749261616,0.32500000,3281.30000000,0.335
1749261616,0.32490000,62.20000000,0.335
1749261616,0.32480000,56.10000000,0.335
1749261918,0.33480000,23068.10000000,0.3347
1749261918,0.33470000,78481.10000000,0.3347
1749261918,0.33460000,63055.90000000,0.3347
1749261918,0.33450000,155383.10000000,0.3347
1749261918,0.33440000,118088.60000000,0.3347
1749261918,0.33430000,79999.30000000,0.3347
1749261918,0.33420000,122274.40000000,0.3347
1749261918,0.33410000,36812.70000000,0.3347
1749261918,0.33400000,35634.70000000,0.3347
1749261918,0.33390000,38099.20000000,0.3347
1749261918,0.33380000,45444.00000000,0.3347
1749261918,0.33370000,5311.40000000,0.3347
1749261918,0.33360000,4823.30000000,0.3347
1749261918,0.33350000,59006.30000000,0.3347
1749261918,0.33340000,14826.80000000,0.3347
1749261918,0.33330000,71860.10000000,0.3347
1749261918,0.33320000,3750.10000000,0.3347
1749261918,0.33310000,405.80000000,0.3347
1749261918,0.33300000,4470.90000000,0.3347
1749261918,0.33290000,414.90000000,0.3347
1749261918,0.33280000,81819.00000000,0.3347
1749261918,0.33270000,4431.10000000,0.3347
1749261918,0.33260000,506.50000000,0.3347
1749261918,0.33250000,5925.50000000,0.3347
1749261918,0.33240000,30.10000000,0.3347
1749261918,0.33230000,67365.70000000,0.3347
1749261918,0.33220000,4406.20000000,0.3347
1749261918,0.33210000,85.60000000,0.3347
1749261918,0.33200000,25524.40000000,0.3347
1749261918,0.33190000,8302.60000000,0.3347
1749261918,0.33180000,19187.00000000,0.3347
1749261918,0.33170000,3018.40000000,0.3347
1749261918,0.33160000,7126.60000000,0.3347
1749261918,0.33150000,4894.60000000,0.3347
1749261918,0.33140000,109.30000000,0.3347
1749261918,0.33130000,4553.60000000,0.3347
1749261918,0.33120000,51.30000000,0.3347
1749261918,0.33110000,441.50000000,0.3347
1749261918,0.33100000,2474.50000000,0.3347
1749261918,0.33090000,395.40000000,0.3347
1749261918,0.33080000,73.30000000,0.3347
1749261918,0.33070000,118.10000000,0.3347
1749261918,0.33060000,45373.80000000,0.3347
1749261918,0.33050000,84.30000000,0.3347
1749261918,0.33040000,173.70000000,0.3347
1749261918,0.33030000,153.60000000,0.3347
1749261918,0.33020000,203.80000000,0.3347
1749261918,0.33010000,71.90000000,0.3347
1749261918,0.33000000,27326.20000000,0.3347
1749261918,0.32990000,95.70000000,0.3347
1749261918,0.32980000,50.70000000,0.3347
1749261918,0.32970000,89.80000000,0.3347
1749261918,0.32960000,62.20000000,0.3347
1749261918,0.32950000,363.20000000,0.3347
1749261918,0.32940000,29.70000000,0.3347
1749261918,0.32930000,219.90000000,0.3347
1749261918,0.32920000,19362.80000000,0.3347
1749261918,0.32910000,5234.50000000,0.3347
1749261918,0.32900000,903.10000000,0.3347
1749261918,0.32890000,29.80000000,0.3347
1749261918,0.32880000,1590.00000000,0.3347
1749261918,0.32870000,288.90000000,0.3347
1749261918,0.32860000,19994.40000000,0.3347
1749261918,0.32850000,249.90000000,0.3347
1749261918,0.32840000,164.00000000,0.3347
1749261918,0.32830000,105.20000000,0.3347
1749261918,0.32820000,1072.30000000,0.3347
1749261918,0.32810000,17265.90000000,0.3347
1749261918,0.32800000,3169.60000000,0.3347
1749261918,0.32790000,3079.50000000,0.3347
1749261918,0.32780000,50.60000000,0.3347
1749261918,0.32770000,184.40000000,0.3347
1749261918,0.32760000,29.90000000,0.3347
1749261918,0.32750000,385.30000000,0.3347
1749261918,0.32740000,512.20000000,0.3347
1749261918,0.32730000,249.30000000,0.3347
1749261918,0.32720000,16.20000000,0.3347
1749261918,0.32710000,310.50000000,0.3347
1749261918,0.32700000,359962.30000000,0.3347
1749261918,0.32690000,646.60000000,0.3347
1749261918,0.32680000,5445.00000000,0.3347
1749261918,0.32670000,128.70000000,0.3347
1749261918,0.32660000,80.70000000,0.3347
1749261918,0.32650000,67.70000000,0.3347
1749261918,0.32640000,60.30000000,0.3347
1749261918,0.32630000,80.70000000,0.3347
1749261918,0.32620000,92.20000000,0.3347
1749261918,0.32600000,511.10000000,0.3347
1749261918,0.32590000,613.60000000,0.3347
1749261918,0.32580000,68.10000000,0.3347
1749261918,0.32570000,49.80000000,0.3347
1749261918,0.32560000,17025.90000000,0.3347
1749261918,0.32550000,190.40000000,0.3347
1749261918,0.32530000,28.20000000,0.3347
1749261918,0.32510000,163.20000000,0.3347
1749261918,0.32500000,3281.30000000,0.3347
1749261918,0.32490000,62.20000000,0.3347
1749261918,0.32480000,56.10000000,0.3347
1749261918,0.32470000,28.00000000,0.3347
1749261918,0.32450000,41.60000000,0.3347
1749262224,0.33470000,27999.30000000,0.3347
1749262224,0.33460000,59374.60000000,0.3347
1749262224,0.33450000,120800.60000000,0.3347
1749262224,0.33440000,107271.80000000,0.3347
1749262224,0.33430000,86787.70000000,0.3347
1749262224,0.33420000,144146.40000000,0.3347
1749262224,0.33410000,41345.10000000,0.3347
1749262224,0.33400000,48745.90000000,0.3347
1749262224,0.33390000,40894.40000000,0.3347
1749262224,0.33380000,10066.70000000,0.3347
1749262224,0.33370000,7235.90000000,0.3347
1749262224,0.33360000,40439.70000000,0.3347
1749262224,0.33350000,56238.50000000,0.3347
1749262224,0.33340000,4714.40000000,0.3347
1749262224,0.33330000,81987.50000000,0.3347
1749262224,0.33320000,6780.40000000,0.3347
1749262224,0.33310000,1058.60000000,0.3347
1749262224,0.33300000,4470.90000000,0.3347
1749262224,0.33290000,414.90000000,0.3347
1749262224,0.33280000,82732.30000000,0.3347
1749262224,0.33270000,4729.90000000,0.3347
1749262224,0.33260000,3281.80000000,0.3347
1749262224,0.33250000,5024.80000000,0.3347
1749262224,0.33240000,30.10000000,0.3347
1749262224,0.33230000,67365.70000000,0.3347
1749262224,0.33220000,4406.20000000,0.3347
1749262224,0.33210000,85.60000000,0.3347
1749262224,0.33200000,25524.40000000,0.3347
1749262224,0.33190000,5927.10000000,0.3347
1749262224,0.33180000,19187.00000000,0.3347
1749262224,0.33170000,2717.50000000,0.3347
1749262224,0.33160000,4627.40000000,0.3347
1749262224,0.33150000,4894.60000000,0.3347
1749262224,0.33140000,109.30000000,0.3347
1749262224,0.33130000,4553.60000000,0.3347
1749262224,0.33120000,51.30000000,0.3347
1749262224,0.33110000,441.50000000,0.3347
1749262224,0.33100000,4856.50000000,0.3347
1749262224,0.33090000,93.80000000,0.3347
1749262224,0.33080000,73.30000000,0.3347
1749262224,0.33070000,2624.10000000,0.3347
1749262224,0.33060000,43805.40000000,0.3347
1749262224,0.33050000,84.30000000,0.3347
1749262224,0.33040000,173.70000000,0.3347
1749262224,0.33030000,153.60000000,0.3347
1749262224,0.33020000,1774.20000000,0.3347
1749262224,0.33010000,71.90000000,0.3347
1749262224,0.33000000,27326.20000000,0.3347
1749262224,0.32990000,95.70000000,0.3347
1749262224,0.32980000,50.70000000,0.3347
1749262224,0.32970000,89.80000000,0.3347
1749262224,0.32960000,365.00000000,0.3347
1749262224,0.32950000,62.80000000,0.3347
1749262224,0.32940000,29.70000000,0.3347
1749262224,0.32930000,219.90000000,0.3347
1749262224,0.32920000,19362.80000000,0.3347
1749262224,0.32910000,5234.50000000,0.3347
1749262224,0.32900000,903.10000000,0.3347
1749262224,0.32890000,29.80000000,0.3347
1749262224,0.32880000,1590.00000000,0.3347
1749262224,0.32870000,288.90000000,0.3347
1749262224,0.32860000,19620.90000000,0.3347
1749262224,0.32850000,249.90000000,0.3347
1749262224,0.32840000,164.00000000,0.3347
1749262224,0.32830000,105.20000000,0.3347
1749262224,0.32820000,1072.30000000,0.3347
1749262224,0.32810000,17265.90000000,0.3347
1749262224,0.32800000,1707.70000000,0.3347
1749262224,0.32790000,3079.50000000,0.3347
1749262224,0.32780000,425.00000000,0.3347
1749262224,0.32770000,184.40000000,0.3347
1749262224,0.32760000,1542.30000000,0.3347
1749262224,0.32750000,385.30000000,0.3347
1749262224,0.32740000,512.20000000,0.3347
1749262224,0.32730000,249.30000000,0.3347
1749262224,0.32720000,46.10000000,0.3347
1749262224,0.32710000,310.50000000,0.3347
1749262224,0.32700000,359962.30000000,0.3347
1749262224,0.32690000,646.60000000,0.3347
1749262224,0.32680000,5445.00000000,0.3347
1749262224,0.32670000,128.70000000,0.3347
1749262224,0.32660000,80.70000000,0.3347
1749262224,0.32650000,67.70000000,0.3347
1749262224,0.32640000,60.30000000,0.3347
1749262224,0.32630000,80.70000000,0.3347
1749262224,0.32620000,92.20000000,0.3347
1749262224,0.32600000,511.10000000,0.3347
1749262224,0.32590000,613.60000000,0.3347
1749262224,0.32580000,68.10000000,0.3347
1749262224,0.32570000,49.80000000,0.3347
1749262224,0.32560000,17025.90000000,0.3347
1749262224,0.32550000,190.40000000,0.3347
1749262224,0.32530000,28.20000000,0.3347
1749262224,0.32510000,163.20000000,0.3347
1749262224,0.32500000,2970.10000000,0.3347
1749262224,0.32490000,62.20000000,0.3347
1749262224,0.32480000,56.10000000,0.3347
1749262224,0.32470000,28.00000000,0.3347
1749262224,0.32450000,41.60000000,0.3347
1749262224,0.32440000,301.70000000,0.3347
1749262526,0.33550000,3599.80000000,0.3355
1749262526,0.33540000,17478.80000000,0.3355
1749262526,0.33530000,36664.30000000,0.3355
1749262526,0.33520000,91716.90000000,0.3355
1749262526,0.33510000,198165.50000000,0.3355
1749262526,0.33500000,92231.50000000,0.3355
1749262526,0.33490000,66206.60000000,0.3355
1749262526,0.33480000,87328.90000000,0.3355
1749262526,0.33470000,13703.20000000,0.3355
1749262526,0.33460000,68251.80000000,0.3355
1749262526,0.33450000,11702.40000000,0.3355
1749262526,0.33440000,42000.40000000,0.3355
1749262526,0.33430000,48100.50000000,0.3355
1749262526,0.33420000,7757.90000000,0.3355
1749262526,0.33410000,51616.00000000,0.3355
1749262526,0.33400000,4704.30000000,0.3355
1749262526,0.33390000,1633.20000000,0.3355
1749262526,0.33380000,5615.00000000,0.3355
1749262526,0.33370000,67304.60000000,0.3355
1749262526,0.33360000,1853.30000000,0.3355
1749262526,0.33350000,7518.20000000,0.3355
1749262526,0.33340000,81842.70000000,0.3355
1749262526,0.33330000,4704.10000000,0.3355
1749262526,0.33320000,4048.90000000,0.3355
1749262526,0.33310000,405.80000000,0.3355
1749262526,0.33300000,4470.90000000,0.3355
1749262526,0.33290000,389.30000000,0.3355
1749262526,0.33280000,328.70000000,0.3355
1749262526,0.33270000,4729.90000000,0.3355
1749262526,0.33260000,22114.30000000,0.3355
1749262526,0.33250000,5024.80000000,0.3355
1749262526,0.33240000,2198.10000000,0.3355
1749262526,0.33230000,67365.70000000,0.3355
1749262526,0.33220000,4406.20000000,0.3355
1749262526,0.33210000,2648.30000000,0.3355
1749262526,0.33200000,22961.80000000,0.3355
1749262526,0.33190000,10799.70000000,0.3355
1749262526,0.33180000,418.00000000,0.3355
1749262526,0.33170000,213.70000000,0.3355
1749262526,0.33160000,4627.40000000,0.3355
1749262526,0.33150000,122.50000000,0.3355
1749262526,0.33140000,109.30000000,0.3355
1749262526,0.33130000,4553.60000000,0.3355
1749262526,0.33120000,2673.90000000,0.3355
1749262526,0.33110000,1619.00000000,0.3355
1749262526,0.33100000,2474.50000000,0.3355
1749262526,0.33090000,93.80000000,0.3355
1749262526,0.33080000,73.30000000,0.3355
1749262526,0.33070000,118.10000000,0.3355
1749262526,0.33060000,43805.40000000,0.3355
1749262526,0.33050000,84.30000000,0.3355
1749262526,0.33040000,173.70000000,0.3355
1749262526,0.33030000,153.60000000,0.3355
1749262526,0.33020000,203.80000000,0.3355
1749262526,0.33010000,19327.30000000,0.3355
1749262526,0.33000000,27326.20000000,0.3355
1749262526,0.32990000,95.70000000,0.3355
1749262526,0.32980000,50.70000000,0.3355
1749262526,0.32970000,89.80000000,0.3355
1749262526,0.32960000,365.00000000,0.3355
1749262526,0.32950000,62.80000000,0.3355
1749262526,0.32940000,19326.10000000,0.3355
1749262526,0.32930000,219.90000000,0.3355
1749262526,0.32920000,54.70000000,0.3355
1749262526,0.32910000,5234.50000000,0.3355
1749262526,0.32900000,903.10000000,0.3355
1749262526,0.32890000,29.80000000,0.3355
1749262526,0.32880000,1590.00000000,0.3355
1749262526,0.32870000,1834.80000000,0.3355
1749262526,0.32860000,277.60000000,0.3355
1749262526,0.32850000,249.90000000,0.3355
1749262526,0.32840000,164.00000000,0.3355
1749262526,0.32830000,105.20000000,0.3355
1749262526,0.32820000,1072.30000000,0.3355
1749262526,0.32810000,17265.90000000,0.3355
1749262526,0.32800000,1707.70000000,0.3355
1749262526,0.32790000,3049.70000000,0.3355
1749262526,0.32780000,395.10000000,0.3355
1749262526,0.32770000,154.50000000,0.3355
1749262526,0.32750000,355.40000000,0.3355
1749262526,0.32740000,482.30000000,0.3355
1749262526,0.32730000,219.40000000,0.3355
1749262526,0.32720000,16.20000000,0.3355
1749262526,0.32710000,310.50000000,0.3355
1749262526,0.32700000,359962.30000000,0.3355
1749262526,0.32690000,646.60000000,0.3355
1749262526,0.32680000,5445.00000000,0.3355
1749262526,0.32670000,128.70000000,0.3355
1749262526,0.32660000,80.70000000,0.3355
1749262526,0.32650000,67.70000000,0.3355
1749262526,0.32640000,60.30000000,0.3355
1749262526,0.32630000,80.70000000,0.3355
1749262526,0.32620000,92.20000000,0.3355
1749262526,0.32600000,511.10000000,0.3355
1749262526,0.32590000,613.60000000,0.3355
1749262526,0.32580000,68.10000000,0.3355
1749262526,0.32570000,49.80000000,0.3355
1749262526,0.32560000,17025.90000000,0.3355
1749262526,0.32550000,190.40000000,0.3355
1749262526,0.32530000,28.20000000,0.3355
1749262827,0.33540000,6880.10000000,0.3354
1749262827,0.33530000,27493.10000000,0.3354
1749262827,0.33520000,75862.00000000,0.3354
1749262827,0.33510000,133864.40000000,0.3354
1749262827,0.33500000,133990.00000000,0.3354
1749262827,0.33490000,76281.30000000,0.3354
1749262827,0.33480000,104401.20000000,0.3354
1749262827,0.33470000,30640.20000000,0.3354
1749262827,0.33460000,80004.50000000,0.3354
1749262827,0.33450000,94426.80000000,0.3354
1749262827,0.33440000,7674.80000000,0.3354
1749262827,0.33430000,103845.60000000,0.3354
1749262827,0.33420000,7757.90000000,0.3354
1749262827,0.33410000,4764.70000000,0.3354
1749262827,0.33400000,17506.90000000,0.3354
1749262827,0.33390000,85559.20000000,0.3354
1749262827,0.33380000,4681.40000000,0.3354
1749262827,0.33370000,1876.60000000,0.3354
1749262827,0.33360000,381.10000000,0.3354
1749262827,0.33350000,7494.70000000,0.3354
1749262827,0.33340000,352.40000000,0.3354
1749262827,0.33330000,4704.10000000,0.3354
1749262827,0.33320000,328.80000000,0.3354
1749262827,0.33310000,405.80000000,0.3354
1749262827,0.33300000,4470.90000000,0.3354
1749262827,0.33290000,65142.60000000,0.3354
1749262827,0.33280000,328.70000000,0.3354
1749262827,0.33270000,4729.90000000,0.3354
1749262827,0.33260000,21815.50000000,0.3354
1749262827,0.33250000,5024.80000000,0.3354
1749262827,0.33240000,2198.10000000,0.3354
1749262827,0.33230000,69.40000000,0.3354
1749262827,0.33220000,7080.10000000,0.3354
1749262827,0.33210000,5242.00000000,0.3354
1749262827,0.33200000,25458.20000000,0.3354
1749262827,0.33190000,5927.10000000,0.3354
1749262827,0.33180000,418.00000000,0.3354
1749262827,0.33170000,213.70000000,0.3354
1749262827,0.33160000,4627.40000000,0.3354
1749262827,0.33150000,122.50000000,0.3354
1749262827,0.33140000,109.30000000,0.3354
1749262827,0.33130000,4553.60000000,0.3354
1749262827,0.33120000,42548.70000000,0.3354
1749262827,0.33110000,1920.40000000,0.3354
1749262827,0.33100000,2474.50000000,0.3354
1749262827,0.33090000,93.80000000,0.3354
1749262827,0.33080000,73.30000000,0.3354
1749262827,0.33070000,417.40000000,0.3354
1749262827,0.33060000,1006.80000000,0.3354
1749262827,0.33050000,84.30000000,0.3354
1749262827,0.33040000,173.70000000,0.3354
1749262827,0.33030000,153.60000000,0.3354
1749262827,0.33020000,203.80000000,0.3354
1749262827,0.33010000,19327.30000000,0.3354
1749262827,0.33000000,27326.20000000,0.3354
1749262827,0.32990000,95.70000000,0.3354
1749262827,0.32980000,50.70000000,0.3354
1749262827,0.32970000,89.80000000,0.3354
1749262827,0.32960000,62.20000000,0.3354
1749262827,0.32950000,62.80000000,0.3354
1749262827,0.32940000,19401.30000000,0.3354
1749262827,0.32930000,219.90000000,0.3354
1749262827,0.32920000,54.70000000,0.3354
1749262827,0.32910000,5604.00000000,0.3354
1749262827,0.32900000,903.10000000,0.3354
1749262827,0.32890000,1484.60000000,0.3354
1749262827,0.32880000,1590.00000000,0.3354
1749262827,0.32870000,17174.10000000,0.3354
1749262827,0.32860000,277.60000000,0.3354
1749262827,0.32850000,249.90000000,0.3354
1749262827,0.32840000,164.00000000,0.3354
1749262827,0.32830000,29.80000000,0.3354
1749262827,0.32820000,1072.30000000,0.3354
1749262827,0.32810000,112.50000000,0.3354
1749262827,0.32800000,1707.70000000,0.3354
1749262827,0.32790000,3079.50000000,0.3354
1749262827,0.32780000,20.70000000,0.3354
1749262827,0.32770000,154.50000000,0.3354
1749262827,0.32750000,355.40000000,0.3354
1749262827,0.32740000,482.30000000,0.3354
1749262827,0.32730000,219.40000000,0.3354
1749262827,0.32720000,16.20000000,0.3354
1749262827,0.32710000,310.50000000,0.3354
1749262827,0.32700000,359962.30000000,0.3354
1749262827,0.32690000,646.60000000,0.3354
1749262827,0.32680000,5445.00000000,0.3354
1749262827,0.32670000,128.70000000,0.3354
1749262827,0.32660000,80.70000000,0.3354
1749262827,0.32650000,67.70000000,0.3354
1749262827,0.32640000,60.30000000,0.3354
1749262827,0.32630000,80.70000000,0.3354
1749262827,0.32620000,16960.80000000,0.3354
1749262827,0.32600000,511.10000000,0.3354
1749262827,0.32590000,613.60000000,0.3354
1749262827,0.32580000,68.10000000,0.3354
1749262827,0.32570000,49.80000000,0.3354
1749262827,0.32560000,15.80000000,0.3354
1749262827,0.32550000,190.40000000,0.3354
1749262827,0.32530000,28.20000000,0.3354
1749262827,0.32510000,163.20000000,0.3354
1749263129,0.33600000,14541.80000000,0.3361
1749263129,0.33590000,46471.70000000,0.3361
1749263129,0.33580000,153608.80000000,0.3361
1749263129,0.33570000,71121.50000000,0.3361
1749263129,0.33560000,76917.60000000,0.3361
1749263129,0.33550000,114424.20000000,0.3361
1749263129,0.33540000,74327.40000000,0.3361
1749263129,0.33530000,38248.20000000,0.3361
1749263129,0.33520000,23524.50000000,0.3361
1749263129,0.33510000,3590.70000000,0.3361
1749263129,0.33500000,51324.00000000,0.3361
1749263129,0.33490000,52909.80000000,0.3361
1749263129,0.33480000,7674.20000000,0.3361
1749263129,0.33470000,36355.10000000,0.3361
1749263129,0.33460000,8439.80000000,0.3361
1749263129,0.33450000,5366.90000000,0.3361
1749263129,0.33440000,58722.60000000,0.3361
1749263129,0.33430000,70163.10000000,0.3361
1749263129,0.33420000,8386.00000000,0.3361
1749263129,0.33410000,4060.40000000,0.3361
1749263129,0.33400000,4681.90000000,0.3361
1749263129,0.33390000,84298.80000000,0.3361
1749263129,0.33380000,4681.40000000,0.3361
1749263129,0.33370000,351.20000000,0.3361
1749263129,0.33360000,381.10000000,0.3361
1749263129,0.33350000,4742.80000000,0.3361
1749263129,0.33340000,352.40000000,0.3361
1749263129,0.33330000,7175.50000000,0.3361
1749263129,0.33320000,928.60000000,0.3361
1749263129,0.33310000,107.60000000,0.3361
1749263129,0.33300000,4470.90000000,0.3361
1749263129,0.33290000,64843.90000000,0.3361
1749263129,0.33280000,330.00000000,0.3361
1749263129,0.33270000,5948.20000000,0.3361
1749263129,0.33260000,21815.50000000,0.3361
1749263129,0.33250000,5024.80000000,0.3361
1749263129,0.33240000,2198.10000000,0.3361
1749263129,0.33230000,69.40000000,0.3361
1749263129,0.33220000,7077.70000000,0.3361
1749263129,0.33210000,5242.00000000,0.3361
1749263129,0.33200000,25458.20000000,0.3361
1749263129,0.33190000,52.80000000,0.3361
1749263129,0.33180000,2598.70000000,0.3361
1749263129,0.33170000,213.70000000,0.3361
1749263129,0.33160000,572.40000000,0.3361
1749263129,0.33150000,122.50000000,0.3361
1749263129,0.33140000,109.30000000,0.3361
1749263129,0.33130000,200.10000000,0.3361
1749263129,0.33120000,42548.70000000,0.3361
1749263129,0.33110000,1619.00000000,0.3361
1749263129,0.33100000,288.50000000,0.3361
1749263129,0.33090000,93.80000000,0.3361
1749263129,0.33080000,19288.00000000,0.3361
1749263129,0.33070000,843.60000000,0.3361
1749263129,0.33060000,1006.80000000,0.3361
1749263129,0.33050000,84.30000000,0.3361
1749263129,0.33040000,173.70000000,0.3361
1749263129,0.33030000,77.70000000,0.3361
1749263129,0.33020000,203.80000000,0.3361
1749263129,0.33010000,71.90000000,0.3361
1749263129,0.33000000,27326.20000000,0.3361
1749263129,0.32990000,95.70000000,0.3361
1749263129,0.32980000,50.70000000,0.3361
1749263129,0.32970000,89.80000000,0.3361
1749263129,0.32960000,62.20000000,0.3361
1749263129,0.32950000,62.80000000,0.3361
1749263129,0.32940000,19401.30000000,0.3361
1749263129,0.32930000,219.90000000,0.3361
1749263129,0.32920000,54.70000000,0.3361
1749263129,0.32910000,5604.00000000,0.3361
1749263129,0.32900000,2481.70000000,0.3361
1749263129,0.32890000,29.80000000,0.3361
1749263129,0.32880000,1589.10000000,0.3361
1749263129,0.32870000,17174.10000000,0.3361
1749263129,0.32860000,277.60000000,0.3361
1749263129,0.32850000,97.40000000,0.3361
1749263129,0.32840000,134.20000000,0.3361
1749263129,0.32820000,1042.50000000,0.3361
1749263129,0.32810000,82.70000000,0.3361
1749263129,0.32800000,1677.90000000,0.3361
1749263129,0.32790000,3049.70000000,0.3361
1749263129,0.32780000,20.70000000,0.3361
1749263129,0.32770000,154.50000000,0.3361
1749263129,0.32750000,355.40000000,0.3361
1749263129,0.32740000,482.30000000,0.3361
1749263129,0.32730000,219.40000000,0.3361
1749263129,0.32720000,16.20000000,0.3361
1749263129,0.32710000,310.50000000,0.3361
1749263129,0.32700000,359962.30000000,0.3361
1749263129,0.32690000,646.60000000,0.3361
1749263129,0.32680000,5445.00000000,0.3361
1749263129,0.32670000,128.70000000,0.3361
1749263129,0.32660000,80.70000000,0.3361
1749263129,0.32650000,67.70000000,0.3361
1749263129,0.32640000,60.30000000,0.3361
1749263129,0.32630000,80.70000000,0.3361
1749263129,0.32620000,16960.80000000,0.3361
1749263129,0.32600000,357.80000000,0.3361
1749263129,0.32590000,613.60000000,0.3361
1749263129,0.32580000,68.10000000,0.3361
1749263430,0.33620000,25750.30000000,0.3363
1749263430,0.33610000,40073.80000000,0.3363
1749263430,0.33600000,68586.60000000,0.3363
1749263430,0.33590000,171099.70000000,0.3363
1749263430,0.33580000,135438.70000000,0.3363
1749263430,0.33570000,127162.80000000,0.3363
1749263430,0.33560000,66658.70000000,0.3363
1749263430,0.33550000,31853.70000000,0.3363
1749263430,0.33540000,11634.70000000,0.3363
1749263430,0.33530000,71518.00000000,0.3363
1749263430,0.33520000,18149.10000000,0.3363
1749263430,0.33510000,3342.80000000,0.3363
1749263430,0.33500000,76485.30000000,0.3363
1749263430,0.33490000,3942.30000000,0.3363
1749263430,0.33480000,7921.80000000,0.3363
1749263430,0.33470000,78820.30000000,0.3363
1749263430,0.33460000,9089.70000000,0.3363
1749263430,0.33450000,91438.70000000,0.3363
1749263430,0.33440000,7673.80000000,0.3363
1749263430,0.33430000,5368.20000000,0.3363
1749263430,0.33420000,8644.80000000,0.3363
1749263430,0.33410000,7030.40000000,0.3363
1749263430,0.33400000,7651.90000000,0.3363
1749263430,0.33390000,6086.30000000,0.3363
1749263430,0.33380000,7651.40000000,0.3363
1749263430,0.33370000,351.20000000,0.3363
1749263430,0.33360000,381.10000000,0.3363
1749263430,0.33350000,4742.80000000,0.3363
1749263430,0.33340000,19417.20000000,0.3363
1749263430,0.33330000,4406.00000000,0.3363
1749263430,0.33320000,109.40000000,0.3363
1749263430,0.33310000,107.60000000,0.3363
1749263430,0.33300000,7026.70000000,0.3363
1749263430,0.33290000,64843.90000000,0.3363
1749263430,0.33280000,2526.00000000,0.3363
1749263430,0.33270000,8318.20000000,0.3363
1749263430,0.33260000,207.70000000,0.3363
1749263430,0.33250000,5411.80000000,0.3363
1749263430,0.33240000,2198.10000000,0.3363
1749263430,0.33230000,69.40000000,0.3363
1749263430,0.33220000,4406.20000000,0.3363
1749263430,0.33210000,2679.30000000,0.3363
1749263430,0.33200000,25458.20000000,0.3363
1749263430,0.33190000,52.80000000,0.3363
1749263430,0.33180000,2210.90000000,0.3363
1749263430,0.33170000,213.70000000,0.3363
1749263430,0.33160000,273.90000000,0.3363
1749263430,0.33150000,122.50000000,0.3363
1749263430,0.33140000,30.20000000,0.3363
1749263430,0.33130000,200.10000000,0.3363
1749263430,0.33120000,42548.70000000,0.3363
1749263430,0.33110000,1619.00000000,0.3363
1749263430,0.33100000,288.50000000,0.3363
1749263430,0.33090000,93.80000000,0.3363
1749263430,0.33080000,20013.30000000,0.3363
1749263430,0.33070000,118.10000000,0.3363
1749263430,0.33060000,1006.80000000,0.3363
1749263430,0.33050000,84.30000000,0.3363
1749263430,0.33040000,173.70000000,0.3363
1749263430,0.33030000,77.70000000,0.3363
1749263430,0.33020000,1424.40000000,0.3363
1749263430,0.33010000,71.90000000,0.3363
1749263430,0.33000000,27326.20000000,0.3363
1749263430,0.32990000,95.70000000,0.3363
1749263430,0.32980000,50.70000000,0.3363
1749263430,0.32970000,89.80000000,0.3363
1749263430,0.32960000,62.20000000,0.3363
1749263430,0.32950000,62.80000000,0.3363
1749263430,0.32940000,19401.30000000,0.3363
1749263430,0.32930000,219.90000000,0.3363
1749263430,0.32920000,1529.30000000,0.3363
1749263430,0.32910000,5604.00000000,0.3363
1749263430,0.32900000,903.10000000,0.3363
1749263430,0.32890000,29.80000000,0.3363
1749263430,0.32880000,1589.10000000,0.3363
1749263430,0.32870000,17174.10000000,0.3363
1749263430,0.32860000,247.80000000,0.3363
1749263430,0.32850000,67.60000000,0.3363
1749263430,0.32840000,134.20000000,0.3363
1749263430,0.32820000,1042.50000000,0.3363
1749263430,0.32810000,82.70000000,0.3363
1749263430,0.32800000,1677.90000000,0.3363
1749263430,0.32790000,3049.70000000,0.3363
1749263430,0.32780000,20.70000000,0.3363
1749263430,0.32770000,154.50000000,0.3363
1749263430,0.32750000,355.40000000,0.3363
1749263430,0.32740000,482.30000000,0.3363
1749263430,0.32730000,219.40000000,0.3363
1749263430,0.32720000,16.20000000,0.3363
1749263430,0.32710000,310.50000000,0.3363
1749263430,0.32700000,359962.30000000,0.3363
1749263430,0.32690000,646.60000000,0.3363
1749263430,0.32680000,5445.00000000,0.3363
1749263430,0.32670000,128.70000000,0.3363
1749263430,0.32660000,80.70000000,0.3363
1749263430,0.32650000,67.70000000,0.3363
1749263430,0.32640000,60.30000000,0.3363
1749263430,0.32630000,80.70000000,0.3363
1749263430,0.32620000,16960.80000000,0.3363
1749263430,0.32600000,357.80000000,0.3363
1749263732,0.33620000,9205.40000000,0.3362
1749263732,0.33610000,38218.50000000,0.3362
1749263732,0.33600000,123639.70000000,0.3362
1749263732,0.33590000,87005.50000000,0.3362
1749263732,0.33580000,112332.30000000,0.3362
1749263732,0.33570000,151719.20000000,0.3362
1749263732,0.33560000,82672.40000000,0.3362
1749263732,0.33550000,53472.00000000,0.3362
1749263732,0.33540000,38407.20000000,0.3362
1749263732,0.33530000,56773.80000000,0.3362
1749263732,0.33520000,7921.50000000,0.3362
1749263732,0.33510000,37574.50000000,0.3362
1749263732,0.33500000,9389.10000000,0.3362
1749263732,0.33490000,3343.10000000,0.3362
1749263732,0.33480000,7921.90000000,0.3362
1749263732,0.33470000,69059.80000000,0.3362
1749263732,0.33460000,9039.60000000,0.3362
1749263732,0.33450000,98750.80000000,0.3362
1749263732,0.33440000,10397.70000000,0.3362
1749263732,0.33430000,5360.10000000,0.3362
1749263732,0.33420000,7735.40000000,0.3362
1749263732,0.33410000,7030.40000000,0.3362
1749263732,0.33400000,7651.90000000,0.3362
1749263732,0.33390000,6086.30000000,0.3362
1749263732,0.33380000,7651.40000000,0.3362
1749263732,0.33370000,351.20000000,0.3362
1749263732,0.33360000,381.10000000,0.3362
1749263732,0.33350000,4742.80000000,0.3362
1749263732,0.33340000,352.40000000,0.3362
1749263732,0.33330000,4406.00000000,0.3362
1749263732,0.33320000,109.40000000,0.3362
1749263732,0.33310000,107.60000000,0.3362
1749263732,0.33300000,7026.70000000,0.3362
1749263732,0.33290000,64843.90000000,0.3362
1749263732,0.33280000,2526.00000000,0.3362
1749263732,0.33270000,25906.10000000,0.3362
1749263732,0.33260000,207.70000000,0.3362
1749263732,0.33250000,5411.80000000,0.3362
1749263732,0.33240000,30.10000000,0.3362
1749263732,0.33230000,69.40000000,0.3362
1749263732,0.33220000,4406.20000000,0.3362
1749263732,0.33210000,2724.00000000,0.3362
1749263732,0.33200000,25458.20000000,0.3362
1749263732,0.33190000,52.80000000,0.3362
1749263732,0.33180000,30.20000000,0.3362
1749263732,0.33170000,213.70000000,0.3362
1749263732,0.33160000,273.90000000,0.3362
1749263732,0.33150000,122.50000000,0.3362
1749263732,0.33140000,30.20000000,0.3362
1749263732,0.33130000,200.10000000,0.3362
1749263732,0.33120000,42526.80000000,0.3362
1749263732,0.33110000,52.90000000,0.3362
1749263732,0.33100000,288.50000000,0.3362
1749263732,0.33090000,93.80000000,0.3362
1749263732,0.33080000,20013.30000000,0.3362
1749263732,0.33070000,73.20000000,0.3362
1749263732,0.33060000,1006.80000000,0.3362
1749263732,0.33050000,84.30000000,0.3362
1749263732,0.33040000,248.70000000,0.3362
1749263732,0.33030000,1145.10000000,0.3362
1749263732,0.33020000,203.80000000,0.3362
1749263732,0.33010000,71.90000000,0.3362
1749263732,0.33000000,27326.20000000,0.3362
1749263732,0.32990000,95.70000000,0.3362
1749263732,0.32980000,50.70000000,0.3362
1749263732,0.32970000,89.80000000,0.3362
1749263732,0.32960000,62.20000000,0.3362
1749263732,0.32950000,62.80000000,0.3362
1749263732,0.32940000,19326.10000000,0.3362
1749263732,0.32930000,219.90000000,0.3362
1749263732,0.32920000,54.70000000,0.3362
1749263732,0.32910000,7146.40000000,0.3362
1749263732,0.32900000,903.10000000,0.3362
1749263732,0.32890000,29.80000000,0.3362
1749263732,0.32880000,1589.10000000,0.3362
1749263732,0.32870000,17174.10000000,0.3362
1749263732,0.32860000,247.80000000,0.3362
1749263732,0.32850000,67.60000000,0.3362
1749263732,0.32840000,134.20000000,0.3362
1749263732,0.32820000,1042.50000000,0.3362
1749263732,0.32810000,82.70000000,0.3362
1749263732,0.32800000,1677.90000000,0.3362
1749263732,0.32790000,3049.70000000,0.3362
1749263732,0.32780000,20.70000000,0.3362
1749263732,0.32770000,154.50000000,0.3362
1749263732,0.32750000,355.40000000,0.3362
1749263732,0.32740000,482.30000000,0.3362
1749263732,0.32730000,219.40000000,0.3362
1749263732,0.32720000,36.60000000,0.3362
1749263732,0.32710000,310.50000000,0.3362
1749263732,0.32700000,359962.30000000,0.3362
1749263732,0.32690000,646.60000000,0.3362
1749263732,0.32680000,5445.00000000,0.3362
1749263732,0.32670000,128.70000000,0.3362
1749263732,0.32660000,80.70000000,0.3362
1749263732,0.32650000,992.20000000,0.3362
1749263732,0.32640000,60.30000000,0.3362
1749263732,0.32630000,80.70000000,0.3362
1749263732,0.32620000,16960.80000000,0.3362
1749263732,0.32600000,357.80000000,0.3362
1749264033,0.33680000,12271.10000000,0.3368
1749264033,0.33670000,26580.10000000,0.3368
1749264033,0.33660000,52654.50000000,0.3368
1749264033,0.33650000,78089.00000000,0.3368
1749264033,0.33640000,146462.90000000,0.3368
1749264033,0.33630000,57223.60000000,0.3368
1749264033,0.33620000,102307.30000000,0.3368
1749264033,0.33610000,67606.00000000,0.3368
1749264033,0.33600000,23569.30000000,0.3368
1749264033,0.33590000,59010.20000000,0.3368
1749264033,0.33580000,20951.90000000,0.3368
1749264033,0.33570000,59404.60000000,0.3368
1749264033,0.33560000,58969.40000000,0.3368
1749264033,0.33550000,4735.50000000,0.3368
1749264033,0.33540000,9797.50000000,0.3368
1749264033,0.33530000,13334.00000000,0.3368
1749264033,0.33520000,9036.00000000,0.3368
1749264033,0.33510000,68772.50000000,0.3368
1749264033,0.33500000,14760.40000000,0.3368
1749264033,0.33490000,3320.70000000,0.3368
1749264033,0.33480000,7651.80000000,0.3368
1749264033,0.33470000,3338.10000000,0.3368
1749264033,0.33460000,7679.30000000,0.3368
1749264033,0.33450000,88715.40000000,0.3368
1749264033,0.33440000,7652.30000000,0.3368
1749264033,0.33430000,351.40000000,0.3368
1749264033,0.33420000,8692.10000000,0.3368
1749264033,0.33410000,350.40000000,0.3368
1749264033,0.33400000,69435.20000000,0.3368
1749264033,0.33390000,2818.40000000,0.3368
1749264033,0.33380000,23425.50000000,0.3368
1749264033,0.33370000,52.50000000,0.3368
1749264033,0.33360000,83.20000000,0.3368
1749264033,0.33350000,4444.20000000,0.3368
1749264033,0.33340000,54.30000000,0.3368
1749264033,0.33330000,4406.00000000,0.3368
1749264033,0.33320000,495.50000000,0.3368
1749264033,0.33310000,107.60000000,0.3368
1749264033,0.33300000,7026.70000000,0.3368
1749264033,0.33290000,90.60000000,0.3368
1749264033,0.33280000,5114.30000000,0.3368
1749264033,0.33270000,2447.60000000,0.3368
1749264033,0.33260000,2699.90000000,0.3368
1749264033,0.33250000,671.30000000,0.3368
1749264033,0.33240000,30.10000000,0.3368
1749264033,0.33230000,69.40000000,0.3368
1749264033,0.33220000,52.70000000,0.3368
1749264033,0.33210000,130.30000000,0.3368
1749264033,0.33200000,22961.80000000,0.3368
1749264033,0.33190000,52.80000000,0.3368
1749264033,0.33180000,30.20000000,0.3368
1749264033,0.33170000,19376.30000000,0.3368
1749264033,0.33160000,273.90000000,0.3368
1749264033,0.33150000,122.50000000,0.3368
1749264033,0.33140000,30.20000000,0.3368
1749264033,0.33130000,200.10000000,0.3368
1749264033,0.33120000,42526.80000000,0.3368
1749264033,0.33110000,52.90000000,0.3368
1749264033,0.33100000,269.10000000,0.3368
1749264033,0.33090000,93.80000000,0.3368
1749264033,0.33080000,73.30000000,0.3368
1749264033,0.33070000,73.20000000,0.3368
1749264033,0.33060000,1006.80000000,0.3368
1749264033,0.33050000,52.50000000,0.3368
1749264033,0.33040000,985.80000000,0.3368
1749264033,0.33030000,77.70000000,0.3368
1749264033,0.33020000,203.80000000,0.3368
1749264033,0.33010000,19327.30000000,0.3368
1749264033,0.33000000,27417.00000000,0.3368
1749264033,0.32990000,95.70000000,0.3368
1749264033,0.32980000,1634.90000000,0.3368
1749264033,0.32970000,89.80000000,0.3368
1749264033,0.32960000,62.20000000,0.3368
1749264033,0.32950000,62.80000000,0.3368
1749264033,0.32940000,29.70000000,0.3368
1749264033,0.32930000,219.90000000,0.3368
1749264033,0.32920000,25.00000000,0.3368
1749264033,0.32910000,5574.30000000,0.3368
1749264033,0.32900000,873.30000000,0.3368
1749264033,0.32880000,1559.30000000,0.3368
1749264033,0.32870000,17144.30000000,0.3368
1749264033,0.32860000,156.60000000,0.3368
1749264033,0.32850000,67.60000000,0.3368
1749264033,0.32840000,134.20000000,0.3368
1749264033,0.32820000,1042.50000000,0.3368
1749264033,0.32810000,82.70000000,0.3368
1749264033,0.32800000,1677.90000000,0.3368
1749264033,0.32790000,3049.70000000,0.3368
1749264033,0.32780000,20.70000000,0.3368
1749264033,0.32770000,154.50000000,0.3368
1749264033,0.32750000,355.40000000,0.3368
1749264033,0.32740000,482.30000000,0.3368
1749264033,0.32730000,219.40000000,0.3368
1749264033,0.32720000,36.60000000,0.3368
1749264033,0.32710000,310.50000000,0.3368
1749264033,0.32700000,359962.30000000,0.3368
1749264033,0.32690000,646.60000000,0.3368
1749264033,0.32680000,5445.00000000,0.3368
1749264033,0.32670000,128.70000000,0.3368
1749264033,0.32660000,80.70000000,0.3368
1749264336,0.33610000,19541.00000000,0.3361
1749264336,0.33600000,45019.00000000,0.3361
1749264336,0.33590000,100493.40000000,0.3361
1749264336,0.33580000,147569.20000000,0.3361
1749264336,0.33570000,163900.80000000,0.3361
1749264336,0.33560000,89231.80000000,0.3361
1749264336,0.33550000,92830.00000000,0.3361
1749264336,0.33540000,41106.50000000,0.3361
1749264336,0.33530000,46782.90000000,0.3361
1749264336,0.33520000,24765.20000000,0.3361
1749264336,0.33510000,3759.40000000,0.3361
1749264336,0.33500000,43565.00000000,0.3361
1749264336,0.33490000,57105.50000000,0.3361
1749264336,0.33480000,9339.30000000,0.3361
1749264336,0.33470000,68732.60000000,0.3361
1749264336,0.33460000,8417.30000000,0.3361
1749264336,0.33450000,89373.80000000,0.3361
1749264336,0.33440000,8983.90000000,0.3361
1749264336,0.33430000,5631.60000000,0.3361
1749264336,0.33420000,17851.80000000,0.3361
1749264336,0.33410000,6045.30000000,0.3361
1749264336,0.33400000,11363.10000000,0.3361
1749264336,0.33390000,3116.00000000,0.3361
1749264336,0.33380000,4383.50000000,0.3361
1749264336,0.33370000,52.50000000,0.3361
1749264336,0.33360000,113.10000000,0.3361
1749264336,0.33350000,4444.20000000,0.3361
1749264336,0.33340000,54.30000000,0.3361
1749264336,0.33330000,4406.00000000,0.3361
1749264336,0.33320000,64862.70000000,0.3361
1749264336,0.33310000,107.60000000,0.3361
1749264336,0.33300000,23558.60000000,0.3361
1749264336,0.33290000,90.60000000,0.3361
1749264336,0.33280000,30.10000000,0.3361
1749264336,0.33270000,77.60000000,0.3361
1749264336,0.33260000,207.70000000,0.3361
1749264336,0.33250000,2576.30000000,0.3361
1749264336,0.33240000,30.10000000,0.3361
1749264336,0.33230000,2238.10000000,0.3361
1749264336,0.33220000,52.70000000,0.3361
1749264336,0.33210000,2693.00000000,0.3361
1749264336,0.33200000,22961.80000000,0.3361
1749264336,0.33190000,2555.50000000,0.3361
1749264336,0.33180000,2406.60000000,0.3361
1749264336,0.33170000,213.70000000,0.3361
1749264336,0.33160000,2773.60000000,0.3361
1749264336,0.33150000,4903.90000000,0.3361
1749264336,0.33140000,30.20000000,0.3361
1749264336,0.33130000,200.10000000,0.3361
1749264336,0.33120000,44092.50000000,0.3361
1749264336,0.33110000,52.90000000,0.3361
1749264336,0.33100000,269.10000000,0.3361
1749264336,0.33090000,93.80000000,0.3361
1749264336,0.33080000,73.30000000,0.3361
1749264336,0.33070000,73.20000000,0.3361
1749264336,0.33060000,1006.80000000,0.3361
1749264336,0.33050000,1274.30000000,0.3361
1749264336,0.33040000,173.70000000,0.3361
1749264336,0.33030000,77.70000000,0.3361
1749264336,0.33020000,203.80000000,0.3361
1749264336,0.33010000,71.90000000,0.3361
1749264336,0.33000000,28144.00000000,0.3361
1749264336,0.32990000,95.70000000,0.3361
1749264336,0.32980000,19323.70000000,0.3361
1749264336,0.32970000,89.80000000,0.3361
1749264336,0.32960000,62.20000000,0.3361
1749264336,0.32950000,62.80000000,0.3361
1749264336,0.32940000,19401.30000000,0.3361
1749264336,0.32930000,219.90000000,0.3361
1749264336,0.32920000,54.70000000,0.3361
1749264336,0.32910000,7110.90000000,0.3361
1749264336,0.32900000,903.10000000,0.3361
1749264336,0.32890000,29.80000000,0.3361
1749264336,0.32880000,1589.10000000,0.3361
1749264336,0.32870000,17174.10000000,0.3361
1749264336,0.32860000,186.40000000,0.3361
1749264336,0.32850000,67.60000000,0.3361
1749264336,0.32840000,134.20000000,0.3361
1749264336,0.32820000,1042.50000000,0.3361
1749264336,0.32810000,82.70000000,0.3361
1749264336,0.32800000,1677.90000000,0.3361
1749264336,0.32790000,3049.70000000,0.3361
1749264336,0.32780000,20.70000000,0.3361
1749264336,0.32770000,154.50000000,0.3361
1749264336,0.32750000,355.40000000,0.3361
1749264336,0.32740000,482.30000000,0.3361
1749264336,0.32730000,219.40000000,0.3361
1749264336,0.32720000,36.60000000,0.3361
1749264336,0.32710000,310.50000000,0.3361
1749264336,0.32700000,359655.00000000,0.3361
1749264336,0.32690000,646.60000000,0.3361
1749264336,0.32680000,5445.00000000,0.3361
1749264336,0.32670000,128.70000000,0.3361
1749264336,0.32660000,80.70000000,0.3361
1749264336,0.32650000,992.20000000,0.3361
1749264336,0.32640000,60.30000000,0.3361
1749264336,0.32630000,80.70000000,0.3361
1749264336,0.32620000,16960.80000000,0.3361
1749264336,0.32600000,357.80000000,0.3361
1749264336,0.32590000,613.60000000,0.3361
1749264637,0.33690000,1698.40000000,0.3369
1749264637,0.33680000,42450.40000000,0.3369
1749264637,0.33670000,53025.40000000,0.3369
1749264637,0.33660000,85647.60000000,0.3369
1749264637,0.33650000,143569.80000000,0.3369
1749264637,0.33640000,108098.30000000,0.3369
1749264637,0.33630000,63806.60000000,0.3369
1749264637,0.33620000,52572.50000000,0.3369
1749264637,0.33610000,7006.50000000,0.3369
1749264637,0.33600000,7920.80000000,0.3369
1749264637,0.33590000,39874.70000000,0.3369
1749264637,0.33580000,7673.20000000,0.3369
1749264637,0.33570000,17852.10000000,0.3369
1749264637,0.33560000,50375.90000000,0.3369
1749264637,0.33550000,36459.20000000,0.3369
1749264637,0.33540000,33554.80000000,0.3369
1749264637,0.33530000,3941.30000000,0.3369
1749264637,0.33520000,59604.60000000,0.3369
1749264637,0.33510000,68772.50000000,0.3369
1749264637,0.33500000,7693.20000000,0.3369
1749264637,0.33490000,7021.90000000,0.3369
1749264637,0.33480000,7651.80000000,0.3369
1749264637,0.33470000,6058.00000000,0.3369
1749264637,0.33460000,8417.30000000,0.3369
1749264637,0.33450000,88715.40000000,0.3369
1749264637,0.33440000,4682.30000000,0.3369
1749264637,0.33430000,1739.60000000,0.3369
1749264637,0.33420000,4825.70000000,0.3369
1749264637,0.33410000,350.40000000,0.3369
1749264637,0.33400000,4681.90000000,0.3369
1749264637,0.33390000,350.10000000,0.3369
1749264637,0.33380000,4383.50000000,0.3369
1749264637,0.33370000,52.50000000,0.3369
1749264637,0.33360000,2882.20000000,0.3369
1749264637,0.33350000,4444.20000000,0.3369
1749264637,0.33340000,54.30000000,0.3369
1749264637,0.33330000,4406.00000000,0.3369
1749264637,0.33320000,65248.90000000,0.3369
1749264637,0.33310000,107.60000000,0.3369
1749264637,0.33300000,23558.60000000,0.3369
1749264637,0.33290000,2585.80000000,0.3369
1749264637,0.33280000,30.10000000,0.3369
1749264637,0.33270000,77.60000000,0.3369
1749264637,0.33260000,207.70000000,0.3369
1749264637,0.33250000,671.30000000,0.3369
1749264637,0.33240000,30.10000000,0.3369
1749264637,0.33230000,2661.80000000,0.3369
1749264637,0.33220000,52.70000000,0.3369
1749264637,0.33210000,2693.00000000,0.3369
1749264637,0.33200000,22961.80000000,0.3369
1749264637,0.33190000,52.80000000,0.3369
1749264637,0.33180000,30.20000000,0.3369
1749264637,0.33170000,213.70000000,0.3369
1749264637,0.33160000,2773.60000000,0.3369
1749264637,0.33150000,122.50000000,0.3369
1749264637,0.33140000,30.20000000,0.3369
1749264637,0.33130000,19385.80000000,0.3369
1749264637,0.33120000,42526.80000000,0.3369
1749264637,0.33110000,52.90000000,0.3369
1749264637,0.33100000,269.10000000,0.3369
1749264637,0.33090000,93.80000000,0.3369
1749264637,0.33080000,73.30000000,0.3369
1749264637,0.33070000,73.20000000,0.3369
1749264637,0.33060000,1006.80000000,0.3369
1749264637,0.33050000,1274.30000000,0.3369
1749264637,0.33040000,173.70000000,0.3369
1749264637,0.33030000,77.70000000,0.3369
1749264637,0.33020000,19453.40000000,0.3369
1749264637,0.33010000,71.90000000,0.3369
1749264637,0.33000000,27417.00000000,0.3369
1749264637,0.32990000,95.70000000,0.3369
1749264637,0.32980000,50.70000000,0.3369
1749264637,0.32970000,89.80000000,0.3369
1749264637,0.32960000,62.20000000,0.3369
1749264637,0.32950000,62.80000000,0.3369
1749264637,0.32940000,29.70000000,0.3369
1749264637,0.32930000,190.20000000,0.3369
1749264637,0.32920000,25.00000000,0.3369
1749264637,0.32910000,5574.30000000,0.3369
1749264637,0.32900000,873.30000000,0.3369
1749264637,0.32880000,1559.30000000,0.3369
1749264637,0.32870000,17144.30000000,0.3369
1749264637,0.32860000,156.60000000,0.3369
1749264637,0.32850000,67.60000000,0.3369
1749264637,0.32840000,134.20000000,0.3369
1749264637,0.32820000,1042.50000000,0.3369
1749264637,0.32810000,82.70000000,0.3369
1749264637,0.32800000,1677.90000000,0.3369
1749264637,0.32790000,3049.70000000,0.3369
1749264637,0.32780000,20.70000000,0.3369
1749264637,0.32770000,154.50000000,0.3369
1749264637,0.32750000,355.40000000,0.3369
1749264637,0.32740000,482.30000000,0.3369
1749264637,0.32730000,219.40000000,0.3369
1749264637,0.32720000,36.60000000,0.3369
1749264637,0.32710000,310.50000000,0.3369
1749264637,0.32700000,359655.00000000,0.3369
1749264637,0.32690000,646.60000000,0.3369
1749264637,0.32680000,5445.00000000,0.3369
1749264637,0.32670000,128.70000000,0.3369
1749264939,0.33800000,2187.10000000,0.3381
1749264939,0.33790000,41728.70000000,0.3381
1749264939,0.33780000,59659.50000000,0.3381
1749264939,0.33770000,112827.90000000,0.3381
1749264939,0.33760000,98536.70000000,0.3381
1749264939,0.33750000,117013.00000000,0.3381
1749264939,0.33740000,134354.00000000,0.3381
1749264939,0.33730000,20792.90000000,0.3381
1749264939,0.33720000,18990.40000000,0.3381
1749264939,0.33710000,39741.10000000,0.3381
1749264939,0.33700000,17584.90000000,0.3381
1749264939,0.33690000,3340.90000000,0.3381
1749264939,0.33680000,7918.30000000,0.3381
1749264939,0.33670000,4539.50000000,0.3381
1749264939,0.33660000,40680.90000000,0.3381
1749264939,0.33650000,10044.60000000,0.3381
1749264939,0.33640000,58699.20000000,0.3381
1749264939,0.33630000,3336.50000000,0.3381
1749264939,0.33620000,7650.60000000,0.3381
1749264939,0.33610000,3966.40000000,0.3381
1749264939,0.33600000,7650.70000000,0.3381
1749264939,0.33590000,74538.90000000,0.3381
1749264939,0.33580000,7650.80000000,0.3381
1749264939,0.33570000,88123.80000000,0.3381
1749264939,0.33560000,7683.60000000,0.3381
1749264939,0.33550000,3319.90000000,0.3381
1749264939,0.33540000,7761.80000000,0.3381
1749264939,0.33530000,350.30000000,0.3381
1749264939,0.33520000,9331.30000000,0.3381
1749264939,0.33510000,52.20000000,0.3381
1749264939,0.33500000,23398.80000000,0.3381
1749264939,0.33490000,68.90000000,0.3381
1749264939,0.33480000,4408.30000000,0.3381
1749264939,0.33470000,698.50000000,0.3381
1749264939,0.33460000,4410.60000000,0.3381
1749264939,0.33450000,2852.80000000,0.3381
1749264939,0.33440000,4383.40000000,0.3381
1749264939,0.33430000,64805.60000000,0.3381
1749264939,0.33420000,174.30000000,0.3381
1749264939,0.33410000,976.80000000,0.3381
1749264939,0.33400000,30.00000000,0.3381
1749264939,0.33390000,437.70000000,0.3381
1749264939,0.33380000,30.00000000,0.3381
1749264939,0.33370000,52.30000000,0.3381
1749264939,0.33360000,113.10000000,0.3381
1749264939,0.33350000,135.00000000,0.3381
1749264939,0.33340000,650.60000000,0.3381
1749264939,0.33330000,52.30000000,0.3381
1749264939,0.33320000,109.40000000,0.3381
1749264939,0.33310000,384.70000000,0.3381
1749264939,0.33300000,61997.50000000,0.3381
1749264939,0.33290000,68.00000000,0.3381
1749264939,0.33280000,30.10000000,0.3381
1749264939,0.33270000,55.00000000,0.3381
1749264939,0.33260000,207.70000000,0.3381
1749264939,0.33250000,648.70000000,0.3381
1749264939,0.33240000,752.00000000,0.3381
1749264939,0.33230000,46.80000000,0.3381
1749264939,0.33220000,52.70000000,0.3381
1749264939,0.33210000,63.00000000,0.3381
1749264939,0.33200000,22961.80000000,0.3381
1749264939,0.33190000,30.20000000,0.3381
1749264939,0.33180000,30.20000000,0.3381
1749264939,0.33170000,191.10000000,0.3381
1749264939,0.33160000,273.90000000,0.3381
1749264939,0.33150000,99.80000000,0.3381
1749264939,0.33140000,120.70000000,0.3381
1749264939,0.33130000,177.40000000,0.3381
1749264939,0.33120000,19258.20000000,0.3381
1749264939,0.33110000,1545.00000000,0.3381
1749264939,0.33100000,269.10000000,0.3381
1749264939,0.33090000,70.90000000,0.3381
1749264939,0.33080000,72.90000000,0.3381
1749264939,0.33070000,50.30000000,0.3381
1749264939,0.33060000,81.90000000,0.3381
1749264939,0.33050000,1251.40000000,0.3381
1749264939,0.33040000,143.70000000,0.3381
1749264939,0.33030000,25.20000000,0.3381
1749264939,0.33020000,146.00000000,0.3381
1749264939,0.33010000,19.70000000,0.3381
1749264939,0.33000000,27599.00000000,0.3381
1749264939,0.32990000,43.50000000,0.3381
1749264939,0.32980000,21.00000000,0.3381
1749264939,0.32970000,37.60000000,0.3381
1749264939,0.32960000,335.30000000,0.3381
1749264939,0.32950000,33.10000000,0.3381
1749264939,0.32930000,190.20000000,0.3381
1749264939,0.32920000,25.00000000,0.3381
1749264939,0.32910000,5574.30000000,0.3381
1749264939,0.32900000,873.30000000,0.3381
1749264939,0.32880000,1559.30000000,0.3381
1749264939,0.32870000,17144.30000000,0.3381
1749264939,0.32860000,156.60000000,0.3381
1749264939,0.32850000,67.60000000,0.3381
1749264939,0.32840000,134.20000000,0.3381
1749264939,0.32820000,1042.50000000,0.3381
1749264939,0.32810000,82.70000000,0.3381
1749264939,0.32800000,1982.20000000,0.3381
1749264939,0.32790000,3049.70000000,0.3381
1749264939,0.32780000,20.70000000,0.3381
1749265240,0.33760000,5047.00000000,0.3376
1749265240,0.33750000,57859.70000000,0.3376
1749265240,0.33740000,117206.70000000,0.3376
1749265240,0.33730000,109180.10000000,0.3376
1749265240,0.33720000,106380.70000000,0.3376
1749265240,0.33710000,81989.20000000,0.3376
1749265240,0.33700000,82201.50000000,0.3376
1749265240,0.33690000,59822.60000000,0.3376
1749265240,0.33680000,12408.30000000,0.3376
1749265240,0.33670000,71233.40000000,0.3376
1749265240,0.33660000,7672.40000000,0.3376
1749265240,0.33650000,38171.90000000,0.3376
1749265240,0.33640000,82627.10000000,0.3376
1749265240,0.33630000,3336.50000000,0.3376
1749265240,0.33620000,8247.50000000,0.3376
1749265240,0.33610000,5277.90000000,0.3376
1749265240,0.33600000,7650.70000000,0.3376
1749265240,0.33590000,91850.80000000,0.3376
1749265240,0.33580000,10362.00000000,0.3376
1749265240,0.33570000,3319.70000000,0.3376
1749265240,0.33560000,7683.60000000,0.3376
1749265240,0.33550000,349.90000000,0.3376
1749265240,0.33540000,7761.80000000,0.3376
1749265240,0.33530000,350.30000000,0.3376
1749265240,0.33520000,9036.00000000,0.3376
1749265240,0.33510000,52.20000000,0.3376
1749265240,0.33500000,26368.80000000,0.3376
1749265240,0.33490000,68.90000000,0.3376
1749265240,0.33480000,7378.30000000,0.3376
1749265240,0.33470000,102.10000000,0.3376
1749265240,0.33460000,4708.90000000,0.3376
1749265240,0.33450000,2852.80000000,0.3376
1749265240,0.33440000,4383.40000000,0.3376
1749265240,0.33430000,64805.60000000,0.3376
1749265240,0.33420000,174.30000000,0.3376
1749265240,0.33410000,3463.00000000,0.3376
1749265240,0.33400000,30.00000000,0.3376
1749265240,0.33390000,2986.60000000,0.3376
1749265240,0.33380000,30.00000000,0.3376
1749265240,0.33370000,52.30000000,0.3376
1749265240,0.33360000,2665.60000000,0.3376
1749265240,0.33350000,135.00000000,0.3376
1749265240,0.33340000,351.20000000,0.3376
1749265240,0.33330000,2539.30000000,0.3376
1749265240,0.33320000,109.40000000,0.3376
1749265240,0.33310000,384.70000000,0.3376
1749265240,0.33300000,61697.80000000,0.3376
1749265240,0.33290000,68.00000000,0.3376
1749265240,0.33280000,30.10000000,0.3376
1749265240,0.33270000,55.00000000,0.3376
1749265240,0.33260000,207.70000000,0.3376
1749265240,0.33250000,648.70000000,0.3376
1749265240,0.33240000,752.00000000,0.3376
1749265240,0.33230000,46.80000000,0.3376
1749265240,0.33220000,52.70000000,0.3376
1749265240,0.33210000,63.00000000,0.3376
1749265240,0.33200000,102.50000000,0.3376
1749265240,0.33190000,30.20000000,0.3376
1749265240,0.33180000,30.20000000,0.3376
1749265240,0.33170000,191.10000000,0.3376
1749265240,0.33160000,273.90000000,0.3376
1749265240,0.33150000,99.80000000,0.3376
1749265240,0.33140000,120.70000000,0.3376
1749265240,0.33130000,177.40000000,0.3376
1749265240,0.33120000,19258.20000000,0.3376
1749265240,0.33110000,1574.60000000,0.3376
1749265240,0.33100000,637.00000000,0.3376
1749265240,0.33090000,70.90000000,0.3376
1749265240,0.33080000,72.90000000,0.3376
1749265240,0.33070000,50.30000000,0.3376
1749265240,0.33060000,81.90000000,0.3376
1749265240,0.33050000,1251.40000000,0.3376
1749265240,0.33040000,173.30000000,0.3376
1749265240,0.33030000,54.80000000,0.3376
1749265240,0.33020000,175.60000000,0.3376
1749265240,0.33010000,49.40000000,0.3376
1749265240,0.33000000,27296.50000000,0.3376
1749265240,0.32990000,43.50000000,0.3376
1749265240,0.32980000,21.00000000,0.3376
1749265240,0.32970000,37.60000000,0.3376
1749265240,0.32960000,32.50000000,0.3376
1749265240,0.32950000,33.10000000,0.3376
1749265240,0.32930000,190.20000000,0.3376
1749265240,0.32920000,25.00000000,0.3376
1749265240,0.32910000,5204.80000000,0.3376
1749265240,0.32900000,873.30000000,0.3376
1749265240,0.32880000,1559.30000000,0.3376
1749265240,0.32870000,17144.30000000,0.3376
1749265240,0.32860000,156.60000000,0.3376
1749265240,0.32850000,67.60000000,0.3376
1749265240,0.32840000,134.20000000,0.3376
1749265240,0.32820000,1042.50000000,0.3376
1749265240,0.32810000,82.70000000,0.3376
1749265240,0.32800000,1677.90000000,0.3376
1749265240,0.32790000,3049.70000000,0.3376
1749265240,0.32780000,20.70000000,0.3376
1749265240,0.32770000,154.50000000,0.3376
1749265240,0.32750000,355.40000000,0.3376
1749265240,0.32740000,482.30000000,0.3376
1749265240,0.32730000,219.40000000,0.3376
1749265542,0.33860000,3473.60000000,0.3387
1749265542,0.33850000,27887.30000000,0.3387
1749265542,0.33840000,26557.20000000,0.3387
1749265542,0.33830000,50769.90000000,0.3387
1749265542,0.33820000,111689.10000000,0.3387
1749265542,0.33810000,172157.00000000,0.3387
1749265542,0.33800000,109254.00000000,0.3387
1749265542,0.33790000,82377.10000000,0.3387
1749265542,0.33780000,30551.40000000,0.3387
1749265542,0.33770000,3772.00000000,0.3387
1749265542,0.33760000,7917.50000000,0.3387
1749265542,0.33750000,38672.30000000,0.3387
1749265542,0.33740000,7671.60000000,0.3387
1749265542,0.33730000,3422.70000000,0.3387
1749265542,0.33720000,14421.90000000,0.3387
1749265542,0.33710000,53702.50000000,0.3387
1749265542,0.33700000,91276.50000000,0.3387
1749265542,0.33690000,19292.30000000,0.3387
1749265542,0.33680000,12440.30000000,0.3387
1749265542,0.33670000,3318.70000000,0.3387
1749265542,0.33660000,7677.10000000,0.3387
1749265542,0.33650000,13965.10000000,0.3387
1749265542,0.33640000,72445.30000000,0.3387
1749265542,0.33630000,349.20000000,0.3387
1749265542,0.33620000,7650.60000000,0.3387
1749265542,0.33610000,349.40000000,0.3387
1749265542,0.33600000,7738.00000000,0.3387
1749265542,0.33590000,87292.00000000,0.3387
1749265542,0.33580000,13112.30000000,0.3387
1749265542,0.33570000,349.70000000,0.3387
1749265542,0.33560000,7680.70000000,0.3387
1749265542,0.33550000,52.10000000,0.3387
1749265542,0.33540000,5400.20000000,0.3387
1749265542,0.33530000,80.40000000,0.3387
1749265542,0.33520000,4383.40000000,0.3387
1749265542,0.33510000,131.50000000,0.3387
1749265542,0.33500000,23398.80000000,0.3387
1749265542,0.33490000,68.90000000,0.3387
1749265542,0.33480000,4408.30000000,0.3387
1749265542,0.33470000,102.10000000,0.3387
1749265542,0.33460000,76.50000000,0.3387
1749265542,0.33450000,91.20000000,0.3387
1749265542,0.33440000,325.90000000,0.3387
1749265542,0.33430000,64820.90000000,0.3387
1749265542,0.33420000,174.30000000,0.3387
1749265542,0.33410000,976.80000000,0.3387
1749265542,0.33400000,30.00000000,0.3387
1749265542,0.33390000,19474.00000000,0.3387
1749265542,0.33380000,30.00000000,0.3387
1749265542,0.33370000,52.30000000,0.3387
1749265542,0.33360000,83.20000000,0.3387
1749265542,0.33350000,135.00000000,0.3387
1749265542,0.33340000,54.30000000,0.3387
1749265542,0.33330000,349.30000000,0.3387
1749265542,0.33320000,30.00000000,0.3387
1749265542,0.33310000,85.10000000,0.3387
1749265542,0.33300000,42626.30000000,0.3387
1749265542,0.33290000,51.00000000,0.3387
1749265542,0.33280000,30.10000000,0.3387
1749265542,0.33270000,55.00000000,0.3387
1749265542,0.33260000,207.70000000,0.3387
1749265542,0.33250000,648.70000000,0.3387
1749265542,0.33240000,30.10000000,0.3387
1749265542,0.33230000,46.80000000,0.3387
1749265542,0.33220000,52.70000000,0.3387
1749265542,0.33210000,63.00000000,0.3387
1749265542,0.33200000,102.50000000,0.3387
1749265542,0.33190000,19181.20000000,0.3387
1749265542,0.33180000,30.20000000,0.3387
1749265542,0.33170000,191.10000000,0.3387
1749265542,0.33160000,273.90000000,0.3387
1749265542,0.33150000,1588.60000000,0.3387
1749265542,0.33140000,196.10000000,0.3387
1749265542,0.33130000,176.70000000,0.3387
1749265542,0.33120000,66.00000000,0.3387
1749265542,0.33110000,29.60000000,0.3387
1749265542,0.33100000,606.80000000,0.3387
1749265542,0.33090000,41.30000000,0.3387
1749265542,0.33080000,43.30000000,0.3387
1749265542,0.33070000,20.70000000,0.3387
1749265542,0.33060000,52.30000000,0.3387
1749265542,0.33050000,1221.80000000,0.3387
1749265542,0.33040000,143.70000000,0.3387
1749265542,0.33030000,25.20000000,0.3387
1749265542,0.33020000,146.00000000,0.3387
1749265542,0.33010000,19.70000000,0.3387
1749265542,0.33000000,27296.50000000,0.3387
1749265542,0.32990000,43.50000000,0.3387
1749265542,0.32980000,21.00000000,0.3387
1749265542,0.32970000,37.60000000,0.3387
1749265542,0.32960000,32.50000000,0.3387
1749265542,0.32950000,33.10000000,0.3387
1749265542,0.32930000,190.20000000,0.3387
1749265542,0.32920000,25.00000000,0.3387
1749265542,0.32910000,5204.80000000,0.3387
1749265542,0.32900000,873.30000000,0.3387
1749265542,0.32880000,1559.30000000,0.3387
1749265542,0.32870000,17144.30000000,0.3387
1749265542,0.32860000,156.60000000,0.3387
1749265542,0.32850000,67.60000000,0.3387
1749265843,0.33950000,18201.60000000,0.3395
1749265843,0.33940000,43822.80000000,0.3395
1749265843,0.33930000,106884.70000000,0.3395
1749265843,0.33920000,105542.20000000,0.3395
1749265843,0.33910000,74387.90000000,0.3395
1749265843,0.33900000,156719.10000000,0.3395
1749265843,0.33890000,80181.10000000,0.3395
1749265843,0.33880000,28014.20000000,0.3395
1749265843,0.33870000,23385.90000000,0.3395
1749265843,0.33860000,28689.10000000,0.3395
1749265843,0.33850000,12580.30000000,0.3395
1749265843,0.33840000,44203.10000000,0.3395
1749265843,0.33830000,39525.70000000,0.3395
1749265843,0.33820000,7670.70000000,0.3395
1749265843,0.33810000,6312.80000000,0.3395
1749265843,0.33800000,9077.60000000,0.3395
1749265843,0.33790000,54388.50000000,0.3395
1749265843,0.33780000,7671.10000000,0.3395
1749265843,0.33770000,7010.50000000,0.3395
1749265843,0.33760000,72466.30000000,0.3395
1749265843,0.33750000,3355.40000000,0.3395
1749265843,0.33740000,7649.30000000,0.3395
1749265843,0.33730000,3400.40000000,0.3395
1749265843,0.33720000,14153.50000000,0.3395
1749265843,0.33710000,105275.30000000,0.3395
1749265843,0.33700000,40205.40000000,0.3395
1749265843,0.33690000,30018.50000000,0.3395
1749265843,0.33680000,8820.30000000,0.3395
1749265843,0.33670000,3318.70000000,0.3395
1749265843,0.33660000,7677.10000000,0.3395
1749265843,0.33650000,4053.00000000,0.3395
1749265843,0.33640000,7650.40000000,0.3395
1749265843,0.33630000,349.20000000,0.3395
1749265843,0.33620000,7387.20000000,0.3395
1749265843,0.33610000,52.10000000,0.3395
1749265843,0.33600000,4470.60000000,0.3395
1749265843,0.33590000,76.20000000,0.3395
1749265843,0.33580000,7094.50000000,0.3395
1749265843,0.33570000,52.10000000,0.3395
1749265843,0.33560000,4438.40000000,0.3395
1749265843,0.33550000,52.10000000,0.3395
1749265843,0.33540000,69247.20000000,0.3395
1749265843,0.33530000,118.60000000,0.3395
1749265843,0.33520000,29.90000000,0.3395
1749265843,0.33510000,131.50000000,0.3395
1749265843,0.33500000,19045.30000000,0.3395
1749265843,0.33490000,85.70000000,0.3395
1749265843,0.33480000,54.80000000,0.3395
1749265843,0.33470000,102.10000000,0.3395
1749265843,0.33460000,461.10000000,0.3395
1749265843,0.33450000,91.20000000,0.3395
1749265843,0.33440000,325.90000000,0.3395
1749265843,0.33430000,67.60000000,0.3395
1749265843,0.33420000,174.30000000,0.3395
1749265843,0.33410000,1275.50000000,0.3395
1749265843,0.33400000,30.00000000,0.3395
1749265843,0.33390000,19088.60000000,0.3395
1749265843,0.33380000,30.00000000,0.3395
1749265843,0.33370000,52.30000000,0.3395
1749265843,0.33360000,83.20000000,0.3395
1749265843,0.33350000,135.00000000,0.3395
1749265843,0.33340000,774.00000000,0.3395
1749265843,0.33330000,52.30000000,0.3395
1749265843,0.33320000,30.00000000,0.3395
1749265843,0.33310000,85.10000000,0.3395
1749265843,0.33300000,42626.30000000,0.3395
1749265843,0.33290000,51.00000000,0.3395
1749265843,0.33280000,30.10000000,0.3395
1749265843,0.33270000,55.00000000,0.3395
1749265843,0.33260000,207.70000000,0.3395
1749265843,0.33250000,648.70000000,0.3395
1749265843,0.33240000,104.60000000,0.3395
1749265843,0.33230000,1601.00000000,0.3395
1749265843,0.33220000,52.70000000,0.3395
1749265843,0.33210000,63.00000000,0.3395
1749265843,0.33200000,102.50000000,0.3395
1749265843,0.33190000,19151.00000000,0.3395
1749265843,0.33170000,160.90000000,0.3395
1749265843,0.33160000,17128.90000000,0.3395
1749265843,0.33150000,52.60000000,0.3395
1749265843,0.33140000,90.50000000,0.3395
1749265843,0.33130000,147.20000000,0.3395
1749265843,0.33120000,36.50000000,0.3395
1749265843,0.33100000,606.80000000,0.3395
1749265843,0.33090000,41.30000000,0.3395
1749265843,0.33080000,970.00000000,0.3395
1749265843,0.33070000,20.70000000,0.3395
1749265843,0.33060000,52.30000000,0.3395
1749265843,0.33040000,143.70000000,0.3395
1749265843,0.33030000,25.20000000,0.3395
1749265843,0.33020000,146.00000000,0.3395
1749265843,0.33010000,19.70000000,0.3395
1749265843,0.33000000,27312.50000000,0.3395
1749265843,0.32990000,43.50000000,0.3395
1749265843,0.32980000,21.00000000,0.3395
1749265843,0.32970000,37.60000000,0.3395
1749265843,0.32960000,32.50000000,0.3395
1749265843,0.32950000,33.10000000,0.3395
1749265843,0.32930000,190.20000000,0.3395
1749265843,0.32920000,25.00000000,0.3395
1749266145,0.34060000,10033.80000000,0.3406
1749266145,0.34050000,52814.90000000,0.3406
1749266145,0.34040000,160115.50000000,0.3406
1749266145,0.34030000,48818.70000000,0.3406
1749266145,0.34020000,143713.10000000,0.3406
1749266145,0.34010000,162261.50000000,0.3406
1749266145,0.34000000,59188.60000000,0.3406
1749266145,0.33990000,36318.10000000,0.3406
1749266145,0.33980000,22939.60000000,0.3406
1749266145,0.33970000,8902.70000000,0.3406
1749266145,0.33960000,8375.50000000,0.3406
1749266145,0.33950000,45638.30000000,0.3406
1749266145,0.33940000,22600.80000000,0.3406
1749266145,0.33930000,55908.10000000,0.3406
1749266145,0.33920000,36976.70000000,0.3406
1749266145,0.33910000,54387.30000000,0.3406
1749266145,0.33900000,4699.90000000,0.3406
1749266145,0.33890000,68133.60000000,0.3406
1749266145,0.33880000,11349.80000000,0.3406
1749266145,0.33870000,3339.00000000,0.3406
1749266145,0.33860000,7274.10000000,0.3406
1749266145,0.33850000,347.00000000,0.3406
1749266145,0.33840000,7648.30000000,0.3406
1749266145,0.33830000,97067.30000000,0.3406
1749266145,0.33820000,7648.50000000,0.3406
1749266145,0.33810000,6290.60000000,0.3406
1749266145,0.33800000,7549.30000000,0.3406
1749266145,0.33790000,3317.50000000,0.3406
1749266145,0.33780000,7648.90000000,0.3406
1749266145,0.33770000,3317.80000000,0.3406
1749266145,0.33760000,7698.30000000,0.3406
1749266145,0.33750000,5209.90000000,0.3406
1749266145,0.33740000,7385.50000000,0.3406
1749266145,0.33730000,173.20000000,0.3406
1749266145,0.33720000,4975.20000000,0.3406
1749266145,0.33710000,1010.40000000,0.3406
1749266145,0.33700000,23244.40000000,0.3406
1749266145,0.33690000,2817.60000000,0.3406
1749266145,0.33680000,4473.20000000,0.3406
1749266145,0.33670000,644.80000000,0.3406
1749266145,0.33660000,4432.00000000,0.3406
1749266145,0.33650000,64826.10000000,0.3406
1749266145,0.33640000,29.80000000,0.3406
1749266145,0.33630000,52.10000000,0.3406
1749266145,0.33620000,63.70000000,0.3406
1749266145,0.33610000,73.00000000,0.3406
1749266145,0.33600000,117.10000000,0.3406
1749266145,0.33590000,76.20000000,0.3406
1749266145,0.33580000,29.80000000,0.3406
1749266145,0.33570000,52.10000000,0.3406
1749266145,0.33560000,424.60000000,0.3406
1749266145,0.33550000,347.10000000,0.3406
1749266145,0.33540000,19389.20000000,0.3406
1749266145,0.33530000,502.40000000,0.3406
1749266145,0.33520000,325.20000000,0.3406
1749266145,0.33510000,131.50000000,0.3406
1749266145,0.33500000,124.00000000,0.3406
1749266145,0.33490000,145.80000000,0.3406
1749266145,0.33480000,42530.30000000,0.3406
1749266145,0.33470000,102.10000000,0.3406
1749266145,0.33460000,104.90000000,0.3406
1749266145,0.33450000,808.60000000,0.3406
1749266145,0.33440000,29.90000000,0.3406
1749266145,0.33430000,208.70000000,0.3406
1749266145,0.33420000,174.30000000,0.3406
1749266145,0.33410000,976.80000000,0.3406
1749266145,0.33400000,51.80000000,0.3406
1749266145,0.33390000,52.30000000,0.3406
1749266145,0.33380000,628.00000000,0.3406
1749266145,0.33370000,52.30000000,0.3406
1749266145,0.33360000,83.20000000,0.3406
1749266145,0.33350000,1721.90000000,0.3406
1749266145,0.33340000,54.30000000,0.3406
1749266145,0.33330000,19160.50000000,0.3406
1749266145,0.33320000,30.00000000,0.3406
1749266145,0.33310000,84.40000000,0.3406
1749266145,0.33300000,120.70000000,0.3406
1749266145,0.33290000,20.90000000,0.3406
1749266145,0.33280000,452.60000000,0.3406
1749266145,0.33270000,24.90000000,0.3406
1749266145,0.33260000,177.60000000,0.3406
1749266145,0.33250000,618.60000000,0.3406
1749266145,0.33230000,16.70000000,0.3406
1749266145,0.33220000,323.00000000,0.3406
1749266145,0.33210000,333.30000000,0.3406
1749266145,0.33200000,89.50000000,0.3406
1749266145,0.33170000,160.90000000,0.3406
1749266145,0.33160000,17128.90000000,0.3406
1749266145,0.33150000,52.60000000,0.3406
1749266145,0.33130000,147.20000000,0.3406
1749266145,0.33120000,1366.90000000,0.3406
1749266145,0.33100000,238.90000000,0.3406
1749266145,0.33090000,41.30000000,0.3406
1749266145,0.33080000,43.30000000,0.3406
1749266145,0.33070000,81.20000000,0.3406
1749266145,0.33060000,52.30000000,0.3406
1749266145,0.33050000,302.00000000,0.3406
1749266145,0.33040000,143.70000000,0.3406
1749266145,0.33030000,327.40000000,0.3406
1749266145,0.33020000,17014.60000000,0.3406
1749266446,0.34010000,12997.10000000,0.3401
1749266446,0.34000000,57808.10000000,0.3401
1749266446,0.33990000,79019.00000000,0.3401
1749266446,0.33980000,177464.50000000,0.3401
1749266446,0.33970000,171628.20000000,0.3401
1749266446,0.33960000,114128.90000000,0.3401
1749266446,0.33950000,33044.70000000,0.3401
1749266446,0.33940000,42684.50000000,0.3401
1749266446,0.33930000,60702.10000000,0.3401
1749266446,0.33920000,44808.10000000,0.3401
1749266446,0.33910000,54387.20000000,0.3401
1749266446,0.33900000,106310.90000000,0.3401
1749266446,0.33890000,3316.50000000,0.3401
1749266446,0.33880000,11572.30000000,0.3401
1749266446,0.33870000,3316.80000000,0.3401
1749266446,0.33860000,7274.10000000,0.3401
1749266446,0.33850000,370.90000000,0.3401
1749266446,0.33840000,91596.70000000,0.3401
1749266446,0.33830000,4229.10000000,0.3401
1749266446,0.33820000,7648.50000000,0.3401
1749266446,0.33810000,6290.60000000,0.3401
1749266446,0.33800000,7669.20000000,0.3401
1749266446,0.33790000,12843.80000000,0.3401
1749266446,0.33780000,7353.10000000,0.3401
1749266446,0.33770000,783.10000000,0.3401
1749266446,0.33760000,72155.70000000,0.3401
1749266446,0.33750000,5106.80000000,0.3401
1749266446,0.33740000,7385.50000000,0.3401
1749266446,0.33730000,252.50000000,0.3401
1749266446,0.33720000,7353.20000000,0.3401
1749266446,0.33710000,454.80000000,0.3401
1749266446,0.33700000,29.70000000,0.3401
1749266446,0.33690000,411.50000000,0.3401
1749266446,0.33680000,416.00000000,0.3401
1749266446,0.33670000,348.40000000,0.3401
1749266446,0.33660000,78.50000000,0.3401
1749266446,0.33650000,72.80000000,0.3401
1749266446,0.33640000,73.90000000,0.3401
1749266446,0.33630000,18952.50000000,0.3401
1749266446,0.33620000,63.70000000,0.3401
1749266446,0.33610000,73.00000000,0.3401
1749266446,0.33600000,500.10000000,0.3401
1749266446,0.33590000,76.20000000,0.3401
1749266446,0.33580000,29.80000000,0.3401
1749266446,0.33570000,347.00000000,0.3401
1749266446,0.33560000,127.20000000,0.3401
1749266446,0.33550000,52.10000000,0.3401
1749266446,0.33540000,438.00000000,0.3401
1749266446,0.33530000,118.60000000,0.3401
1749266446,0.33520000,325.20000000,0.3401
1749266446,0.33510000,350.00000000,0.3401
1749266446,0.33500000,19097.80000000,0.3401
1749266446,0.33490000,101.50000000,0.3401
1749266446,0.33480000,42530.30000000,0.3401
1749266446,0.33470000,102.10000000,0.3401
1749266446,0.33460000,104.90000000,0.3401
1749266446,0.33450000,808.60000000,0.3401
1749266446,0.33440000,29.90000000,0.3401
1749266446,0.33430000,298.40000000,0.3401
1749266446,0.33420000,174.30000000,0.3401
1749266446,0.33410000,52.30000000,0.3401
1749266446,0.33400000,51.80000000,0.3401
1749266446,0.33390000,52.30000000,0.3401
1749266446,0.33380000,30.00000000,0.3401
1749266446,0.33370000,51.60000000,0.3401
1749266446,0.33360000,82.60000000,0.3401
1749266446,0.33350000,189.20000000,0.3401
1749266446,0.33340000,53.70000000,0.3401
1749266446,0.33330000,1554.50000000,0.3401
1749266446,0.33320000,19105.70000000,0.3401
1749266446,0.33310000,84.40000000,0.3401
1749266446,0.33300000,150.10000000,0.3401
1749266446,0.33290000,50.30000000,0.3401
1749266446,0.33280000,391.90000000,0.3401
1749266446,0.33270000,54.30000000,0.3401
1749266446,0.33260000,207.00000000,0.3401
1749266446,0.33250000,618.60000000,0.3401
1749266446,0.33230000,16.70000000,0.3401
1749266446,0.33220000,22.60000000,0.3401
1749266446,0.33210000,32.80000000,0.3401
1749266446,0.33200000,89.50000000,0.3401
1749266446,0.33190000,300.70000000,0.3401
1749266446,0.33170000,160.90000000,0.3401
1749266446,0.33160000,17128.90000000,0.3401
1749266446,0.33150000,52.60000000,0.3401
1749266446,0.33130000,147.20000000,0.3401
1749266446,0.33120000,1366.90000000,0.3401
1749266446,0.33100000,238.90000000,0.3401
1749266446,0.33090000,41.30000000,0.3401
1749266446,0.33080000,43.30000000,0.3401
1749266446,0.33070000,81.20000000,0.3401
1749266446,0.33060000,52.30000000,0.3401
1749266446,0.33050000,302.00000000,0.3401
1749266446,0.33040000,143.70000000,0.3401
1749266446,0.33030000,25.20000000,0.3401
1749266446,0.33020000,17014.60000000,0.3401
1749266446,0.33010000,944.20000000,0.3401
1749266446,0.33000000,26061.80000000,0.3401
1749266446,0.32990000,43.50000000,0.3401
1749266446,0.32980000,21.00000000,0.3401
1749266748,0.34140000,12854.90000000,0.3414
1749266748,0.34130000,37022.60000000,0.3414
1749266748,0.34120000,42298.20000000,0.3414
1749266748,0.34110000,77887.30000000,0.3414
1749266748,0.34100000,123761.90000000,0.3414
1749266748,0.34090000,133682.70000000,0.3414
1749266748,0.34080000,91812.00000000,0.3414
1749266748,0.34070000,123802.50000000,0.3414
1749266748,0.34060000,32423.30000000,0.3414
1749266748,0.34050000,31000.10000000,0.3414
1749266748,0.34040000,10259.40000000,0.3414
1749266748,0.34030000,37062.70000000,0.3414
1749266748,0.34020000,8772.70000000,0.3414
1749266748,0.34010000,3337.40000000,0.3414
1749266748,0.34000000,10299.10000000,0.3414
1749266748,0.33990000,44525.30000000,0.3414
1749266748,0.33980000,11316.90000000,0.3414
1749266748,0.33970000,46502.20000000,0.3414
1749266748,0.33960000,7679.80000000,0.3414
1749266748,0.33950000,68110.80000000,0.3414
1749266748,0.33940000,58696.20000000,0.3414
1749266748,0.33930000,3316.10000000,0.3414
1749266748,0.33920000,17411.80000000,0.3414
1749266748,0.33910000,3316.30000000,0.3414
1749266748,0.33900000,91621.00000000,0.3414
1749266748,0.33890000,3316.50000000,0.3414
1749266748,0.33880000,7669.00000000,0.3414
1749266748,0.33870000,4045.80000000,0.3414
1749266748,0.33860000,4705.10000000,0.3414
1749266748,0.33850000,75.70000000,0.3414
1749266748,0.33840000,4383.10000000,0.3414
1749266748,0.33830000,51.80000000,0.3414
1749266748,0.33820000,5294.80000000,0.3414
1749266748,0.33810000,3025.00000000,0.3414
1749266748,0.33800000,4403.60000000,0.3414
1749266748,0.33790000,51.80000000,0.3414
1749266748,0.33780000,23199.60000000,0.3414
1749266748,0.33770000,51.90000000,0.3414
1749266748,0.33760000,69185.70000000,0.3414
1749266748,0.33750000,2432.50000000,0.3414
1749266748,0.33740000,62.00000000,0.3414
1749266748,0.33730000,252.50000000,0.3414
1749266748,0.33720000,81.50000000,0.3414
1749266748,0.33710000,158.70000000,0.3414
1749266748,0.33700000,29.70000000,0.3414
1749266748,0.33690000,115.20000000,0.3414
1749266748,0.33680000,413.60000000,0.3414
1749266748,0.33670000,434.20000000,0.3414
1749266748,0.33660000,18991.80000000,0.3414
1749266748,0.33650000,72.80000000,0.3414
1749266748,0.33640000,368.10000000,0.3414
1749266748,0.33630000,52.10000000,0.3414
1749266748,0.33620000,63.70000000,0.3414
1749266748,0.33610000,73.00000000,0.3414
1749266748,0.33600000,117.10000000,0.3414
1749266748,0.33590000,119.50000000,0.3414
1749266748,0.33580000,29.80000000,0.3414
1749266748,0.33570000,52.10000000,0.3414
1749266748,0.33560000,127.20000000,0.3414
1749266748,0.33550000,52.10000000,0.3414
1749266748,0.33540000,140.40000000,0.3414
1749266748,0.33530000,118.60000000,0.3414
1749266748,0.33520000,29.90000000,0.3414
1749266748,0.33510000,350.60000000,0.3414
1749266748,0.33500000,124.00000000,0.3414
1749266748,0.33490000,101.50000000,0.3414
1749266748,0.33480000,42530.30000000,0.3414
1749266748,0.33470000,102.10000000,0.3414
1749266748,0.33460000,104.90000000,0.3414
1749266748,0.33450000,165.20000000,0.3414
1749266748,0.33440000,29.90000000,0.3414
1749266748,0.33430000,298.40000000,0.3414
1749266748,0.33420000,1700.30000000,0.3414
1749266748,0.33410000,51.60000000,0.3414
1749266748,0.33400000,19081.70000000,0.3414
1749266748,0.33390000,51.60000000,0.3414
1749266748,0.33370000,22.30000000,0.3414
1749266748,0.33360000,53.20000000,0.3414
1749266748,0.33350000,63.20000000,0.3414
1749266748,0.33340000,24.30000000,0.3414
1749266748,0.33330000,135.60000000,0.3414
1749266748,0.33310000,55.00000000,0.3414
1749266748,0.33300000,120.70000000,0.3414
1749266748,0.33290000,20.90000000,0.3414
1749266748,0.33280000,362.50000000,0.3414
1749266748,0.33270000,24.90000000,0.3414
1749266748,0.33260000,177.60000000,0.3414
1749266748,0.33250000,618.60000000,0.3414
1749266748,0.33230000,16.70000000,0.3414
1749266748,0.33220000,22.60000000,0.3414
1749266748,0.33210000,32.80000000,0.3414
1749266748,0.33200000,89.50000000,0.3414
1749266748,0.33180000,742.00000000,0.3414
1749266748,0.33170000,160.90000000,0.3414
1749266748,0.33160000,17128.90000000,0.3414
1749266748,0.33150000,52.60000000,0.3414
1749266748,0.33130000,147.20000000,0.3414
1749266748,0.33120000,21.10000000,0.3414
1749266748,0.33100000,238.90000000,0.3414
1749266748,0.33090000,41.30000000,0.3414
1749267050,0.34100000,14100.60000000,0.341
1749267050,0.34090000,52096.80000000,0.341
1749267050,0.34080000,165284.90000000,0.341
1749267050,0.34070000,138856.40000000,0.341
1749267050,0.34060000,167094.60000000,0.341
1749267050,0.34050000,85652.40000000,0.341
1749267050,0.34040000,57364.40000000,0.341
1749267050,0.34030000,23987.80000000,0.341
1749267050,0.34020000,44943.70000000,0.341
1749267050,0.34010000,3916.40000000,0.341
1749267050,0.34000000,61347.90000000,0.341
1749267050,0.33990000,110717.50000000,0.341
1749267050,0.33980000,11316.90000000,0.341
1749267050,0.33970000,19488.90000000,0.341
1749267050,0.33960000,91872.30000000,0.341
1749267050,0.33950000,4212.30000000,0.341
1749267050,0.33940000,7647.40000000,0.341
1749267050,0.33930000,3316.10000000,0.341
1749267050,0.33920000,7664.80000000,0.341
1749267050,0.33910000,3316.30000000,0.341
1749267050,0.33900000,7672.60000000,0.341
1749267050,0.33890000,3316.50000000,0.341
1749267050,0.33880000,17436.20000000,0.341
1749267050,0.33870000,4045.80000000,0.341
1749267050,0.33860000,7675.10000000,0.341
1749267050,0.33850000,75.70000000,0.341
1749267050,0.33840000,7353.10000000,0.341
1749267050,0.33830000,51.80000000,0.341
1749267050,0.33820000,4383.10000000,0.341
1749267050,0.33810000,3025.00000000,0.341
1749267050,0.33800000,4403.60000000,0.341
1749267050,0.33790000,51.80000000,0.341
1749267050,0.33780000,4383.10000000,0.341
1749267050,0.33770000,51.90000000,0.341
1749267050,0.33760000,64832.20000000,0.341
1749267050,0.33750000,2136.80000000,0.341
1749267050,0.33740000,443.30000000,0.341
1749267050,0.33730000,252.50000000,0.341
1749267050,0.33720000,81.50000000,0.341
1749267050,0.33710000,19043.90000000,0.341
1749267050,0.33700000,29.70000000,0.341
1749267050,0.33690000,115.20000000,0.341
1749267050,0.33680000,413.60000000,0.341
1749267050,0.33670000,52.00000000,0.341
1749267050,0.33660000,61467.30000000,0.341
1749267050,0.33650000,72.80000000,0.341
1749267050,0.33640000,368.10000000,0.341
1749267050,0.33630000,52.10000000,0.341
1749267050,0.33620000,63.70000000,0.341
1749267050,0.33610000,73.00000000,0.341
1749267050,0.33600000,117.10000000,0.341
1749267050,0.33590000,119.50000000,0.341
1749267050,0.33580000,29.80000000,0.341
1749267050,0.33570000,52.10000000,0.341
1749267050,0.33560000,127.20000000,0.341
1749267050,0.33550000,52.10000000,0.341
1749267050,0.33540000,140.40000000,0.341
1749267050,0.33530000,118.60000000,0.341
1749267050,0.33520000,29.90000000,0.341
1749267050,0.33510000,350.60000000,0.341
1749267050,0.33500000,124.00000000,0.341
1749267050,0.33490000,101.50000000,0.341
1749267050,0.33480000,54.80000000,0.341
1749267050,0.33470000,102.10000000,0.341
1749267050,0.33460000,104.90000000,0.341
1749267050,0.33450000,165.20000000,0.341
1749267050,0.33440000,29.90000000,0.341
1749267050,0.33430000,298.40000000,0.341
1749267050,0.33420000,173.60000000,0.341
1749267050,0.33410000,51.60000000,0.341
1749267050,0.33400000,19081.70000000,0.341
1749267050,0.33390000,51.60000000,0.341
1749267050,0.33380000,1962.50000000,0.341
1749267050,0.33370000,51.60000000,0.341
1749267050,0.33360000,82.60000000,0.341
1749267050,0.33350000,92.60000000,0.341
1749267050,0.33340000,24.30000000,0.341
1749267050,0.33330000,135.60000000,0.341
1749267050,0.33310000,55.00000000,0.341
1749267050,0.33300000,120.70000000,0.341
1749267050,0.33290000,20.90000000,0.341
1749267050,0.33270000,24.90000000,0.341
1749267050,0.33260000,177.60000000,0.341
1749267050,0.33250000,618.60000000,0.341
1749267050,0.33230000,16.70000000,0.341
1749267050,0.33220000,22.60000000,0.341
1749267050,0.33210000,32.80000000,0.341
1749267050,0.33200000,89.50000000,0.341
1749267050,0.33180000,742.00000000,0.341
1749267050,0.33170000,160.90000000,0.341
1749267050,0.33160000,17128.90000000,0.341
1749267050,0.33150000,52.60000000,0.341
1749267050,0.33130000,147.20000000,0.341
1749267050,0.33120000,21.10000000,0.341
1749267050,0.33100000,238.90000000,0.341
1749267050,0.33090000,41.30000000,0.341
1749267050,0.33080000,43.30000000,0.341
1749267050,0.33070000,81.20000000,0.341
1749267050,0.33060000,52.30000000,0.341
1749267050,0.33040000,143.70000000,0.341
1749267351,0.34150000,15112.30000000,0.3415
1749267351,0.34140000,21548.50000000,0.3415
1749267351,0.34130000,56895.70000000,0.3415
1749267351,0.34120000,116112.00000000,0.3415
1749267351,0.34110000,94937.40000000,0.3415
1749267351,0.34100000,135743.30000000,0.3415
1749267351,0.34090000,160238.70000000,0.3415
1749267351,0.34080000,98003.60000000,0.3415
1749267351,0.34070000,19605.20000000,0.3415
1749267351,0.34060000,8212.60000000,0.3415
1749267351,0.34050000,30843.40000000,0.3415
1749267351,0.34040000,47497.40000000,0.3415
1749267351,0.34030000,46490.40000000,0.3415
1749267351,0.34020000,40599.70000000,0.3415
1749267351,0.34010000,3337.40000000,0.3415
1749267351,0.34000000,10299.10000000,0.3415
1749267351,0.33990000,54401.20000000,0.3415
1749267351,0.33980000,9103.00000000,0.3415
1749267351,0.33970000,3337.80000000,0.3415
1749267351,0.33960000,7679.80000000,0.3415
1749267351,0.33950000,68110.80000000,0.3415
1749267351,0.33940000,7647.40000000,0.3415
1749267351,0.33930000,3316.10000000,0.3415
1749267351,0.33920000,7664.80000000,0.3415
1749267351,0.33910000,3316.30000000,0.3415
1749267351,0.33900000,91621.00000000,0.3415
1749267351,0.33890000,16732.50000000,0.3415
1749267351,0.33880000,8553.90000000,0.3415
1749267351,0.33870000,4045.80000000,0.3415
1749267351,0.33860000,4705.10000000,0.3415
1749267351,0.33850000,75.70000000,0.3415
1749267351,0.33840000,4383.10000000,0.3415
1749267351,0.33830000,51.80000000,0.3415
1749267351,0.33820000,4383.10000000,0.3415
1749267351,0.33810000,3320.20000000,0.3415
1749267351,0.33800000,4403.60000000,0.3415
1749267351,0.33790000,51.80000000,0.3415
1749267351,0.33780000,4383.10000000,0.3415
1749267351,0.33770000,51.90000000,0.3415
1749267351,0.33760000,64832.20000000,0.3415
1749267351,0.33750000,2136.80000000,0.3415
1749267351,0.33740000,443.30000000,0.3415
1749267351,0.33730000,252.50000000,0.3415
1749267351,0.33720000,81.50000000,0.3415
1749267351,0.33710000,19043.90000000,0.3415
1749267351,0.33700000,29.70000000,0.3415
1749267351,0.33690000,115.20000000,0.3415
1749267351,0.33680000,413.60000000,0.3415
1749267351,0.33670000,52.00000000,0.3415
1749267351,0.33660000,42583.70000000,0.3415
1749267351,0.33650000,72.80000000,0.3415
1749267351,0.33640000,368.10000000,0.3415
1749267351,0.33630000,52.10000000,0.3415
1749267351,0.33620000,63.70000000,0.3415
1749267351,0.33610000,102.70000000,0.3415
1749267351,0.33600000,117.10000000,0.3415
1749267351,0.33590000,119.50000000,0.3415
1749267351,0.33580000,29.80000000,0.3415
1749267351,0.33570000,18986.30000000,0.3415
1749267351,0.33560000,127.20000000,0.3415
1749267351,0.33550000,52.10000000,0.3415
1749267351,0.33540000,140.40000000,0.3415
1749267351,0.33530000,118.60000000,0.3415
1749267351,0.33520000,29.90000000,0.3415
1749267351,0.33510000,350.60000000,0.3415
1749267351,0.33500000,124.00000000,0.3415
1749267351,0.33490000,101.50000000,0.3415
1749267351,0.33480000,54.80000000,0.3415
1749267351,0.33470000,102.10000000,0.3415
1749267351,0.33460000,104.90000000,0.3415
1749267351,0.33450000,165.20000000,0.3415
1749267351,0.33440000,1465.60000000,0.3415
1749267351,0.33430000,298.40000000,0.3415
1749267351,0.33420000,173.60000000,0.3415
1749267351,0.33410000,51.60000000,0.3415
1749267351,0.33400000,19081.70000000,0.3415
1749267351,0.33390000,22.30000000,0.3415
1749267351,0.33380000,361.40000000,0.3415
1749267351,0.33370000,22.30000000,0.3415
1749267351,0.33360000,53.20000000,0.3415
1749267351,0.33350000,63.20000000,0.3415
1749267351,0.33340000,24.30000000,0.3415
1749267351,0.33330000,135.60000000,0.3415
1749267351,0.33310000,55.00000000,0.3415
1749267351,0.33300000,120.70000000,0.3415
1749267351,0.33290000,20.90000000,0.3415
1749267351,0.33270000,24.90000000,0.3415
1749267351,0.33260000,177.60000000,0.3415
1749267351,0.33250000,618.60000000,0.3415
1749267351,0.33230000,16.70000000,0.3415
1749267351,0.33220000,22.60000000,0.3415
1749267351,0.33210000,32.80000000,0.3415
1749267351,0.33200000,89.50000000,0.3415
1749267351,0.33180000,742.00000000,0.3415
1749267351,0.33170000,160.90000000,0.3415
1749267351,0.33160000,17128.90000000,0.3415
1749267351,0.33150000,52.60000000,0.3415
1749267351,0.33130000,147.20000000,0.3415
1749267351,0.33120000,21.10000000,0.3415
1749267351,0.33100000,238.90000000,0.3415
1749267653,0.34180000,12079.80000000,0.3418
1749267653,0.34170000,38041.60000000,0.3418
1749267653,0.34160000,39709.90000000,0.3418
