timestamp,price,volume,current_price
1749254502,0.33170000,14224.30000000,0.3318
1749254502,0.33160000,26925.50000000,0.3318
1749254502,0.33150000,37534.60000000,0.3318
1749254502,0.33140000,93640.40000000,0.3318
1749254502,0.33130000,178064.60000000,0.3318
1749254502,0.33120000,93925.00000000,0.3318
1749254502,0.33110000,68640.60000000,0.3318
1749254502,0.33100000,59954.10000000,0.3318
1749254502,0.33090000,21566.10000000,0.3318
1749254502,0.33080000,7258.90000000,0.3318
1749254502,0.33070000,51155.00000000,0.3318
1749254502,0.33060000,37864.50000000,0.3318
1749254502,0.33050000,6210.50000000,0.3318
1749254502,0.33040000,3250.60000000,0.3318
1749254502,0.33030000,68588.60000000,0.3318
1749254502,0.33020000,9793.00000000,0.3318
1749254502,0.33010000,10684.20000000,0.3318
1749254502,0.33000000,30791.30000000,0.3318
1749254502,0.32990000,86091.40000000,0.3318
1749254502,0.32980000,427.70000000,0.3318
1749254502,0.32970000,7906.70000000,0.3318
1749254502,0.32960000,4416.00000000,0.3318
1749254502,0.32950000,387.30000000,0.3318
1749254502,0.32940000,66988.20000000,0.3318
1749254502,0.32930000,4596.20000000,0.3318
1749254502,0.32920000,55.00000000,0.3318
1749254502,0.32910000,5257.40000000,0.3318
1749254502,0.32900000,19474.50000000,0.3318
1749254502,0.32890000,7270.30000000,0.3318
1749254502,0.32880000,1573.20000000,0.3318
1749254502,0.32870000,9820.00000000,0.3318
1749254502,0.32860000,1962.80000000,0.3318
1749254502,0.32850000,272.70000000,0.3318
1749254502,0.32840000,4602.60000000,0.3318
1749254502,0.32830000,2247.90000000,0.3318
1749254502,0.32820000,4092.80000000,0.3318
1749254502,0.32810000,4117.00000000,0.3318
1749254502,0.32800000,4284.80000000,0.3318
1749254502,0.32790000,3102.30000000,0.3318
1749254502,0.32780000,50.70000000,0.3318
1749254502,0.32770000,207.20000000,0.3318
1749254502,0.32760000,954.50000000,0.3318
1749254502,0.32750000,21950.20000000,0.3318
1749254502,0.32740000,512.30000000,0.3318
1749254502,0.32730000,272.10000000,0.3318
1749254502,0.32720000,41407.50000000,0.3318
1749254502,0.32710000,668.20000000,0.3318
1749254502,0.32700000,383201.10000000,0.3318
1749254502,0.32690000,676.50000000,0.3318
1749254502,0.32680000,5474.90000000,0.3318
1749254502,0.32670000,464.20000000,0.3318
1749254502,0.32660000,110.70000000,0.3318
1749254502,0.32650000,97.70000000,0.3318
1749254502,0.32640000,106.10000000,0.3318
1749254502,0.32630000,110.70000000,0.3318
1749254502,0.32620000,839.40000000,0.3318
1749254502,0.32610000,30.00000000,0.3318
1749254502,0.32600000,633.10000000,0.3318
1749254502,0.32590000,643.60000000,0.3318
1749254502,0.32580000,98.10000000,0.3318
1749254502,0.32570000,79.80000000,0.3318
1749254502,0.32560000,45.90000000,0.3318
1749254502,0.32550000,220.50000000,0.3318
1749254502,0.32540000,30.10000000,0.3318
1749254502,0.32530000,973.60000000,0.3318
1749254502,0.32520000,30.10000000,0.3318
1749254502,0.32510000,193.30000000,0.3318
1749254502,0.32500000,3266.70000000,0.3318
1749254502,0.32490000,92.30000000,0.3318
1749254502,0.32480000,86.20000000,0.3318
1749254502,0.32470000,18214.30000000,0.3318
1749254502,0.32460000,30.10000000,0.3318
1749254502,0.32450000,71.80000000,0.3318
1749254502,0.32440000,331.90000000,0.3318
1749254502,0.32430000,456.60000000,0.3318
1749254502,0.32420000,30.20000000,0.3318
1749254502,0.32400000,523.30000000,0.3318
1749254502,0.32390000,19609.80000000,0.3318
1749254502,0.32380000,402.80000000,0.3318
1749254502,0.32370000,8375.40000000,0.3318
1749254502,0.32360000,215.90000000,0.3318
1749254502,0.32350000,38.30000000,0.3318
1749254502,0.32340000,1812.90000000,0.3318
1749254502,0.32330000,190.80000000,0.3318
1749254502,0.32320000,9536.70000000,0.3318
1749254502,0.32310000,191.60000000,0.3318
1749254502,0.32300000,88.30000000,0.3318
1749254502,0.32290000,6985.50000000,0.3318
1749254502,0.32280000,670.00000000,0.3318
1749254502,0.32270000,131.40000000,0.3318
1749254502,0.32260000,28.40000000,0.3318
1749254502,0.32250000,7135.50000000,0.3318
1749254502,0.32240000,64.90000000,0.3318
1749254502,0.32230000,17019.30000000,0.3318
1749254502,0.32220000,354.70000000,0.3318
1749254502,0.32210000,1067.40000000,0.3318
1749254502,0.32200000,2916.20000000,0.3318
1749254502,0.32190000,53.10000000,0.3318
1749254502,0.32180000,278.00000000,0.3318
1749254502,0.32170000,61.70000000,0.3318
1749254809,0.33160000,9848.60000000,0.3316
1749254809,0.33150000,39896.70000000,0.3316
1749254809,0.33140000,53069.00000000,0.3316
1749254809,0.33130000,132329.30000000,0.3316
1749254809,0.33120000,120688.70000000,0.3316
1749254809,0.33110000,98055.10000000,0.3316
1749254809,0.33100000,143237.70000000,0.3316
1749254809,0.33090000,74775.70000000,0.3316
1749254809,0.33080000,10553.60000000,0.3316
1749254809,0.33070000,41576.90000000,0.3316
1749254809,0.33060000,50582.00000000,0.3316
1749254809,0.33050000,52757.40000000,0.3316
1749254809,0.33040000,4197.40000000,0.3316
1749254809,0.33030000,68588.60000000,0.3316
1749254809,0.33020000,9717.60000000,0.3316
1749254809,0.33010000,373.30000000,0.3316
1749254809,0.33000000,30716.00000000,0.3316
1749254809,0.32990000,86091.40000000,0.3316
1749254809,0.32980000,352.40000000,0.3316
1749254809,0.32970000,7880.60000000,0.3316
1749254809,0.32960000,4416.00000000,0.3316
1749254809,0.32950000,387.30000000,0.3316
1749254809,0.32940000,331.70000000,0.3316
1749254809,0.32930000,4596.20000000,0.3316
1749254809,0.32920000,55.00000000,0.3316
1749254809,0.32910000,5257.40000000,0.3316
1749254809,0.32900000,13315.40000000,0.3316
1749254809,0.32890000,7270.30000000,0.3316
1749254809,0.32880000,1573.20000000,0.3316
1749254809,0.32870000,4693.40000000,0.3316
1749254809,0.32860000,68921.00000000,0.3316
1749254809,0.32850000,272.70000000,0.3316
1749254809,0.32840000,7110.00000000,0.3316
1749254809,0.32830000,5087.70000000,0.3316
1749254809,0.32820000,4477.30000000,0.3316
1749254809,0.32810000,2536.90000000,0.3316
1749254809,0.32800000,4284.80000000,0.3316
1749254809,0.32790000,3102.30000000,0.3316
1749254809,0.32780000,50.70000000,0.3316
1749254809,0.32770000,207.20000000,0.3316
1749254809,0.32760000,954.50000000,0.3316
1749254809,0.32750000,21950.20000000,0.3316
1749254809,0.32740000,512.30000000,0.3316
1749254809,0.32730000,1149.30000000,0.3316
1749254809,0.32720000,42991.90000000,0.3316
1749254809,0.32710000,668.20000000,0.3316
1749254809,0.32700000,383201.10000000,0.3316
1749254809,0.32690000,676.50000000,0.3316
1749254809,0.32680000,5474.90000000,0.3316
1749254809,0.32670000,464.20000000,0.3316
1749254809,0.32660000,110.70000000,0.3316
1749254809,0.32650000,97.70000000,0.3316
1749254809,0.32640000,106.10000000,0.3316
1749254809,0.32630000,110.70000000,0.3316
1749254809,0.32620000,103.80000000,0.3316
1749254809,0.32610000,30.00000000,0.3316
1749254809,0.32600000,541.10000000,0.3316
1749254809,0.32590000,643.60000000,0.3316
1749254809,0.32580000,98.10000000,0.3316
1749254809,0.32570000,79.80000000,0.3316
1749254809,0.32560000,45.90000000,0.3316
1749254809,0.32550000,220.50000000,0.3316
1749254809,0.32540000,106.80000000,0.3316
1749254809,0.32530000,58.30000000,0.3316
1749254809,0.32520000,1500.50000000,0.3316
1749254809,0.32510000,193.30000000,0.3316
1749254809,0.32500000,3266.70000000,0.3316
1749254809,0.32490000,92.30000000,0.3316
1749254809,0.32480000,86.20000000,0.3316
1749254809,0.32470000,16600.30000000,0.3316
1749254809,0.32460000,122.50000000,0.3316
1749254809,0.32450000,71.80000000,0.3316
1749254809,0.32440000,331.90000000,0.3316
1749254809,0.32430000,456.60000000,0.3316
1749254809,0.32420000,30.20000000,0.3316
1749254809,0.32410000,30.20000000,0.3316
1749254809,0.32400000,523.30000000,0.3316
1749254809,0.32390000,19609.80000000,0.3316
1749254809,0.32380000,402.80000000,0.3316
1749254809,0.32370000,8375.40000000,0.3316
1749254809,0.32360000,215.90000000,0.3316
1749254809,0.32350000,38.30000000,0.3316
1749254809,0.32340000,1431.80000000,0.3316
1749254809,0.32330000,190.80000000,0.3316
1749254809,0.32320000,9536.70000000,0.3316
1749254809,0.32310000,191.60000000,0.3316
1749254809,0.32300000,88.30000000,0.3316
1749254809,0.32290000,7367.10000000,0.3316
1749254809,0.32280000,670.00000000,0.3316
1749254809,0.32270000,152.80000000,0.3316
1749254809,0.32260000,28.40000000,0.3316
1749254809,0.32250000,7135.50000000,0.3316
1749254809,0.32240000,64.90000000,0.3316
1749254809,0.32230000,17019.30000000,0.3316
1749254809,0.32220000,354.70000000,0.3316
1749254809,0.32210000,1067.40000000,0.3316
1749254809,0.32200000,2916.20000000,0.3316
1749254809,0.32190000,53.10000000,0.3316
1749254809,0.32180000,278.00000000,0.3316
1749254809,0.32170000,61.70000000,0.3316
