timestamp,price,volume,current_price
1749258266,0.33660000,18842.20000000,0.3366
1749258266,0.33650000,22795.10000000,0.3366
1749258266,0.33640000,57731.70000000,0.3366
1749258266,0.33630000,133138.80000000,0.3366
1749258266,0.33620000,162256.30000000,0.3366
1749258266,0.33610000,119397.30000000,0.3366
1749258266,0.33600000,84986.70000000,0.3366
1749258266,0.33590000,28595.30000000,0.3366
1749258266,0.33580000,53109.10000000,0.3366
1749258266,0.33570000,119784.20000000,0.3366
1749258266,0.33560000,8791.10000000,0.3366
1749258266,0.33550000,74002.50000000,0.3366
1749258266,0.33540000,10436.90000000,0.3366
1749258266,0.33530000,5733.00000000,0.3366
1749258266,0.33520000,11379.20000000,0.3366
1749258266,0.33510000,86835.50000000,0.3366
1749258266,0.33500000,17675.80000000,0.3366
1749258266,0.33490000,4152.50000000,0.3366
1749258266,0.33480000,7780.70000000,0.3366
1749258266,0.33470000,3124.70000000,0.3366
1749258266,0.33460000,5797.10000000,0.3366
1749258266,0.33450000,164.90000000,0.3366
1749258266,0.33440000,4383.40000000,0.3366
1749258266,0.33430000,52.50000000,0.3366
1749258266,0.33420000,23570.60000000,0.3366
1749258266,0.33410000,52.50000000,0.3366
1749258266,0.33400000,5387.70000000,0.3366
1749258266,0.33390000,65463.60000000,0.3366
1749258266,0.33380000,6872.90000000,0.3366
1749258266,0.33370000,2410.10000000,0.3366
1749258266,0.33360000,19136.60000000,0.3366
1749258266,0.33350000,2625.80000000,0.3366
1749258266,0.33340000,54.30000000,0.3366
1749258266,0.33330000,2936.10000000,0.3366
1749258266,0.33320000,30.00000000,0.3366
1749258266,0.33310000,2595.60000000,0.3366
1749258266,0.33300000,503.70000000,0.3366
1749258266,0.33290000,73.60000000,0.3366
1749258266,0.33280000,30.10000000,0.3366
1749258266,0.33270000,77.60000000,0.3366
1749258266,0.33260000,207.70000000,0.3366
1749258266,0.33250000,70.00000000,0.3366
1749258266,0.33240000,30.10000000,0.3366
1749258266,0.33230000,69.40000000,0.3366
1749258266,0.33220000,52.70000000,0.3366
1749258266,0.33210000,130.30000000,0.3366
1749258266,0.33200000,102.50000000,0.3366
1749258266,0.33190000,52.80000000,0.3366
1749258266,0.33180000,41166.70000000,0.3366
1749258266,0.33170000,514.60000000,0.3366
1749258266,0.33160000,273.90000000,0.3366
1749258266,0.33150000,846.30000000,0.3366
1749258266,0.33140000,30.20000000,0.3366
1749258266,0.33130000,200.10000000,0.3366
1749258266,0.33120000,73.00000000,0.3366
1749258266,0.33110000,52.90000000,0.3366
1749258266,0.33100000,288.50000000,0.3366
1749258266,0.33090000,93.80000000,0.3366
1749258266,0.33080000,73.30000000,0.3366
1749258266,0.33070000,73.20000000,0.3366
1749258266,0.33060000,101.30000000,0.3366
1749258266,0.33050000,9204.50000000,0.3366
1749258266,0.33040000,173.70000000,0.3366
1749258266,0.33030000,525.40000000,0.3366
1749258266,0.33020000,203.80000000,0.3366
1749258266,0.33010000,162.70000000,0.3366
1749258266,0.33000000,27199.50000000,0.3366
1749258266,0.32990000,95.70000000,0.3366
1749258266,0.32980000,50.70000000,0.3366
1749258266,0.32970000,89.80000000,0.3366
1749258266,0.32960000,1647.30000000,0.3366
1749258266,0.32950000,62.80000000,0.3366
1749258266,0.32940000,29.70000000,0.3366
1749258266,0.32930000,219.90000000,0.3366
1749258266,0.32920000,54.70000000,0.3366
1749258266,0.32910000,5234.50000000,0.3366
1749258266,0.32900000,873.30000000,0.3366
1749258266,0.32880000,1543.20000000,0.3366
1749258266,0.32870000,259.10000000,0.3366
1749258266,0.32860000,156.60000000,0.3366
1749258266,0.32850000,9750.70000000,0.3366
1749258266,0.32840000,134.20000000,0.3366
1749258266,0.32820000,1042.50000000,0.3366
1749258266,0.32810000,82.70000000,0.3366
1749258266,0.32800000,366.70000000,0.3366
1749258266,0.32790000,3049.70000000,0.3366
1749258266,0.32780000,20.70000000,0.3366
1749258266,0.32770000,154.50000000,0.3366
1749258266,0.32750000,16945.90000000,0.3366
1749258266,0.32740000,1406.80000000,0.3366
1749258266,0.32730000,1542.80000000,0.3366
1749258266,0.32720000,16.20000000,0.3366
1749258266,0.32710000,310.50000000,0.3366
1749258266,0.32700000,359962.30000000,0.3366
1749258266,0.32690000,646.60000000,0.3366
1749258266,0.32680000,5445.00000000,0.3366
1749258266,0.32670000,128.70000000,0.3366
1749258266,0.32660000,80.70000000,0.3366
1749258266,0.32650000,67.70000000,0.3366
1749258266,0.32640000,60.30000000,0.3366
1749258580,0.33680000,12045.10000000,0.3367
1749258580,0.33670000,37589.50000000,0.3367
1749258580,0.33660000,120282.80000000,0.3367
1749258580,0.33650000,180068.40000000,0.3367
1749258580,0.33640000,82101.60000000,0.3367
1749258580,0.33630000,63286.70000000,0.3367
1749258580,0.33620000,103067.30000000,0.3367
1749258580,0.33610000,11106.80000000,0.3367
1749258580,0.33600000,40333.50000000,0.3367
1749258580,0.33590000,53037.40000000,0.3367
1749258580,0.33580000,77406.30000000,0.3367
1749258580,0.33570000,3342.20000000,0.3367
1749258580,0.33560000,41904.00000000,0.3367
1749258580,0.33550000,54969.50000000,0.3367
1749258580,0.33540000,7651.20000000,0.3367
1749258580,0.33530000,71100.90000000,0.3367
1749258580,0.33520000,7681.30000000,0.3367
1749258580,0.33510000,8041.30000000,0.3367
1749258580,0.33500000,4702.70000000,0.3367
1749258580,0.33490000,96762.00000000,0.3367
1749258580,0.33480000,4736.60000000,0.3367
1749258580,0.33470000,1104.40000000,0.3367
1749258580,0.33460000,5797.10000000,0.3367
1749258580,0.33450000,524.80000000,0.3367
1749258580,0.33440000,5278.70000000,0.3367
1749258580,0.33430000,349.50000000,0.3367
1749258580,0.33420000,23630.40000000,0.3367
1749258580,0.33410000,52.50000000,0.3367
1749258580,0.33400000,5387.70000000,0.3367
1749258580,0.33390000,68486.20000000,0.3367
1749258580,0.33380000,9668.30000000,0.3367
1749258580,0.33370000,2410.10000000,0.3367
1749258580,0.33360000,83.20000000,0.3367
1749258580,0.33350000,2625.80000000,0.3367
1749258580,0.33340000,54.30000000,0.3367
1749258580,0.33330000,2636.60000000,0.3367
1749258580,0.33320000,30.00000000,0.3367
1749258580,0.33310000,107.60000000,0.3367
1749258580,0.33300000,503.70000000,0.3367
1749258580,0.33290000,73.60000000,0.3367
1749258580,0.33280000,19129.30000000,0.3367
1749258580,0.33270000,77.60000000,0.3367
1749258580,0.33260000,207.70000000,0.3367
1749258580,0.33250000,70.00000000,0.3367
1749258580,0.33240000,330.40000000,0.3367
1749258580,0.33230000,69.40000000,0.3367
1749258580,0.33220000,44080.30000000,0.3367
1749258580,0.33210000,130.30000000,0.3367
1749258580,0.33200000,102.50000000,0.3367
1749258580,0.33190000,52.80000000,0.3367
1749258580,0.33180000,30.20000000,0.3367
1749258580,0.33170000,213.70000000,0.3367
1749258580,0.33160000,273.90000000,0.3367
1749258580,0.33150000,122.50000000,0.3367
1749258580,0.33140000,30.20000000,0.3367
1749258580,0.33130000,200.10000000,0.3367
1749258580,0.33120000,73.00000000,0.3367
1749258580,0.33110000,52.90000000,0.3367
1749258580,0.33100000,288.50000000,0.3367
1749258580,0.33090000,93.80000000,0.3367
1749258580,0.33080000,73.30000000,0.3367
1749258580,0.33070000,73.20000000,0.3367
1749258580,0.33060000,101.30000000,0.3367
1749258580,0.33050000,52.50000000,0.3367
1749258580,0.33040000,173.70000000,0.3367
1749258580,0.33030000,600.40000000,0.3367
1749258580,0.33020000,203.80000000,0.3367
1749258580,0.33010000,162.70000000,0.3367
1749258580,0.33000000,28643.10000000,0.3367
1749258580,0.32990000,95.70000000,0.3367
1749258580,0.32980000,50.70000000,0.3367
1749258580,0.32970000,89.80000000,0.3367
1749258580,0.32960000,16269.60000000,0.3367
1749258580,0.32950000,62.80000000,0.3367
1749258580,0.32940000,29.70000000,0.3367
1749258580,0.32930000,219.90000000,0.3367
1749258580,0.32920000,25.00000000,0.3367
1749258580,0.32910000,5204.80000000,0.3367
1749258580,0.32900000,873.30000000,0.3367
1749258580,0.32880000,1543.20000000,0.3367
1749258580,0.32870000,259.10000000,0.3367
1749258580,0.32860000,156.60000000,0.3367
1749258580,0.32850000,220.10000000,0.3367
1749258580,0.32840000,134.20000000,0.3367
1749258580,0.32820000,1042.50000000,0.3367
1749258580,0.32810000,82.70000000,0.3367
1749258580,0.32800000,366.70000000,0.3367
1749258580,0.32790000,3049.70000000,0.3367
1749258580,0.32780000,20.70000000,0.3367
1749258580,0.32770000,154.50000000,0.3367
1749258580,0.32750000,355.40000000,0.3367
1749258580,0.32740000,482.30000000,0.3367
1749258580,0.32730000,1542.80000000,0.3367
1749258580,0.32720000,16.20000000,0.3367
1749258580,0.32710000,17452.20000000,0.3367
1749258580,0.32700000,359962.30000000,0.3367
1749258580,0.32690000,646.60000000,0.3367
1749258580,0.32680000,5445.00000000,0.3367
1749258580,0.32670000,128.70000000,0.3367
1749258580,0.32660000,80.70000000,0.3367
1749258895,0.33750000,12609.70000000,0.3375
1749258895,0.33740000,36627.50000000,0.3375
1749258895,0.33730000,56289.30000000,0.3375
1749258895,0.33720000,93776.50000000,0.3375
1749258895,0.33710000,158615.10000000,0.3375
1749258895,0.33700000,175303.50000000,0.3375
1749258895,0.33690000,79092.40000000,0.3375
1749258895,0.33680000,49224.50000000,0.3375
1749258895,0.33670000,12717.90000000,0.3375
1749258895,0.33660000,14602.40000000,0.3375
1749258895,0.33650000,3505.30000000,0.3375
1749258895,0.33640000,41774.10000000,0.3375
1749258895,0.33630000,4910.10000000,0.3375
1749258895,0.33620000,10458.60000000,0.3375
1749258895,0.33610000,41058.00000000,0.3375
1749258895,0.33600000,7745.00000000,0.3375
1749258895,0.33590000,55261.50000000,0.3375
1749258895,0.33580000,13578.70000000,0.3375
1749258895,0.33570000,390.10000000,0.3375
1749258895,0.33560000,16693.40000000,0.3375
1749258895,0.33550000,2753.00000000,0.3375
1749258895,0.33540000,71595.40000000,0.3375
1749258895,0.33530000,1263.10000000,0.3375
1749258895,0.33520000,4711.30000000,0.3375
1749258895,0.33510000,4191.70000000,0.3375
1749258895,0.33500000,91464.80000000,0.3375
1749258895,0.33490000,367.40000000,0.3375
1749258895,0.33480000,5732.00000000,0.3375
1749258895,0.33470000,3124.70000000,0.3375
1749258895,0.33460000,5797.10000000,0.3375
1749258895,0.33450000,388.50000000,0.3375
1749258895,0.33440000,4383.40000000,0.3375
1749258895,0.33430000,52.50000000,0.3375
1749258895,0.33420000,23704.60000000,0.3375
1749258895,0.33410000,52.50000000,0.3375
1749258895,0.33400000,71573.20000000,0.3375
1749258895,0.33390000,52.50000000,0.3375
1749258895,0.33380000,4413.40000000,0.3375
1749258895,0.33370000,52.50000000,0.3375
1749258895,0.33360000,19210.80000000,0.3375
1749258895,0.33350000,2625.80000000,0.3375
1749258895,0.33340000,54.30000000,0.3375
1749258895,0.33330000,2936.10000000,0.3375
1749258895,0.33320000,2394.50000000,0.3375
1749258895,0.33310000,107.60000000,0.3375
1749258895,0.33300000,191.60000000,0.3375
1749258895,0.33290000,73.60000000,0.3375
1749258895,0.33280000,30.10000000,0.3375
1749258895,0.33270000,77.60000000,0.3375
1749258895,0.33260000,207.70000000,0.3375
1749258895,0.33250000,671.30000000,0.3375
1749258895,0.33240000,394.20000000,0.3375
1749258895,0.33230000,42425.00000000,0.3375
1749258895,0.33220000,2547.40000000,0.3375
1749258895,0.33210000,130.30000000,0.3375
1749258895,0.33200000,102.50000000,0.3375
1749258895,0.33190000,52.80000000,0.3375
1749258895,0.33180000,30.20000000,0.3375
1749258895,0.33170000,213.70000000,0.3375
1749258895,0.33160000,574.90000000,0.3375
1749258895,0.33150000,122.50000000,0.3375
1749258895,0.33140000,30.20000000,0.3375
1749258895,0.33130000,200.10000000,0.3375
1749258895,0.33120000,73.00000000,0.3375
1749258895,0.33110000,52.90000000,0.3375
1749258895,0.33100000,288.50000000,0.3375
1749258895,0.33090000,93.80000000,0.3375
1749258895,0.33080000,73.30000000,0.3375
1749258895,0.33070000,1644.10000000,0.3375
1749258895,0.33060000,101.30000000,0.3375
1749258895,0.33050000,52.50000000,0.3375
1749258895,0.33040000,173.70000000,0.3375
1749258895,0.33030000,600.40000000,0.3375
1749258895,0.33020000,203.80000000,0.3375
1749258895,0.33010000,162.70000000,0.3375
1749258895,0.33000000,27199.50000000,0.3375
1749258895,0.32990000,66.00000000,0.3375
1749258895,0.32980000,21.00000000,0.3375
1749258895,0.32970000,17193.50000000,0.3375
1749258895,0.32960000,32.50000000,0.3375
1749258895,0.32950000,33.10000000,0.3375
1749258895,0.32930000,190.20000000,0.3375
1749258895,0.32920000,25.00000000,0.3375
1749258895,0.32910000,5204.80000000,0.3375
1749258895,0.32900000,873.30000000,0.3375
1749258895,0.32880000,1543.20000000,0.3375
1749258895,0.32870000,259.10000000,0.3375
1749258895,0.32860000,156.60000000,0.3375
1749258895,0.32850000,220.10000000,0.3375
1749258895,0.32840000,134.20000000,0.3375
1749258895,0.32820000,1042.50000000,0.3375
1749258895,0.32810000,82.70000000,0.3375
1749258895,0.32800000,366.70000000,0.3375
1749258895,0.32790000,3049.70000000,0.3375
1749258895,0.32780000,20.70000000,0.3375
1749258895,0.32770000,154.50000000,0.3375
1749258895,0.32750000,355.40000000,0.3375
1749258895,0.32740000,482.30000000,0.3375
1749258895,0.32730000,1542.80000000,0.3375
1749258895,0.32720000,16491.80000000,0.3375
1749259196,0.33690000,20822.10000000,0.3369
1749259196,0.33680000,52808.50000000,0.3369
1749259196,0.33670000,107176.20000000,0.3369
1749259196,0.33660000,105375.40000000,0.3369
1749259196,0.33650000,126101.30000000,0.3369
1749259196,0.33640000,126043.20000000,0.3369
1749259196,0.33630000,62899.00000000,0.3369
1749259196,0.33620000,44788.70000000,0.3369
1749259196,0.33610000,14723.90000000,0.3369
1749259196,0.33600000,58848.30000000,0.3369
1749259196,0.33590000,92316.90000000,0.3369
1749259196,0.33580000,15892.30000000,0.3369
1749259196,0.33570000,3484.40000000,0.3369
1749259196,0.33560000,58136.90000000,0.3369
1749259196,0.33550000,72585.30000000,0.3369
1749259196,0.33540000,4777.70000000,0.3369
1749259196,0.33530000,614.80000000,0.3369
1749259196,0.33520000,4711.30000000,0.3369
1749259196,0.33510000,4069.50000000,0.3369
1749259196,0.33500000,101470.70000000,0.3369
1749259196,0.33490000,367.40000000,0.3369
1749259196,0.33480000,4810.80000000,0.3369
1749259196,0.33470000,1104.40000000,0.3369
1749259196,0.33460000,5797.10000000,0.3369
1749259196,0.33450000,388.50000000,0.3369
1749259196,0.33440000,4383.40000000,0.3369
1749259196,0.33430000,52.50000000,0.3369
1749259196,0.33420000,5545.10000000,0.3369
1749259196,0.33410000,52.50000000,0.3369
1749259196,0.33400000,71573.20000000,0.3369
1749259196,0.33390000,52.50000000,0.3369
1749259196,0.33380000,7178.90000000,0.3369
1749259196,0.33370000,52.50000000,0.3369
1749259196,0.33360000,157.40000000,0.3369
1749259196,0.33350000,19133.90000000,0.3369
1749259196,0.33340000,54.30000000,0.3369
1749259196,0.33330000,52.50000000,0.3369
1749259196,0.33320000,2394.50000000,0.3369
1749259196,0.33310000,407.20000000,0.3369
1749259196,0.33300000,578.00000000,0.3369
1749259196,0.33290000,73.60000000,0.3369
1749259196,0.33280000,19129.30000000,0.3369
1749259196,0.33270000,77.60000000,0.3369
1749259196,0.33260000,207.70000000,0.3369
1749259196,0.33250000,671.30000000,0.3369
1749259196,0.33240000,394.20000000,0.3369
1749259196,0.33230000,42425.00000000,0.3369
1749259196,0.33220000,52.70000000,0.3369
1749259196,0.33210000,130.30000000,0.3369
1749259196,0.33200000,102.50000000,0.3369
1749259196,0.33190000,52.80000000,0.3369
1749259196,0.33180000,30.20000000,0.3369
1749259196,0.33170000,213.70000000,0.3369
1749259196,0.33160000,574.90000000,0.3369
1749259196,0.33150000,122.50000000,0.3369
1749259196,0.33140000,30.20000000,0.3369
1749259196,0.33130000,200.10000000,0.3369
1749259196,0.33120000,73.00000000,0.3369
1749259196,0.33110000,52.90000000,0.3369
1749259196,0.33100000,288.50000000,0.3369
1749259196,0.33090000,93.80000000,0.3369
1749259196,0.33080000,73.30000000,0.3369
1749259196,0.33070000,73.20000000,0.3369
1749259196,0.33060000,101.30000000,0.3369
1749259196,0.33050000,52.50000000,0.3369
1749259196,0.33040000,249.30000000,0.3369
1749259196,0.33030000,525.40000000,0.3369
1749259196,0.33020000,203.80000000,0.3369
1749259196,0.33010000,162.70000000,0.3369
1749259196,0.33000000,27199.50000000,0.3369
1749259196,0.32990000,1572.50000000,0.3369
1749259196,0.32980000,50.70000000,0.3369
1749259196,0.32970000,17223.20000000,0.3369
1749259196,0.32960000,62.20000000,0.3369
1749259196,0.32950000,62.80000000,0.3369
1749259196,0.32940000,29.70000000,0.3369
1749259196,0.32930000,190.20000000,0.3369
1749259196,0.32920000,25.00000000,0.3369
1749259196,0.32910000,5204.80000000,0.3369
1749259196,0.32900000,873.30000000,0.3369
1749259196,0.32880000,1543.20000000,0.3369
1749259196,0.32870000,259.10000000,0.3369
1749259196,0.32860000,156.60000000,0.3369
1749259196,0.32850000,220.10000000,0.3369
1749259196,0.32840000,134.20000000,0.3369
1749259196,0.32820000,1042.50000000,0.3369
1749259196,0.32810000,82.70000000,0.3369
1749259196,0.32800000,366.70000000,0.3369
1749259196,0.32790000,3049.70000000,0.3369
1749259196,0.32780000,20.70000000,0.3369
1749259196,0.32770000,154.50000000,0.3369
1749259196,0.32750000,355.40000000,0.3369
1749259196,0.32740000,1604.40000000,0.3369
1749259196,0.32730000,219.40000000,0.3369
1749259196,0.32720000,16491.80000000,0.3369
1749259196,0.32710000,1235.00000000,0.3369
1749259196,0.32700000,359962.30000000,0.3369
1749259196,0.32690000,646.60000000,0.3369
1749259196,0.32680000,5445.00000000,0.3369
1749259196,0.32670000,128.70000000,0.3369
