timestamp,price,volume,current_price
1749258459,0.02660000,8925.70000000,0.02661
1749258459,0.02659000,63524.60000000,0.02661
1749258459,0.02658000,167863.00000000,0.02661
1749258459,0.02657000,188275.00000000,0.02661
1749258459,0.02656000,192516.60000000,0.02661
1749258459,0.02655000,303476.80000000,0.02661
1749258459,0.02654000,178215.50000000,0.02661
1749258459,0.02653000,239395.20000000,0.02661
1749258459,0.02652000,397286.40000000,0.02661
1749258459,0.02651000,101393.70000000,0.02661
1749258459,0.02650000,582307.60000000,0.02661
1749258459,0.02649000,94923.80000000,0.02661
1749258459,0.02648000,182593.50000000,0.02661
1749258459,0.02647000,748945.30000000,0.02661
1749258459,0.02646000,20665.80000000,0.02661
1749258459,0.02645000,42936.10000000,0.02661
1749258459,0.02644000,98793.30000000,0.02661
1749258459,0.02643000,36746.00000000,0.02661
1749258459,0.02642000,39928.80000000,0.02661
1749258459,0.02641000,40676.10000000,0.02661
1749258459,0.02640000,22924.30000000,0.02661
1749258459,0.02639000,80018.10000000,0.02661
1749258459,0.02638000,9212.90000000,0.02661
1749258459,0.02637000,28348.20000000,0.02661
1749258459,0.02636000,45887.80000000,0.02661
1749258459,0.02635000,9213.60000000,0.02661
1749258459,0.02634000,866.70000000,0.02661
1749258459,0.02633000,99229.30000000,0.02661
1749258459,0.02632000,664.20000000,0.02661
1749258459,0.02631000,28165.60000000,0.02661
1749258459,0.02630000,662.00000000,0.02661
1749258459,0.02629000,17828.50000000,0.02661
1749258459,0.02628000,21397.50000000,0.02661
1749258459,0.02627000,660.80000000,0.02661
1749258459,0.02626000,660.80000000,0.02661
1749258459,0.02625000,660.80000000,0.02661
1749258459,0.02624000,377.00000000,0.02661
1749258459,0.02623000,851.50000000,0.02661
1749258459,0.02622000,377.00000000,0.02661
1749258459,0.02621000,377.00000000,0.02661
1749258459,0.02620000,1103.50000000,0.02661
1749258459,0.02619000,377.00000000,0.02661
1749258459,0.02618000,377.00000000,0.02661
1749258459,0.02617000,377.00000000,0.02661
1749258459,0.02616000,377.00000000,0.02661
1749258459,0.02615000,377.00000000,0.02661
1749258459,0.02614000,450562.80000000,0.02661
1749258459,0.02613000,377.00000000,0.02661
1749258459,0.02612000,19371.50000000,0.02661
1749258459,0.02611000,377.00000000,0.02661
1749258459,0.02610000,4358340.50000000,0.02661
1749258459,0.02609000,377.00000000,0.02661
1749258459,0.02608000,377.00000000,0.02661
1749258459,0.02607000,20427.60000000,0.02661
1749258459,0.02606000,377.00000000,0.02661
1749258459,0.02605000,377.00000000,0.02661
1749258459,0.02604000,910992.50000000,0.02661
1749258459,0.02603000,377.00000000,0.02661
1749258459,0.02602000,377.00000000,0.02661
1749258459,0.02601000,17285.40000000,0.02661
1749258459,0.02600000,4878.60000000,0.02661
1749258459,0.02599000,377.00000000,0.02661
1749258459,0.02598000,377.00000000,0.02661
1749258459,0.02597000,377.00000000,0.02661
1749258459,0.02596000,377.00000000,0.02661
1749258459,0.02595000,579.60000000,0.02661
1749258459,0.02594000,1610.80000000,0.02661
1749258459,0.02593000,377.00000000,0.02661
1749258459,0.02592000,377.00000000,0.02661
1749258459,0.02591000,377.00000000,0.02661
1749258459,0.02590000,377.00000000,0.02661
1749258459,0.02589000,377.00000000,0.02661
1749258459,0.02588000,375.10000000,0.02661
1749258459,0.02587000,375.30000000,0.02661
1749258459,0.02586000,375.40000000,0.02661
1749258459,0.02585000,375.60000000,0.02661
1749258459,0.02582000,4983.80000000,0.02661
1749258459,0.02581000,637.00000000,0.02661
1749258459,0.02580000,846.90000000,0.02661
1749258459,0.02575000,202.70000000,0.02661
1749258459,0.02571000,3508084.30000000,0.02661
1749258459,0.02564000,4806.90000000,0.02661
1749258459,0.02560000,459.40000000,0.02661
1749258459,0.02556000,202.70000000,0.02661
1749258459,0.02552000,235.10000000,0.02661
1749258459,0.02550000,827.50000000,0.02661
1749258459,0.02546000,4500.00000000,0.02661
1749258459,0.02540000,459.40000000,0.02661
1749258459,0.02537000,2998.00000000,0.02661
1749258459,0.02532000,30998.80000000,0.02661
1749258459,0.02525000,24259.40000000,0.02661
1749258459,0.02522000,1148.50000000,0.02661
1749258459,0.02520000,709.40000000,0.02661
1749258459,0.02518000,569.70000000,0.02661
1749258459,0.02510000,2389.20000000,0.02661
1749258459,0.02505000,8000.00000000,0.02661
1749258459,0.02501000,239.90000000,0.02661
1749258459,0.02500000,4864.10000000,0.02661
1749258459,0.02496000,300.00000000,0.02661
1749258459,0.02486000,2317.10000000,0.02661
1749258815,0.02661000,39116.70000000,0.02661
1749258815,0.02660000,101982.90000000,0.02661
1749258815,0.02659000,96467.20000000,0.02661
1749258815,0.02658000,264473.10000000,0.02661
1749258815,0.02657000,67774.30000000,0.02661
1749258815,0.02656000,275159.00000000,0.02661
1749258815,0.02655000,245702.70000000,0.02661
1749258815,0.02654000,109486.90000000,0.02661
1749258815,0.02653000,47724.30000000,0.02661
1749258815,0.02652000,382127.00000000,0.02661
1749258815,0.02651000,93697.10000000,0.02661
1749258815,0.02650000,711395.30000000,0.02661
1749258815,0.02649000,190554.10000000,0.02661
1749258815,0.02648000,759087.20000000,0.02661
1749258815,0.02647000,27422.70000000,0.02661
1749258815,0.02646000,36488.60000000,0.02661
1749258815,0.02645000,42936.10000000,0.02661
1749258815,0.02644000,66612.70000000,0.02661
1749258815,0.02643000,36746.00000000,0.02661
1749258815,0.02642000,19398.10000000,0.02661
1749258815,0.02641000,40676.10000000,0.02661
1749258815,0.02640000,33119.40000000,0.02661
1749258815,0.02639000,48613.80000000,0.02661
1749258815,0.02638000,39078.90000000,0.02661
1749258815,0.02637000,60611.70000000,0.02661
1749258815,0.02636000,46828.10000000,0.02661
1749258815,0.02635000,9213.60000000,0.02661
1749258815,0.02634000,866.70000000,0.02661
1749258815,0.02633000,82087.70000000,0.02661
1749258815,0.02632000,33092.30000000,0.02661
1749258815,0.02631000,28165.60000000,0.02661
1749258815,0.02630000,662.00000000,0.02661
1749258815,0.02629000,17828.50000000,0.02661
1749258815,0.02628000,22337.80000000,0.02661
1749258815,0.02627000,660.80000000,0.02661
1749258815,0.02626000,660.80000000,0.02661
1749258815,0.02625000,17854.70000000,0.02661
1749258815,0.02624000,1317.30000000,0.02661
1749258815,0.02623000,461390.90000000,0.02661
1749258815,0.02622000,377.00000000,0.02661
1749258815,0.02621000,377.00000000,0.02661
1749258815,0.02620000,2043.80000000,0.02661
1749258815,0.02619000,901234.00000000,0.02661
1749258815,0.02618000,377.00000000,0.02661
1749258815,0.02617000,377.00000000,0.02661
1749258815,0.02616000,377.00000000,0.02661
1749258815,0.02615000,377.00000000,0.02661
1749258815,0.02614000,924107.40000000,0.02661
1749258815,0.02613000,377.00000000,0.02661
1749258815,0.02612000,19371.50000000,0.02661
1749258815,0.02611000,377.00000000,0.02661
1749258815,0.02610000,3409292.40000000,0.02661
1749258815,0.02609000,377.00000000,0.02661
1749258815,0.02608000,377.00000000,0.02661
1749258815,0.02607000,20381.40000000,0.02661
1749258815,0.02606000,377.00000000,0.02661
1749258815,0.02605000,377.00000000,0.02661
1749258815,0.02604000,377.00000000,0.02661
1749258815,0.02603000,377.00000000,0.02661
1749258815,0.02602000,377.00000000,0.02661
1749258815,0.02601000,17285.40000000,0.02661
1749258815,0.02600000,4878.60000000,0.02661
1749258815,0.02599000,377.00000000,0.02661
1749258815,0.02598000,377.00000000,0.02661
1749258815,0.02597000,377.00000000,0.02661
1749258815,0.02596000,377.00000000,0.02661
1749258815,0.02595000,579.60000000,0.02661
1749258815,0.02594000,1610.80000000,0.02661
1749258815,0.02593000,377.00000000,0.02661
1749258815,0.02592000,377.00000000,0.02661
1749258815,0.02591000,377.00000000,0.02661
1749258815,0.02590000,377.00000000,0.02661
1749258815,0.02589000,377.00000000,0.02661
1749258815,0.02588000,375.10000000,0.02661
1749258815,0.02587000,375.30000000,0.02661
1749258815,0.02586000,375.40000000,0.02661
1749258815,0.02584000,4979.50000000,0.02661
1749258815,0.02581000,637.00000000,0.02661
1749258815,0.02580000,846.90000000,0.02661
1749258815,0.02575000,202.70000000,0.02661
1749258815,0.02571000,3621578.40000000,0.02661
1749258815,0.02564000,4806.90000000,0.02661
1749258815,0.02560000,459.40000000,0.02661
1749258815,0.02556000,202.70000000,0.02661
1749258815,0.02552000,235.10000000,0.02661
1749258815,0.02550000,827.50000000,0.02661
1749258815,0.02540000,459.40000000,0.02661
1749258815,0.02537000,2998.00000000,0.02661
1749258815,0.02532000,30998.80000000,0.02661
1749258815,0.02525000,24259.40000000,0.02661
1749258815,0.02522000,1148.50000000,0.02661
1749258815,0.02520000,709.40000000,0.02661
1749258815,0.02518000,569.70000000,0.02661
1749258815,0.02510000,2389.20000000,0.02661
1749258815,0.02505000,8000.00000000,0.02661
1749258815,0.02501000,239.90000000,0.02661
1749258815,0.02500000,4864.10000000,0.02661
1749258815,0.02496000,300.00000000,0.02661
1749258815,0.02486000,2317.10000000,0.02661
1749258815,0.02485000,4959.70000000,0.02661
1749259123,0.02655000,18968.40000000,0.02655
1749259123,0.02654000,215833.00000000,0.02655
1749259123,0.02653000,211890.20000000,0.02655
1749259123,0.02652000,222546.30000000,0.02655
1749259123,0.02651000,339568.00000000,0.02655
1749259123,0.02650000,509219.20000000,0.02655
1749259123,0.02649000,57557.10000000,0.02655
1749259123,0.02648000,70654.60000000,0.02655
1749259123,0.02647000,581114.50000000,0.02655
1749259123,0.02646000,19722.60000000,0.02655
1749259123,0.02645000,882114.70000000,0.02655
1749259123,0.02644000,83362.80000000,0.02655
1749259123,0.02643000,27113.90000000,0.02655
1749259123,0.02642000,36189.60000000,0.02655
1749259123,0.02641000,181786.20000000,0.02655
1749259123,0.02640000,60819.10000000,0.02655
1749259123,0.02639000,19410.30000000,0.02655
1749259123,0.02638000,19414.20000000,0.02655
1749259123,0.02637000,51682.00000000,0.02655
1749259123,0.02636000,37493.40000000,0.02655
1749259123,0.02635000,9213.60000000,0.02655
1749259123,0.02634000,60017.00000000,0.02655
1749259123,0.02633000,9214.30000000,0.02655
1749259123,0.02632000,74366.70000000,0.02655
1749259123,0.02631000,39159.50000000,0.02655
1749259123,0.02630000,19847.90000000,0.02655
1749259123,0.02629000,35738.00000000,0.02655
1749259123,0.02628000,11156.60000000,0.02655
1749259123,0.02627000,660.80000000,0.02655
1749259123,0.02626000,82301.30000000,0.02655
1749259123,0.02625000,660.80000000,0.02655
1749259123,0.02624000,28892.20000000,0.02655
1749259123,0.02623000,461390.90000000,0.02655
1749259123,0.02622000,377.00000000,0.02655
1749259123,0.02621000,20160.90000000,0.02655
1749259123,0.02620000,2043.80000000,0.02655
1749259123,0.02619000,901234.00000000,0.02655
1749259123,0.02618000,17616.90000000,0.02655
1749259123,0.02617000,377.00000000,0.02655
1749259123,0.02616000,1317.00000000,0.02655
1749259123,0.02615000,377.00000000,0.02655
1749259123,0.02614000,924107.40000000,0.02655
1749259123,0.02613000,377.00000000,0.02655
1749259123,0.02612000,20312.90000000,0.02655
1749259123,0.02611000,377.00000000,0.02655
1749259123,0.02610000,377.00000000,0.02655
1749259123,0.02609000,377.00000000,0.02655
1749259123,0.02608000,377.00000000,0.02655
1749259123,0.02607000,377.00000000,0.02655
1749259123,0.02606000,377.00000000,0.02655
1749259123,0.02605000,377.00000000,0.02655
1749259123,0.02604000,3391431.60000000,0.02655
1749259123,0.02603000,377.00000000,0.02655
1749259123,0.02602000,377.00000000,0.02655
1749259123,0.02601000,17285.40000000,0.02655
1749259123,0.02600000,4878.60000000,0.02655
1749259123,0.02599000,377.00000000,0.02655
1749259123,0.02598000,377.00000000,0.02655
1749259123,0.02597000,377.00000000,0.02655
1749259123,0.02596000,19161.50000000,0.02655
1749259123,0.02595000,579.60000000,0.02655
1749259123,0.02594000,1610.80000000,0.02655
1749259123,0.02593000,377.00000000,0.02655
1749259123,0.02592000,377.00000000,0.02655
1749259123,0.02591000,377.00000000,0.02655
1749259123,0.02590000,377.00000000,0.02655
1749259123,0.02589000,377.00000000,0.02655
1749259123,0.02588000,375.10000000,0.02655
1749259123,0.02587000,375.30000000,0.02655
1749259123,0.02586000,375.40000000,0.02655
1749259123,0.02585000,375.60000000,0.02655
1749259123,0.02584000,5355.20000000,0.02655
1749259123,0.02583000,375.80000000,0.02655
1749259123,0.02582000,376.00000000,0.02655
1749259123,0.02581000,1013.30000000,0.02655
1749259123,0.02580000,1223.20000000,0.02655
1749259123,0.02577000,232.80000000,0.02655
1749259123,0.02575000,202.70000000,0.02655
1749259123,0.02565000,3602333.90000000,0.02655
1749259123,0.02564000,4806.90000000,0.02655
1749259123,0.02560000,459.40000000,0.02655
1749259123,0.02556000,202.70000000,0.02655
1749259123,0.02552000,235.10000000,0.02655
1749259123,0.02550000,827.50000000,0.02655
1749259123,0.02546000,4500.00000000,0.02655
1749259123,0.02540000,459.40000000,0.02655
1749259123,0.02537000,2998.00000000,0.02655
1749259123,0.02532000,30998.80000000,0.02655
1749259123,0.02525000,24259.40000000,0.02655
1749259123,0.02522000,1148.50000000,0.02655
1749259123,0.02520000,709.40000000,0.02655
1749259123,0.02518000,569.70000000,0.02655
1749259123,0.02510000,2389.20000000,0.02655
1749259123,0.02505000,8000.00000000,0.02655
1749259123,0.02501000,239.90000000,0.02655
1749259123,0.02500000,4864.10000000,0.02655
1749259123,0.02498000,360.30000000,0.02655
1749259123,0.02496000,300.00000000,0.02655
1749259123,0.02486000,2317.10000000,0.02655
1749259123,0.02485000,4959.70000000,0.02655
