timestamp,price,volume,current_price
1749260647,4.21500000,179.43000000,4.215
1749260647,4.21400000,1377.68000000,4.215
1749260647,4.21300000,738.79000000,4.215
1749260647,4.21200000,1016.55000000,4.215
1749260647,4.21100000,635.02000000,4.215
1749260647,4.21000000,1241.64000000,4.215
1749260647,4.20900000,2617.17000000,4.215
1749260647,4.20800000,962.62000000,4.215
1749260647,4.20700000,381.77000000,4.215
1749260647,4.20600000,689.38000000,4.215
1749260647,4.20500000,907.69000000,4.215
1749260647,4.20400000,1266.94000000,4.215
1749260647,4.20300000,1055.82000000,4.215
1749260647,4.20200000,311.56000000,4.215
1749260647,4.20100000,410.99000000,4.215
1749260647,4.20000000,3574.43000000,4.215
1749260647,4.19900000,421.79000000,4.215
1749260647,4.19800000,2214.87000000,4.215
1749260647,4.19700000,2157.52000000,4.215
1749260647,4.19600000,412.78000000,4.215
1749260647,4.19500000,78.89000000,4.215
1749260647,4.19400000,1128.92000000,4.215
1749260647,4.19300000,3547.38000000,4.215
1749260647,4.19200000,487.72000000,4.215
1749260647,4.19100000,1627.34000000,4.215
1749260647,4.19000000,80.68000000,4.215
1749260647,4.18900000,437.23000000,4.215
1749260647,4.18800000,3671.07000000,4.215
1749260647,4.18700000,1075.70000000,4.215
1749260647,4.18600000,300.30000000,4.215
1749260647,4.18500000,30.43000000,4.215
1749260647,4.18400000,79.42000000,4.215
1749260647,4.18300000,332.71000000,4.215
1749260647,4.18200000,48.77000000,4.215
1749260647,4.18100000,335.81000000,4.215
1749260647,4.18000000,82.27000000,4.215
1749260647,4.17900000,160.58000000,4.215
1749260647,4.17800000,33.87000000,4.215
1749260647,4.17700000,1166.91000000,4.215
1749260647,4.17600000,139.00000000,4.215
1749260647,4.17500000,2770.40000000,4.215
1749260647,4.17400000,143.52000000,4.215
1749260647,4.17300000,103.70000000,4.215
1749260647,4.17200000,839.61000000,4.215
1749260647,4.17100000,168.53000000,4.215
1749260647,4.17000000,198.42000000,4.215
1749260647,4.16900000,2.36000000,4.215
1749260647,4.16800000,829.36000000,4.215
1749260647,4.16700000,388.29000000,4.215
1749260647,4.16600000,326.34000000,4.215
1749260647,4.16500000,68.95000000,4.215
1749260647,4.16400000,7.17000000,4.215
1749260647,4.16300000,120.59000000,4.215
1749260647,4.16200000,54.86000000,4.215
1749260647,4.16100000,334.39000000,4.215
1749260647,4.16000000,7.63000000,4.215
1749260647,4.15900000,371.94000000,4.215
1749260647,4.15800000,54.28000000,4.215
1749260647,4.15700000,2037.53000000,4.215
1749260647,4.15600000,9.41000000,4.215
1749260647,4.15500000,211.92000000,4.215
1749260647,4.15400000,2145.96000000,4.215
1749260647,4.15300000,8.75000000,4.215
1749260647,4.15200000,310.46000000,4.215
1749260647,4.15100000,15.86000000,4.215
1749260647,4.15000000,459.98000000,4.215
1749260647,4.14900000,106.14000000,4.215
1749260647,4.14800000,53.36000000,4.215
1749260647,4.14700000,4.84000000,4.215
1749260647,4.14600000,21.97000000,4.215
1749260647,4.14500000,2.37000000,4.215
1749260647,4.14400000,369.93000000,4.215
1749260647,4.14300000,23.16000000,4.215
1749260647,4.14200000,4.18000000,4.215
1749260647,4.14100000,28.23000000,4.215
1749260647,4.14000000,2.38000000,4.215
1749260647,4.13900000,1.41000000,4.215
1749260647,4.13800000,177.44000000,4.215
1749260647,4.13700000,11.68000000,4.215
1749260647,4.13600000,205.09000000,4.215
1749260647,4.13500000,806.83000000,4.215
1749260647,4.13400000,4.43000000,4.215
1749260647,4.13300000,10.20000000,4.215
1749260647,4.13200000,7.70000000,4.215
1749260647,4.12800000,125.92000000,4.215
1749260647,4.12600000,2.89000000,4.215
1749260647,4.12500000,40.24000000,4.215
1749260647,4.12400000,6.23000000,4.215
1749260647,4.12300000,927.16000000,4.215
1749260647,4.12200000,28.21000000,4.215
1749260647,4.12000000,118.09000000,4.215
1749260647,4.11900000,33.83000000,4.215
1749260647,4.11800000,1.77000000,4.215
1749260647,4.11700000,9.33000000,4.215
1749260647,4.11500000,1.35000000,4.215
1749260647,4.11400000,3.32000000,4.215
1749260647,4.11300000,8.13000000,4.215
1749260647,4.11200000,604.12000000,4.215
1749260647,4.11100000,4.37000000,4.215
1749260647,4.11000000,719.55000000,4.215
1749260948,4.22600000,2.37000000,4.226
1749260948,4.22500000,922.31000000,4.226
1749260948,4.22400000,1778.44000000,4.226
1749260948,4.22300000,798.09000000,4.226
1749260948,4.22200000,1266.11000000,4.226
1749260948,4.22100000,1106.09000000,4.226
1749260948,4.22000000,1663.09000000,4.226
1749260948,4.21900000,1017.13000000,4.226
1749260948,4.21800000,270.95000000,4.226
1749260948,4.21700000,640.65000000,4.226
1749260948,4.21600000,1466.80000000,4.226
1749260948,4.21500000,278.93000000,4.226
1749260948,4.21400000,767.65000000,4.226
1749260948,4.21300000,462.52000000,4.226
1749260948,4.21200000,458.75000000,4.226
1749260948,4.21100000,2823.08000000,4.226
1749260948,4.21000000,1027.30000000,4.226
1749260948,4.20900000,715.47000000,4.226
1749260948,4.20800000,410.98000000,4.226
1749260948,4.20700000,600.50000000,4.226
1749260948,4.20600000,82.06000000,4.226
1749260948,4.20500000,615.92000000,4.226
1749260948,4.20400000,1471.58000000,4.226
1749260948,4.20300000,3592.08000000,4.226
1749260948,4.20200000,3178.44000000,4.226
1749260948,4.20100000,409.20000000,4.226
1749260948,4.20000000,108.63000000,4.226
1749260948,4.19900000,420.00000000,4.226
1749260948,4.19800000,1268.22000000,4.226
1749260948,4.19700000,185.06000000,4.226
1749260948,4.19600000,334.49000000,4.226
1749260948,4.19500000,30.34000000,4.226
1749260948,4.19400000,348.29000000,4.226
1749260948,4.19300000,868.63000000,4.226
1749260948,4.19200000,706.85000000,4.226
1749260948,4.19100000,3337.48000000,4.226
1749260948,4.19000000,157.17000000,4.226
1749260948,4.18900000,2.39000000,4.226
1749260948,4.18800000,399.51000000,4.226
1749260948,4.18700000,906.53000000,4.226
1749260948,4.18600000,622.73000000,4.226
1749260948,4.18500000,594.37000000,4.226
1749260948,4.18400000,1144.74000000,4.226
1749260948,4.18300000,2.40000000,4.226
1749260948,4.18200000,48.68000000,4.226
1749260948,4.18100000,173.75000000,4.226
1749260948,4.18000000,82.27000000,4.226
1749260948,4.17900000,35.06000000,4.226
1749260948,4.17800000,2698.13000000,4.226
1749260948,4.17700000,45.10000000,4.226
1749260948,4.17600000,51.39000000,4.226
1749260948,4.17500000,4.02000000,4.226
1749260948,4.17400000,15.00000000,4.226
1749260948,4.17300000,75.66000000,4.226
1749260948,4.17200000,528.16000000,4.226
1749260948,4.17100000,10.27000000,4.226
1749260948,4.17000000,36.07000000,4.226
1749260948,4.16900000,2.36000000,4.226
1749260948,4.16800000,1933.04000000,4.226
1749260948,4.16700000,519.19000000,4.226
1749260948,4.16600000,8.34000000,4.226
1749260948,4.16500000,371.77000000,4.226
1749260948,4.16400000,833.53000000,4.226
1749260948,4.16300000,120.59000000,4.226
1749260948,4.16200000,54.86000000,4.226
1749260948,4.16100000,334.39000000,4.226
1749260948,4.16000000,7.63000000,4.226
1749260948,4.15900000,2.37000000,4.226
1749260948,4.15800000,54.28000000,4.226
1749260948,4.15700000,2020.21000000,4.226
1749260948,4.15600000,408.58000000,4.226
1749260948,4.15500000,52.54000000,4.226
1749260948,4.15400000,25.42000000,4.226
1749260948,4.15300000,2.37000000,4.226
1749260948,4.15200000,4.17000000,4.226
1749260948,4.15100000,15.86000000,4.226
1749260948,4.15000000,28.22000000,4.226
1749260948,4.14800000,3.80000000,4.226
1749260948,4.14700000,2.47000000,4.226
1749260948,4.14600000,17.80000000,4.226
1749260948,4.14400000,15.66000000,4.226
1749260948,4.14300000,20.78000000,4.226
1749260948,4.14200000,7.24000000,4.226
1749260948,4.14100000,25.85000000,4.226
1749260948,4.14000000,234.33000000,4.226
1749260948,4.13900000,1.41000000,4.226
1749260948,4.13800000,177.44000000,4.226
1749260948,4.13700000,11.68000000,4.226
1749260948,4.13600000,205.09000000,4.226
1749260948,4.13500000,4.43000000,4.226
1749260948,4.13400000,4.43000000,4.226
1749260948,4.13300000,10.20000000,4.226
1749260948,4.13200000,7.70000000,4.226
1749260948,4.12800000,125.92000000,4.226
1749260948,4.12600000,2.89000000,4.226
1749260948,4.12500000,741.51000000,4.226
1749260948,4.12400000,6.23000000,4.226
1749260948,4.12200000,28.21000000,4.226
1749260948,4.12000000,118.09000000,4.226
1749260948,4.11900000,33.83000000,4.226
1749261250,4.22300000,173.05000000,4.224
1749261250,4.22200000,1293.83000000,4.224
1749261250,4.22100000,977.53000000,4.224
1749261250,4.22000000,753.00000000,4.224
1749261250,4.21900000,710.31000000,4.224
1749261250,4.21800000,2303.63000000,4.224
1749261250,4.21700000,4713.73000000,4.224
1749261250,4.21600000,1698.19000000,4.224
1749261250,4.21500000,509.24000000,4.224
1749261250,4.21400000,996.08000000,4.224
1749261250,4.21300000,394.93000000,4.224
1749261250,4.21200000,562.19000000,4.224
1749261250,4.21100000,127.86000000,4.224
1749261250,4.21000000,2086.56000000,4.224
1749261250,4.20900000,620.12000000,4.224
1749261250,4.20800000,410.98000000,4.224
1749261250,4.20700000,2612.98000000,4.224
1749261250,4.20600000,776.06000000,4.224
1749261250,4.20500000,574.64000000,4.224
1749261250,4.20400000,80.67000000,4.224
1749261250,4.20300000,456.38000000,4.224
1749261250,4.20200000,3569.91000000,4.224
1749261250,4.20100000,409.20000000,4.224
1749261250,4.20000000,108.63000000,4.224
1749261250,4.19900000,4879.65000000,4.224
1749261250,4.19800000,1268.22000000,4.224
1749261250,4.19700000,261.56000000,4.224
1749261250,4.19600000,334.49000000,4.224
1749261250,4.19500000,30.34000000,4.224
1749261250,4.19400000,376.23000000,4.224
1749261250,4.19300000,868.63000000,4.224
1749261250,4.19200000,706.85000000,4.224
1749261250,4.19100000,2.39000000,4.224
1749261250,4.19000000,157.17000000,4.224
1749261250,4.18900000,2.39000000,4.224
1749261250,4.18800000,399.51000000,4.224
1749261250,4.18700000,906.53000000,4.224
1749261250,4.18600000,32.14000000,4.224
1749261250,4.18500000,3.78000000,4.224
1749261250,4.18400000,748.24000000,4.224
1749261250,4.18300000,2.40000000,4.224
1749261250,4.18200000,48.68000000,4.224
1749261250,4.18100000,173.75000000,4.224
1749261250,4.18000000,82.27000000,4.224
1749261250,4.17900000,643.02000000,4.224
1749261250,4.17800000,3289.70000000,4.224
1749261250,4.17700000,45.10000000,4.224
1749261250,4.17600000,51.39000000,4.224
1749261250,4.17500000,31.97000000,4.224
1749261250,4.17400000,412.45000000,4.224
1749261250,4.17300000,75.66000000,4.224
1749261250,4.17200000,528.16000000,4.224
1749261250,4.17100000,38.19000000,4.224
1749261250,4.17000000,36.07000000,4.224
1749261250,4.16900000,2.36000000,4.224
1749261250,4.16800000,707.45000000,4.224
1749261250,4.16700000,519.19000000,4.224
1749261250,4.16600000,8.34000000,4.224
1749261250,4.16500000,1598.47000000,4.224
1749261250,4.16400000,435.12000000,4.224
1749261250,4.16300000,120.59000000,4.224
1749261250,4.16200000,54.86000000,4.224
1749261250,4.16100000,334.39000000,4.224
1749261250,4.16000000,7.63000000,4.224
1749261250,4.15900000,2.37000000,4.224
1749261250,4.15800000,54.28000000,4.224
1749261250,4.15700000,2020.21000000,4.224
1749261250,4.15600000,408.58000000,4.224
1749261250,4.15500000,52.54000000,4.224
1749261250,4.15400000,408.34000000,4.224
1749261250,4.15300000,2.37000000,4.224
1749261250,4.15200000,4.17000000,4.224
1749261250,4.15100000,15.86000000,4.224
1749261250,4.15000000,30.59000000,4.224
1749261250,4.14900000,2.37000000,4.224
1749261250,4.14800000,6.17000000,4.224
1749261250,4.14700000,2.47000000,4.224
1749261250,4.14600000,17.80000000,4.224
1749261250,4.14400000,15.66000000,4.224
1749261250,4.14300000,20.78000000,4.224
1749261250,4.14200000,7.24000000,4.224
1749261250,4.14100000,25.85000000,4.224
1749261250,4.14000000,234.33000000,4.224
1749261250,4.13900000,1.41000000,4.224
1749261250,4.13800000,177.44000000,4.224
1749261250,4.13700000,11.68000000,4.224
1749261250,4.13600000,205.09000000,4.224
1749261250,4.13500000,4.43000000,4.224
1749261250,4.13400000,4.43000000,4.224
1749261250,4.13300000,10.20000000,4.224
1749261250,4.13200000,7.70000000,4.224
1749261250,4.12800000,125.92000000,4.224
1749261250,4.12600000,2.89000000,4.224
1749261250,4.12500000,741.51000000,4.224
1749261250,4.12400000,6.23000000,4.224
1749261250,4.12200000,28.21000000,4.224
1749261250,4.12000000,118.09000000,4.224
1749261250,4.11900000,10.46000000,4.224
1749261250,4.11800000,1.77000000,4.224
1749261250,4.11700000,9.33000000,4.224
1749261551,4.22500000,619.18000000,4.226
1749261551,4.22400000,1356.22000000,4.226
1749261551,4.22300000,1864.22000000,4.226
1749261551,4.22200000,960.74000000,4.226
1749261551,4.22100000,560.75000000,4.226
1749261551,4.22000000,1154.01000000,4.226
1749261551,4.21900000,1067.54000000,4.226
1749261551,4.21800000,1082.30000000,4.226
1749261551,4.21700000,1545.00000000,4.226
1749261551,4.21600000,1825.93000000,4.226
1749261551,4.21500000,130.65000000,4.226
1749261551,4.21400000,2574.02000000,4.226
1749261551,4.21300000,2231.67000000,4.226
1749261551,4.21200000,149.79000000,4.226
1749261551,4.21100000,127.86000000,4.226
1749261551,4.21000000,656.24000000,4.226
1749261551,4.20900000,620.12000000,4.226
1749261551,4.20800000,410.98000000,4.226
1749261551,4.20700000,2832.00000000,4.226
1749261551,4.20600000,446.44000000,4.226
1749261551,4.20500000,574.64000000,4.226
1749261551,4.20400000,80.67000000,4.226
1749261551,4.20300000,484.30000000,4.226
1749261551,4.20200000,4274.41000000,4.226
1749261551,4.20100000,409.20000000,4.226
1749261551,4.20000000,108.60000000,4.226
1749261551,4.19900000,3755.09000000,4.226
1749261551,4.19800000,1240.27000000,4.226
1749261551,4.19700000,85.16000000,4.226
1749261551,4.19600000,334.49000000,4.226
1749261551,4.19500000,766.66000000,4.226
1749261551,4.19400000,376.21000000,4.226
1749261551,4.19300000,131.92000000,4.226
1749261551,4.19200000,678.90000000,4.226
1749261551,4.19100000,30.31000000,4.226
1749261551,4.19000000,129.22000000,4.226
1749261551,4.18900000,30.31000000,4.226
1749261551,4.18800000,399.48000000,4.226
1749261551,4.18700000,906.53000000,4.226
1749261551,4.18600000,132.34000000,4.226
1749261551,4.18500000,31.70000000,4.226
1749261551,4.18400000,720.29000000,4.226
1749261551,4.18300000,36.63000000,4.226
1749261551,4.18200000,48.65000000,4.226
1749261551,4.18100000,167.43000000,4.226
1749261551,4.18000000,82.27000000,4.226
1749261551,4.17900000,643.05000000,4.226
1749261551,4.17800000,3289.70000000,4.226
1749261551,4.17700000,73.02000000,4.226
1749261551,4.17600000,51.39000000,4.226
1749261551,4.17500000,4.02000000,4.226
1749261551,4.17400000,412.45000000,4.226
1749261551,4.17300000,75.66000000,4.226
1749261551,4.17200000,528.16000000,4.226
1749261551,4.17100000,10.27000000,4.226
1749261551,4.17000000,36.07000000,4.226
1749261551,4.16900000,2.36000000,4.226
1749261551,4.16800000,1933.57000000,4.226
1749261551,4.16700000,519.19000000,4.226
1749261551,4.16600000,8.34000000,4.226
1749261551,4.16500000,149.29000000,4.226
1749261551,4.16400000,435.12000000,4.226
1749261551,4.16300000,120.59000000,4.226
1749261551,4.16200000,54.86000000,4.226
1749261551,4.16100000,334.39000000,4.226
1749261551,4.16000000,7.63000000,4.226
1749261551,4.15900000,2.37000000,4.226
1749261551,4.15800000,54.28000000,4.226
1749261551,4.15700000,1754.59000000,4.226
1749261551,4.15600000,408.58000000,4.226
1749261551,4.15500000,52.54000000,4.226
1749261551,4.15400000,8.98000000,4.226
1749261551,4.15300000,2.37000000,4.226
1749261551,4.15200000,4.17000000,4.226
1749261551,4.15100000,15.86000000,4.226
1749261551,4.15000000,30.59000000,4.226
1749261551,4.14800000,3.80000000,4.226
1749261551,4.14700000,2.47000000,4.226
1749261551,4.14600000,17.80000000,4.226
1749261551,4.14400000,415.99000000,4.226
1749261551,4.14300000,20.78000000,4.226
1749261551,4.14200000,7.24000000,4.226
1749261551,4.14100000,25.85000000,4.226
1749261551,4.14000000,109.99000000,4.226
1749261551,4.13900000,1.41000000,4.226
1749261551,4.13800000,177.44000000,4.226
1749261551,4.13700000,11.68000000,4.226
1749261551,4.13600000,205.09000000,4.226
1749261551,4.13500000,4.43000000,4.226
1749261551,4.13400000,4.43000000,4.226
1749261551,4.13300000,10.20000000,4.226
1749261551,4.13200000,7.70000000,4.226
1749261551,4.12800000,125.92000000,4.226
1749261551,4.12600000,2.89000000,4.226
1749261551,4.12500000,741.51000000,4.226
1749261551,4.12400000,6.23000000,4.226
1749261551,4.12200000,28.21000000,4.226
1749261551,4.12000000,118.09000000,4.226
1749261551,4.11900000,10.46000000,4.226
1749261551,4.11800000,1.77000000,4.226
1749261853,4.22600000,106.63000000,4.227
1749261853,4.22500000,1473.81000000,4.227
1749261853,4.22400000,765.27000000,4.227
1749261853,4.22300000,1052.82000000,4.227
1749261853,4.22200000,1307.65000000,4.227
1749261853,4.22100000,827.79000000,4.227
1749261853,4.22000000,1445.08000000,4.227
1749261853,4.21900000,1433.05000000,4.227
1749261853,4.21800000,1072.90000000,4.227
1749261853,4.21700000,1425.63000000,4.227
1749261853,4.21600000,1706.00000000,4.227
1749261853,4.21500000,130.63000000,4.227
1749261853,4.21400000,3642.00000000,4.227
1749261853,4.21300000,2298.91000000,4.227
1749261853,4.21200000,82.44000000,4.227
1749261853,4.21100000,127.86000000,4.227
1749261853,4.21000000,656.24000000,4.227
1749261853,4.20900000,620.12000000,4.227
1749261853,4.20800000,3220.77000000,4.227
1749261853,4.20700000,2138.55000000,4.227
1749261853,4.20600000,449.18000000,4.227
1749261853,4.20500000,1218.93000000,4.227
1749261853,4.20400000,80.67000000,4.227
1749261853,4.20300000,1580.27000000,4.227
1749261853,4.20200000,340.72000000,4.227
1749261853,4.20100000,409.20000000,4.227
1749261853,4.20000000,4.18000000,4.227
1749261853,4.19900000,3755.09000000,4.227
1749261853,4.19800000,1163.77000000,4.227
1749261853,4.19700000,57.24000000,4.227
1749261853,4.19600000,334.49000000,4.227
1749261853,4.19500000,2.39000000,4.227
1749261853,4.19400000,348.29000000,4.227
1749261853,4.19300000,739.10000000,4.227
1749261853,4.19200000,678.90000000,4.227
1749261853,4.19100000,2.39000000,4.227
1749261853,4.19000000,4.18000000,4.227
1749261853,4.18900000,2.39000000,4.227
1749261853,4.18800000,55.23000000,4.227
1749261853,4.18700000,906.53000000,4.227
1749261853,4.18600000,132.34000000,4.227
1749261853,4.18500000,3.78000000,4.227
1749261853,4.18400000,720.29000000,4.227
1749261853,4.18300000,599.71000000,4.227
1749261853,4.18200000,741.60000000,4.227
1749261853,4.18100000,5.50000000,4.227
1749261853,4.18000000,51.39000000,4.227
1749261853,4.17900000,150.98000000,4.227
1749261853,4.17800000,2698.13000000,4.227
1749261853,4.17700000,45.10000000,4.227
1749261853,4.17600000,51.39000000,4.227
1749261853,4.17500000,4.02000000,4.227
1749261853,4.17400000,412.45000000,4.227
1749261853,4.17300000,75.66000000,4.227
1749261853,4.17200000,528.16000000,4.227
1749261853,4.17100000,10.27000000,4.227
1749261853,4.17000000,36.07000000,4.227
1749261853,4.16900000,2.36000000,4.227
1749261853,4.16800000,1999.26000000,4.227
1749261853,4.16700000,360.26000000,4.227
1749261853,4.16600000,8.34000000,4.227
1749261853,4.16500000,149.29000000,4.227
1749261853,4.16400000,435.12000000,4.227
1749261853,4.16300000,120.59000000,4.227
1749261853,4.16200000,53.12000000,4.227
1749261853,4.16100000,334.39000000,4.227
1749261853,4.16000000,271.80000000,4.227
1749261853,4.15900000,2.37000000,4.227
1749261853,4.15800000,54.28000000,4.227
1749261853,4.15700000,1754.59000000,4.227
1749261853,4.15600000,9.41000000,4.227
1749261853,4.15500000,52.54000000,4.227
1749261853,4.15400000,8.98000000,4.227
1749261853,4.15300000,2.37000000,4.227
1749261853,4.15200000,4.17000000,4.227
1749261853,4.15100000,15.86000000,4.227
1749261853,4.15000000,28.22000000,4.227
1749261853,4.14800000,3.80000000,4.227
1749261853,4.14700000,402.51000000,4.227
1749261853,4.14600000,17.80000000,4.227
1749261853,4.14400000,415.99000000,4.227
1749261853,4.14300000,20.78000000,4.227
1749261853,4.14200000,7.24000000,4.227
1749261853,4.14100000,25.85000000,4.227
1749261853,4.14000000,109.99000000,4.227
1749261853,4.13900000,126.81000000,4.227
1749261853,4.13800000,177.44000000,4.227
1749261853,4.13700000,11.68000000,4.227
1749261853,4.13600000,205.09000000,4.227
1749261853,4.13500000,4.43000000,4.227
1749261853,4.13400000,4.43000000,4.227
1749261853,4.13300000,10.20000000,4.227
1749261853,4.13200000,7.70000000,4.227
1749261853,4.12800000,125.92000000,4.227
1749261853,4.12600000,2.89000000,4.227
1749261853,4.12500000,741.51000000,4.227
1749261853,4.12400000,6.23000000,4.227
1749261853,4.12200000,28.21000000,4.227
1749261853,4.12000000,118.09000000,4.227
1749261853,4.11900000,10.46000000,4.227
1749262154,4.22400000,261.14000000,4.224
1749262154,4.22300000,875.02000000,4.224
1749262154,4.22200000,1751.71000000,4.224
1749262154,4.22100000,965.04000000,4.224
1749262154,4.22000000,847.83000000,4.224
1749262154,4.21900000,1091.99000000,4.224
1749262154,4.21800000,3415.90000000,4.224
1749262154,4.21700000,3549.32000000,4.224
1749262154,4.21600000,1589.67000000,4.224
1749262154,4.21500000,361.46000000,4.224
1749262154,4.21400000,662.36000000,4.224
1749262154,4.21300000,2272.80000000,4.224
1749262154,4.21200000,787.37000000,4.224
1749262154,4.21100000,2207.69000000,4.224
1749262154,4.21000000,412.77000000,4.224
1749262154,4.20900000,620.12000000,4.224
1749262154,4.20800000,3220.77000000,4.224
1749262154,4.20700000,126.07000000,4.224
1749262154,4.20600000,445.03000000,4.224
1749262154,4.20500000,1219.17000000,4.224
1749262154,4.20400000,80.67000000,4.224
1749262154,4.20300000,456.38000000,4.224
1749262154,4.20200000,368.65000000,4.224
1749262154,4.20100000,409.20000000,4.224
1749262154,4.20000000,1156.47000000,4.224
1749262154,4.19900000,3755.09000000,4.224
1749262154,4.19800000,1240.27000000,4.224
1749262154,4.19700000,161.67000000,4.224
1749262154,4.19600000,410.99000000,4.224
1749262154,4.19500000,30.32000000,4.224
1749262154,4.19400000,376.22000000,4.224
1749262154,4.19300000,739.10000000,4.224
1749262154,4.19200000,678.90000000,4.224
1749262154,4.19100000,2.39000000,4.224
1749262154,4.19000000,4.18000000,4.224
1749262154,4.18900000,30.32000000,4.224
1749262154,4.18800000,83.16000000,4.224
1749262154,4.18700000,906.53000000,4.224
1749262154,4.18600000,4.19000000,4.224
1749262154,4.18500000,31.71000000,4.224
1749262154,4.18400000,720.29000000,4.224
1749262154,4.18300000,627.64000000,4.224
1749262154,4.18200000,741.60000000,4.224
1749262154,4.18100000,33.43000000,4.224
1749262154,4.18000000,110.10000000,4.224
1749262154,4.17900000,150.98000000,4.224
1749262154,4.17800000,2698.13000000,4.224
1749262154,4.17700000,42.22000000,4.224
1749262154,4.17600000,51.39000000,4.224
1749262154,4.17500000,160.44000000,4.224
1749262154,4.17400000,412.45000000,4.224
1749262154,4.17300000,75.66000000,4.224
1749262154,4.17200000,424.96000000,4.224
1749262154,4.17100000,10.27000000,4.224
1749262154,4.17000000,36.07000000,4.224
1749262154,4.16900000,2.36000000,4.224
1749262154,4.16800000,773.02000000,4.224
1749262154,4.16700000,360.26000000,4.224
1749262154,4.16600000,1234.77000000,4.224
1749262154,4.16500000,149.29000000,4.224
1749262154,4.16400000,435.12000000,4.224
1749262154,4.16300000,120.59000000,4.224
1749262154,4.16200000,53.12000000,4.224
1749262154,4.16100000,437.87000000,4.224
1749262154,4.16000000,271.80000000,4.224
1749262154,4.15900000,2.37000000,4.224
1749262154,4.15800000,54.28000000,4.224
1749262154,4.15700000,1754.59000000,4.224
1749262154,4.15600000,9.41000000,4.224
1749262154,4.15500000,52.54000000,4.224
1749262154,4.15400000,8.98000000,4.224
1749262154,4.15300000,2.37000000,4.224
1749262154,4.15200000,4.17000000,4.224
1749262154,4.15100000,15.86000000,4.224
1749262154,4.15000000,30.59000000,4.224
1749262154,4.14900000,2.37000000,4.224
1749262154,4.14800000,3.80000000,4.224
1749262154,4.14700000,402.51000000,4.224
1749262154,4.14600000,17.80000000,4.224
1749262154,4.14400000,415.99000000,4.224
1749262154,4.14300000,20.78000000,4.224
1749262154,4.14200000,7.24000000,4.224
1749262154,4.14100000,25.85000000,4.224
1749262154,4.14000000,109.99000000,4.224
1749262154,4.13900000,126.81000000,4.224
1749262154,4.13800000,177.44000000,4.224
1749262154,4.13700000,11.68000000,4.224
1749262154,4.13600000,205.09000000,4.224
1749262154,4.13500000,4.43000000,4.224
1749262154,4.13400000,4.43000000,4.224
1749262154,4.13300000,10.20000000,4.224
1749262154,4.13200000,7.70000000,4.224
1749262154,4.12800000,125.92000000,4.224
1749262154,4.12600000,2.89000000,4.224
1749262154,4.12500000,741.51000000,4.224
1749262154,4.12400000,6.23000000,4.224
1749262154,4.12200000,28.21000000,4.224
1749262154,4.12000000,118.09000000,4.224
1749262154,4.11900000,10.46000000,4.224
1749262154,4.11800000,1.77000000,4.224
1749262456,4.23600000,533.32000000,4.237
1749262456,4.23500000,1076.49000000,4.237
1749262456,4.23400000,345.44000000,4.237
1749262456,4.23300000,1098.00000000,4.237
1749262456,4.23200000,876.88000000,4.237
1749262456,4.23100000,1061.72000000,4.237
1749262456,4.23000000,1480.73000000,4.237
1749262456,4.22900000,1585.36000000,4.237
1749262456,4.22800000,1762.19000000,4.237
1749262456,4.22700000,732.98000000,4.237
1749262456,4.22600000,1507.54000000,4.237
1749262456,4.22500000,788.42000000,4.237
1749262456,4.22400000,563.30000000,4.237
1749262456,4.22300000,187.52000000,4.237
1749262456,4.22200000,4892.13000000,4.237
1749262456,4.22100000,80.65000000,4.237
1749262456,4.22000000,885.60000000,4.237
1749262456,4.21900000,127.85000000,4.237
1749262456,4.21800000,655.10000000,4.237
1749262456,4.21700000,771.21000000,4.237
1749262456,4.21600000,1772.62000000,4.237
1749262456,4.21500000,126.07000000,4.237
1749262456,4.21400000,451.91000000,4.237
1749262456,4.21300000,505.37000000,4.237
1749262456,4.21200000,1201.87000000,4.237
1749262456,4.21100000,2138.55000000,4.237
1749262456,4.21000000,556.63000000,4.237
1749262456,4.20900000,20.68000000,4.237
1749262456,4.20800000,3220.77000000,4.237
1749262456,4.20700000,52.61000000,4.237
1749262456,4.20600000,5.56000000,4.237
1749262456,4.20500000,448.64000000,4.237
1749262456,4.20400000,738.95000000,4.237
1749262456,4.20300000,674.79000000,4.237
1749262456,4.20200000,5.81000000,4.237
1749262456,4.20100000,2.39000000,4.237
1749262456,4.20000000,6.68000000,4.237
1749262456,4.19900000,3348.28000000,4.237
1749262456,4.19800000,1166.07000000,4.237
1749262456,4.19700000,57.24000000,4.237
1749262456,4.19600000,4.18000000,4.237
1749262456,4.19500000,3.74000000,4.237
1749262456,4.19400000,17.98000000,4.237
1749262456,4.19300000,2.39000000,4.237
1749262456,4.19200000,3425.82000000,4.237
1749262456,4.19100000,2.39000000,4.237
1749262456,4.19000000,129.22000000,4.237
1749262456,4.18900000,33.11000000,4.237
1749262456,4.18800000,55.23000000,4.237
1749262456,4.18700000,1893.18000000,4.237
1749262456,4.18600000,132.34000000,4.237
1749262456,4.18500000,3.78000000,4.237
1749262456,4.18400000,51.38000000,4.237
1749262456,4.18300000,8.71000000,4.237
1749262456,4.18200000,505.69000000,4.237
1749262456,4.18100000,431.71000000,4.237
1749262456,4.18000000,51.39000000,4.237
1749262456,4.17900000,25.61000000,4.237
1749262456,4.17800000,1229.03000000,4.237
1749262456,4.17700000,14.29000000,4.237
1749262456,4.17600000,51.39000000,4.237
1749262456,4.17500000,4.02000000,4.237
1749262456,4.17400000,15.00000000,4.237
1749262456,4.17300000,75.66000000,4.237
1749262456,4.17200000,528.16000000,4.237
1749262456,4.17100000,315.16000000,4.237
1749262456,4.17000000,36.07000000,4.237
1749262456,4.16900000,2.36000000,4.237
1749262456,4.16800000,121.31000000,4.237
1749262456,4.16700000,3.89000000,4.237
1749262456,4.16600000,406.55000000,4.237
1749262456,4.16500000,68.95000000,4.237
1749262456,4.16400000,435.12000000,4.237
1749262456,4.16300000,469.07000000,4.237
1749262456,4.16200000,5.93000000,4.237
1749262456,4.16100000,334.39000000,4.237
1749262456,4.16000000,1.80000000,4.237
1749262456,4.15800000,51.91000000,4.237
1749262456,4.15700000,2070.81000000,4.237
1749262456,4.15600000,7.04000000,4.237
1749262456,4.15500000,2.98000000,4.237
1749262456,4.15400000,4.81000000,4.237
1749262456,4.15100000,13.49000000,4.237
1749262456,4.15000000,26.42000000,4.237
1749262456,4.14800000,2.00000000,4.237
1749262456,4.14700000,2.47000000,4.237
1749262456,4.14600000,17.80000000,4.237
1749262456,4.14400000,15.66000000,4.237
1749262456,4.14300000,20.78000000,4.237
1749262456,4.14200000,7.24000000,4.237
1749262456,4.14100000,262.07000000,4.237
1749262456,4.13900000,1.41000000,4.237
1749262456,4.13800000,177.44000000,4.237
1749262456,4.13700000,11.68000000,4.237
1749262456,4.13600000,205.09000000,4.237
1749262456,4.13500000,4.43000000,4.237
1749262456,4.13400000,4.43000000,4.237
1749262456,4.13300000,10.20000000,4.237
1749262456,4.13200000,7.70000000,4.237
1749262456,4.12800000,125.92000000,4.237
1749262757,4.23800000,367.59000000,4.239
1749262757,4.23700000,1256.46000000,4.239
1749262757,4.23600000,713.65000000,4.239
1749262757,4.23500000,1308.32000000,4.239
1749262757,4.23400000,1998.13000000,4.239
1749262757,4.23300000,1515.40000000,4.239
1749262757,4.23200000,2729.67000000,4.239
1749262757,4.23100000,2855.70000000,4.239
1749262757,4.23000000,2296.45000000,4.239
1749262757,4.22900000,2247.67000000,4.239
1749262757,4.22800000,1586.95000000,4.239
1749262757,4.22700000,127.84000000,4.239
1749262757,4.22600000,412.74000000,4.239
1749262757,4.22500000,833.21000000,4.239
1749262757,4.22400000,412.74000000,4.239
1749262757,4.22300000,121.22000000,4.239
1749262757,4.22200000,2373.37000000,4.239
1749262757,4.22100000,80.65000000,4.239
1749262757,4.22000000,885.60000000,4.239
1749262757,4.21900000,2828.64000000,4.239
1749262757,4.21800000,1017.87000000,4.239
1749262757,4.21700000,229.57000000,4.239
1749262757,4.21600000,523.51000000,4.239
1749262757,4.21500000,153.91000000,4.239
1749262757,4.21400000,4038.92000000,4.239
1749262757,4.21300000,505.37000000,4.239
1749262757,4.21200000,32.00000000,4.239
1749262757,4.21100000,126.07000000,4.239
1749262757,4.21000000,438.82000000,4.239
1749262757,4.20900000,2.38000000,4.239
1749262757,4.20800000,2446.20000000,4.239
1749262757,4.20700000,3387.70000000,4.239
1749262757,4.20600000,33.40000000,4.239
1749262757,4.20500000,332.69000000,4.239
1749262757,4.20400000,32.01000000,4.239
1749262757,4.20300000,344.48000000,4.239
1749262757,4.20200000,5.81000000,4.239
1749262757,4.20100000,2.39000000,4.239
1749262757,4.20000000,6.68000000,4.239
1749262757,4.19900000,13.19000000,4.239
1749262757,4.19800000,34.32000000,4.239
1749262757,4.19700000,57.24000000,4.239
1749262757,4.19600000,4.18000000,4.239
1749262757,4.19500000,31.58000000,4.239
1749262757,4.19400000,1196.62000000,4.239
1749262757,4.19300000,159.75000000,4.239
1749262757,4.19200000,3425.82000000,4.239
1749262757,4.19100000,30.23000000,4.239
1749262757,4.19000000,129.22000000,4.239
1749262757,4.18900000,60.95000000,4.239
1749262757,4.18800000,55.23000000,4.239
1749262757,4.18700000,1271.36000000,4.239
1749262757,4.18600000,4.19000000,4.239
1749262757,4.18500000,358.61000000,4.239
1749262757,4.18400000,285.28000000,4.239
1749262757,4.18300000,88.70000000,4.239
1749262757,4.18200000,375.82000000,4.239
1749262757,4.18100000,431.71000000,4.239
1749262757,4.18000000,1404.23000000,4.239
1749262757,4.17900000,25.61000000,4.239
1749262757,4.17800000,137.66000000,4.239
1749262757,4.17700000,14.29000000,4.239
1749262757,4.17600000,315.79000000,4.239
1749262757,4.17500000,4.02000000,4.239
1749262757,4.17400000,15.00000000,4.239
1749262757,4.17300000,75.66000000,4.239
1749262757,4.17200000,159.74000000,4.239
1749262757,4.17100000,10.27000000,4.239
1749262757,4.17000000,36.07000000,4.239
1749262757,4.16900000,2.36000000,4.239
1749262757,4.16800000,74.12000000,4.239
1749262757,4.16700000,3.89000000,4.239
1749262757,4.16600000,406.55000000,4.239
1749262757,4.16500000,68.95000000,4.239
1749262757,4.16400000,435.12000000,4.239
1749262757,4.16300000,201.63000000,4.239
1749262757,4.16200000,3.57000000,4.239
1749262757,4.16100000,332.03000000,4.239
1749262757,4.16000000,1.80000000,4.239
1749262757,4.15800000,50.11000000,4.239
1749262757,4.15700000,2070.81000000,4.239
1749262757,4.15600000,5.24000000,4.239
1749262757,4.15500000,2.98000000,4.239
1749262757,4.15400000,4.81000000,4.239
1749262757,4.15300000,204.25000000,4.239
1749262757,4.15100000,13.49000000,4.239
1749262757,4.15000000,26.42000000,4.239
1749262757,4.14800000,2.00000000,4.239
1749262757,4.14700000,2.47000000,4.239
1749262757,4.14600000,17.80000000,4.239
1749262757,4.14400000,15.66000000,4.239
1749262757,4.14300000,20.78000000,4.239
1749262757,4.14200000,7.24000000,4.239
1749262757,4.14100000,262.07000000,4.239
1749262757,4.13900000,1.41000000,4.239
1749262757,4.13800000,177.44000000,4.239
1749262757,4.13700000,11.68000000,4.239
1749262757,4.13500000,4.43000000,4.239
1749262757,4.13400000,4.43000000,4.239
1749262757,4.13300000,10.20000000,4.239
1749263059,4.23700000,304.12000000,4.238
1749263059,4.23600000,1390.68000000,4.238
1749263059,4.23500000,1403.41000000,4.238
1749263059,4.23400000,3041.28000000,4.238
1749263059,4.23300000,2567.36000000,4.238
1749263059,4.23200000,2790.00000000,4.238
1749263059,4.23100000,3171.41000000,4.238
1749263059,4.23000000,2941.31000000,4.238
1749263059,4.22900000,2120.17000000,4.238
1749263059,4.22800000,1524.67000000,4.238
1749263059,4.22700000,605.90000000,4.238
1749263059,4.22600000,412.74000000,4.238
1749263059,4.22500000,147.81000000,4.238
1749263059,4.22400000,412.74000000,4.238
1749263059,4.22300000,2170.92000000,4.238
1749263059,4.22200000,2460.05000000,4.238
1749263059,4.22100000,80.65000000,4.238
1749263059,4.22000000,412.74000000,4.238
1749263059,4.21900000,3486.62000000,4.238
1749263059,4.21800000,1017.87000000,4.238
1749263059,4.21700000,229.57000000,4.238
1749263059,4.21600000,523.51000000,4.238
1749263059,4.21500000,173.29000000,4.238
1749263059,4.21400000,1201.12000000,4.238
1749263059,4.21300000,3825.57000000,4.238
1749263059,4.21200000,80.66000000,4.238
1749263059,4.21100000,149.37000000,4.238
1749263059,4.21000000,334.48000000,4.238
1749263059,4.20900000,2.38000000,4.238
1749263059,4.20800000,1684.28000000,4.238
1749263059,4.20700000,52.61000000,4.238
1749263059,4.20600000,739.99000000,4.238
1749263059,4.20500000,332.69000000,4.238
1749263059,4.20400000,4.17000000,4.238
1749263059,4.20300000,344.48000000,4.238
1749263059,4.20200000,5.81000000,4.238
1749263059,4.20100000,2664.84000000,4.238
1749263059,4.20000000,6.68000000,4.238
1749263059,4.19900000,13.19000000,4.238
1749263059,4.19800000,6.48000000,4.238
1749263059,4.19700000,57.24000000,4.238
1749263059,4.19600000,4.18000000,4.238
1749263059,4.19500000,3.74000000,4.238
1749263059,4.19400000,1212.65000000,4.238
1749263059,4.19300000,131.92000000,4.238
1749263059,4.19200000,733.52000000,4.238
1749263059,4.19100000,2.39000000,4.238
1749263059,4.19000000,316.44000000,4.238
1749263059,4.18900000,33.11000000,4.238
1749263059,4.18800000,55.23000000,4.238
1749263059,4.18700000,1243.52000000,4.238
1749263059,4.18600000,4.19000000,4.238
1749263059,4.18500000,358.61000000,4.238
1749263059,4.18400000,65.57000000,4.238
1749263059,4.18300000,8.71000000,4.238
1749263059,4.18200000,375.82000000,4.238
1749263059,4.18100000,735.88000000,4.238
1749263059,4.18000000,1404.00000000,4.238
1749263059,4.17900000,1700.91000000,4.238
1749263059,4.17800000,137.66000000,4.238
1749263059,4.17700000,14.29000000,4.238
1749263059,4.17600000,51.39000000,4.238
1749263059,4.17500000,4.02000000,4.238
1749263059,4.17400000,15.00000000,4.238
1749263059,4.17300000,75.66000000,4.238
1749263059,4.17200000,506.04000000,4.238
1749263059,4.17100000,10.27000000,4.238
1749263059,4.17000000,36.07000000,4.238
1749263059,4.16900000,2.36000000,4.238
1749263059,4.16800000,74.12000000,4.238
1749263059,4.16700000,3.89000000,4.238
1749263059,4.16600000,406.55000000,4.238
1749263059,4.16500000,68.95000000,4.238
1749263059,4.16400000,435.12000000,4.238
1749263059,4.16300000,120.59000000,4.238
1749263059,4.16200000,5.93000000,4.238
1749263059,4.16100000,332.03000000,4.238
1749263059,4.16000000,1.80000000,4.238
1749263059,4.15800000,50.11000000,4.238
1749263059,4.15700000,405.69000000,4.238
1749263059,4.15600000,6.98000000,4.238
1749263059,4.15500000,2.98000000,4.238
1749263059,4.15400000,4.81000000,4.238
1749263059,4.15300000,204.25000000,4.238
1749263059,4.15100000,249.14000000,4.238
1749263059,4.15000000,26.42000000,4.238
1749263059,4.14800000,697.25000000,4.238
1749263059,4.14700000,2.47000000,4.238
1749263059,4.14600000,17.80000000,4.238
1749263059,4.14400000,15.66000000,4.238
1749263059,4.14300000,20.78000000,4.238
1749263059,4.14200000,7.24000000,4.238
1749263059,4.14100000,25.85000000,4.238
1749263059,4.13900000,1.41000000,4.238
1749263059,4.13800000,177.44000000,4.238
1749263059,4.13700000,11.68000000,4.238
1749263059,4.13500000,4.43000000,4.238
1749263059,4.13400000,4.43000000,4.238
1749263059,4.13300000,10.20000000,4.238
1749263059,4.13200000,7.70000000,4.238
1749263360,4.24200000,465.96000000,4.243
1749263360,4.24100000,1569.52000000,4.243
1749263360,4.24000000,1278.82000000,4.243
1749263360,4.23900000,2146.32000000,4.243
1749263360,4.23800000,2351.27000000,4.243
1749263360,4.23700000,2283.30000000,4.243
1749263360,4.23600000,5446.73000000,4.243
1749263360,4.23500000,2501.24000000,4.243
1749263360,4.23400000,2579.20000000,4.243
1749263360,4.23300000,301.51000000,4.243
1749263360,4.23200000,1836.24000000,4.243
1749263360,4.23100000,585.81000000,4.243
1749263360,4.23000000,890.82000000,4.243
1749263360,4.22900000,825.58000000,4.243
1749263360,4.22800000,1128.52000000,4.243
1749263360,4.22700000,127.84000000,4.243
1749263360,4.22600000,1784.67000000,4.243
1749263360,4.22500000,80.65000000,4.243
1749263360,4.22400000,412.74000000,4.243
1749263360,4.22300000,809.90000000,4.243
1749263360,4.22200000,2825.56000000,4.243
1749263360,4.22100000,78.87000000,4.243
1749263360,4.22000000,438.78000000,4.243
1749263360,4.21900000,2796.78000000,4.243
1749263360,4.21800000,681.14000000,4.243
1749263360,4.21700000,1349.00000000,4.243
1749263360,4.21600000,523.51000000,4.243
1749263360,4.21500000,153.89000000,4.243
1749263360,4.21400000,31.98000000,4.243
1749263360,4.21300000,3765.11000000,4.243
1749263360,4.21200000,31.98000000,4.243
1749263360,4.21100000,783.13000000,4.243
1749263360,4.21000000,334.48000000,4.243
1749263360,4.20900000,2.38000000,4.243
1749263360,4.20800000,1353.97000000,4.243
1749263360,4.20700000,52.61000000,4.243
1749263360,4.20600000,5.56000000,4.243
1749263360,4.20500000,2.38000000,4.243
1749263360,4.20400000,31.99000000,4.243
1749263360,4.20300000,344.48000000,4.243
1749263360,4.20200000,811.11000000,4.243
1749263360,4.20100000,2664.84000000,4.243
1749263360,4.20000000,678.50000000,4.243
1749263360,4.19900000,41.01000000,4.243
1749263360,4.19800000,653.85000000,4.243
1749263360,4.19700000,646.14000000,4.243
1749263360,4.19600000,399.55000000,4.243
1749263360,4.19500000,31.56000000,4.243
1749263360,4.19400000,34.01000000,4.243
1749263360,4.19300000,159.74000000,4.243
1749263360,4.19200000,52.90000000,4.243
1749263360,4.19100000,30.21000000,4.243
1749263360,4.19000000,316.44000000,4.243
1749263360,4.18900000,2.39000000,4.243
1749263360,4.18800000,358.88000000,4.243
1749263360,4.18700000,67.04000000,4.243
1749263360,4.18600000,4.19000000,4.243
1749263360,4.18500000,358.61000000,4.243
1749263360,4.18400000,65.57000000,4.243
1749263360,4.18300000,1332.94000000,4.243
1749263360,4.18200000,375.82000000,4.243
1749263360,4.18100000,431.71000000,4.243
1749263360,4.18000000,181.73000000,4.243
1749263360,4.17900000,2048.06000000,4.243
1749263360,4.17800000,137.66000000,4.243
1749263360,4.17700000,440.91000000,4.243
1749263360,4.17600000,51.39000000,4.243
1749263360,4.17500000,401.38000000,4.243
1749263360,4.17400000,15.00000000,4.243
1749263360,4.17300000,75.66000000,4.243
1749263360,4.17200000,7.91000000,4.243
1749263360,4.17100000,10.27000000,4.243
1749263360,4.17000000,36.07000000,4.243
1749263360,4.16900000,2.36000000,4.243
1749263360,4.16800000,74.12000000,4.243
1749263360,4.16700000,3.89000000,4.243
1749263360,4.16600000,5.98000000,4.243
1749263360,4.16500000,66.59000000,4.243
1749263360,4.16400000,4.81000000,4.243
1749263360,4.16300000,118.23000000,4.243
1749263360,4.16200000,3.57000000,4.243
1749263360,4.16100000,332.03000000,4.243
1749263360,4.15800000,285.38000000,4.243
1749263360,4.15700000,405.69000000,4.243
1749263360,4.15600000,6.98000000,4.243
1749263360,4.15500000,2.98000000,4.243
1749263360,4.15400000,4.81000000,4.243
1749263360,4.15300000,204.25000000,4.243
1749263360,4.15100000,13.49000000,4.243
1749263360,4.15000000,26.42000000,4.243
1749263360,4.14800000,697.25000000,4.243
1749263360,4.14700000,2.47000000,4.243
1749263360,4.14600000,17.80000000,4.243
1749263360,4.14400000,15.66000000,4.243
1749263360,4.14300000,20.78000000,4.243
1749263360,4.14200000,7.24000000,4.243
1749263360,4.14100000,25.85000000,4.243
1749263360,4.13900000,1.41000000,4.243
1749263360,4.13800000,177.44000000,4.243
1749263360,4.13700000,11.68000000,4.243
1749263662,4.23900000,180.03000000,4.239
1749263662,4.23800000,1071.86000000,4.239
1749263662,4.23700000,552.74000000,4.239
1749263662,4.23600000,1512.05000000,4.239
1749263662,4.23500000,2071.03000000,4.239
1749263662,4.23400000,2058.24000000,4.239
1749263662,4.23300000,2222.32000000,4.239
1749263662,4.23200000,3309.89000000,4.239
1749263662,4.23100000,900.30000000,4.239
1749263662,4.23000000,528.03000000,4.239
1749263662,4.22900000,80.65000000,4.239
1749263662,4.22800000,2058.74000000,4.239
1749263662,4.22700000,127.84000000,4.239
1749263662,4.22600000,2529.60000000,4.239
1749263662,4.22500000,100.29000000,4.239
1749263662,4.22400000,412.74000000,4.239
1749263662,4.22300000,121.22000000,4.239
1749263662,4.22200000,2458.27000000,4.239
1749263662,4.22100000,78.87000000,4.239
1749263662,4.22000000,413.57000000,4.239
1749263662,4.21900000,2843.97000000,4.239
1749263662,4.21800000,1707.95000000,4.239
1749263662,4.21700000,229.57000000,4.239
1749263662,4.21600000,523.51000000,4.239
1749263662,4.21500000,153.89000000,4.239
1749263662,4.21400000,1228.98000000,4.239
1749263662,4.21300000,3941.37000000,4.239
1749263662,4.21200000,841.86000000,4.239
1749263662,4.21100000,49.57000000,4.239
1749263662,4.21000000,362.32000000,4.239
1749263662,4.20900000,2.38000000,4.239
1749263662,4.20800000,1353.97000000,4.239
1749263662,4.20700000,52.61000000,4.239
1749263662,4.20600000,5.56000000,4.239
1749263662,4.20500000,30.22000000,4.239
1749263662,4.20400000,31.99000000,4.239
1749263662,4.20300000,344.48000000,4.239
1749263662,4.20200000,811.11000000,4.239
1749263662,4.20100000,2664.84000000,4.239
1749263662,4.20000000,678.50000000,4.239
1749263662,4.19900000,41.01000000,4.239
1749263662,4.19800000,653.85000000,4.239
1749263662,4.19700000,646.14000000,4.239
1749263662,4.19600000,4.18000000,4.239
1749263662,4.19500000,31.56000000,4.239
1749263662,4.19400000,34.01000000,4.239
1749263662,4.19300000,159.74000000,4.239
1749263662,4.19200000,52.90000000,4.239
1749263662,4.19100000,30.21000000,4.239
1749263662,4.19000000,316.44000000,4.239
1749263662,4.18900000,30.23000000,4.239
1749263662,4.18800000,55.23000000,4.239
1749263662,4.18700000,463.26000000,4.239
1749263662,4.18600000,4.19000000,4.239
1749263662,4.18500000,662.48000000,4.239
1749263662,4.18400000,65.57000000,4.239
1749263662,4.18300000,111.64000000,4.239
1749263662,4.18200000,375.82000000,4.239
1749263662,4.18100000,1653.90000000,4.239
1749263662,4.18000000,181.73000000,4.239
1749263662,4.17900000,1700.91000000,4.239
1749263662,4.17800000,137.66000000,4.239
1749263662,4.17700000,440.91000000,4.239
1749263662,4.17600000,398.79000000,4.239
1749263662,4.17500000,4.02000000,4.239
1749263662,4.17400000,15.00000000,4.239
1749263662,4.17300000,75.66000000,4.239
1749263662,4.17200000,7.91000000,4.239
1749263662,4.17100000,10.27000000,4.239
1749263662,4.17000000,36.07000000,4.239
1749263662,4.16900000,2.36000000,4.239
1749263662,4.16800000,74.12000000,4.239
1749263662,4.16700000,3.89000000,4.239
1749263662,4.16600000,406.55000000,4.239
1749263662,4.16500000,68.95000000,4.239
1749263662,4.16400000,7.17000000,4.239
1749263662,4.16300000,118.23000000,4.239
1749263662,4.16200000,3.57000000,4.239
1749263662,4.16100000,332.03000000,4.239
1749263662,4.15800000,50.11000000,4.239
1749263662,4.15700000,405.69000000,4.239
1749263662,4.15600000,6.98000000,4.239
1749263662,4.15500000,238.41000000,4.239
1749263662,4.15400000,4.81000000,4.239
1749263662,4.15300000,204.25000000,4.239
1749263662,4.15100000,13.49000000,4.239
1749263662,4.15000000,26.42000000,4.239
1749263662,4.14800000,697.25000000,4.239
1749263662,4.14700000,2.47000000,4.239
1749263662,4.14600000,17.80000000,4.239
1749263662,4.14400000,15.66000000,4.239
1749263662,4.14300000,20.78000000,4.239
1749263662,4.14200000,7.24000000,4.239
1749263662,4.14100000,25.85000000,4.239
1749263662,4.13900000,1.41000000,4.239
1749263662,4.13800000,177.44000000,4.239
1749263662,4.13700000,11.68000000,4.239
1749263662,4.13500000,4.43000000,4.239
1749263662,4.13400000,4.43000000,4.239
1749263662,4.13300000,10.20000000,4.239
1749263963,4.23500000,233.34000000,4.235
1749263963,4.23400000,1192.01000000,4.235
1749263963,4.23300000,512.87000000,4.235
1749263963,4.23200000,1192.91000000,4.235
1749263963,4.23100000,2053.05000000,4.235
1749263963,4.23000000,4582.08000000,4.235
1749263963,4.22900000,5112.27000000,4.235
1749263963,4.22800000,2329.36000000,4.235
1749263963,4.22700000,1776.99000000,4.235
1749263963,4.22600000,2915.96000000,4.235
1749263963,4.22500000,357.23000000,4.235
1749263963,4.22400000,1090.51000000,4.235
1749263963,4.22300000,1952.00000000,4.235
1749263963,4.22200000,1550.17000000,4.235
1749263963,4.22100000,80.65000000,4.235
1749263963,4.22000000,547.49000000,4.235
1749263963,4.21900000,126.07000000,4.235
1749263963,4.21800000,2700.63000000,4.235
1749263963,4.21700000,84.10000000,4.235
1749263963,4.21600000,523.51000000,4.235
1749263963,4.21500000,145.72000000,4.235
1749263963,4.21400000,3814.35000000,4.235
1749263963,4.21300000,3941.37000000,4.235
1749263963,4.21200000,155.80000000,4.235
1749263963,4.21100000,1981.18000000,4.235
1749263963,4.21000000,556.69000000,4.235
1749263963,4.20900000,106.76000000,4.235
1749263963,4.20800000,1430.47000000,4.235
1749263963,4.20700000,80.50000000,4.235
1749263963,4.20600000,335.87000000,4.235
1749263963,4.20500000,30.27000000,4.235
1749263963,4.20400000,32.06000000,4.235
1749263963,4.20300000,674.79000000,4.235
1749263963,4.20200000,811.18000000,4.235
1749263963,4.20100000,2664.84000000,4.235
1749263963,4.20000000,10.79000000,4.235
1749263963,4.19900000,41.08000000,4.235
1749263963,4.19800000,162.24000000,4.235
1749263963,4.19700000,57.24000000,4.235
1749263963,4.19600000,4.18000000,4.235
1749263963,4.19500000,31.63000000,4.235
1749263963,4.19400000,223.32000000,4.235
1749263963,4.19300000,131.92000000,4.235
1749263963,4.19200000,1319.97000000,4.235
1749263963,4.19100000,476.38000000,4.235
1749263963,4.19000000,188.41000000,4.235
1749263963,4.18900000,650.59000000,4.235
1749263963,4.18800000,83.12000000,4.235
1749263963,4.18700000,463.26000000,4.235
1749263963,4.18600000,4.19000000,4.235
1749263963,4.18500000,662.48000000,4.235
1749263963,4.18400000,65.57000000,4.235
1749263963,4.18300000,111.64000000,4.235
1749263963,4.18200000,375.82000000,4.235
1749263963,4.18100000,431.71000000,4.235
1749263963,4.18000000,209.53000000,4.235
1749263963,4.17900000,1700.91000000,4.235
1749263963,4.17800000,137.66000000,4.235
1749263963,4.17700000,440.91000000,4.235
1749263963,4.17600000,1781.06000000,4.235
1749263963,4.17500000,4.02000000,4.235
1749263963,4.17400000,15.00000000,4.235
1749263963,4.17300000,75.66000000,4.235
1749263963,4.17200000,7.91000000,4.235
1749263963,4.17100000,10.27000000,4.235
1749263963,4.17000000,36.07000000,4.235
1749263963,4.16900000,2.36000000,4.235
1749263963,4.16800000,74.12000000,4.235
1749263963,4.16700000,3.89000000,4.235
1749263963,4.16600000,406.55000000,4.235
1749263963,4.16500000,68.95000000,4.235
1749263963,4.16400000,7.17000000,4.235
1749263963,4.16300000,120.59000000,4.235
1749263963,4.16200000,5.93000000,4.235
1749263963,4.16100000,334.39000000,4.235
1749263963,4.16000000,2.37000000,4.235
1749263963,4.15800000,50.11000000,4.235
1749263963,4.15700000,405.69000000,4.235
1749263963,4.15600000,6.98000000,4.235
1749263963,4.15500000,238.41000000,4.235
1749263963,4.15400000,4.81000000,4.235
1749263963,4.15300000,204.25000000,4.235
1749263963,4.15100000,13.49000000,4.235
1749263963,4.15000000,26.42000000,4.235
1749263963,4.14800000,697.25000000,4.235
1749263963,4.14700000,2.47000000,4.235
1749263963,4.14600000,17.80000000,4.235
1749263963,4.14400000,15.66000000,4.235
1749263963,4.14300000,20.78000000,4.235
1749263963,4.14200000,7.24000000,4.235
1749263963,4.14100000,25.85000000,4.235
1749263963,4.13900000,1.41000000,4.235
1749263963,4.13800000,177.44000000,4.235
1749263963,4.13700000,11.68000000,4.235
1749263963,4.13500000,4.43000000,4.235
1749263963,4.13400000,4.43000000,4.235
1749263963,4.13300000,10.20000000,4.235
1749263963,4.13200000,7.70000000,4.235
1749263963,4.12800000,125.92000000,4.235
1749263963,4.12600000,2.89000000,4.235
1749264265,4.22500000,78.87000000,4.226
1749264265,4.22400000,1015.26000000,4.226
1749264265,4.22300000,744.03000000,4.226
1749264265,4.22200000,1639.99000000,4.226
1749264265,4.22100000,779.59000000,4.226
1749264265,4.22000000,1609.90000000,4.226
1749264265,4.21900000,4058.88000000,4.226
1749264265,4.21800000,971.60000000,4.226
1749264265,4.21700000,771.93000000,4.226
1749264265,4.21600000,1887.39000000,4.226
1749264265,4.21500000,607.26000000,4.226
1749264265,4.21400000,3499.90000000,4.226
1749264265,4.21300000,1199.18000000,4.226
1749264265,4.21200000,195.07000000,4.226
1749264265,4.21100000,258.49000000,4.226
1749264265,4.21000000,413.79000000,4.226
1749264265,4.20900000,2749.59000000,4.226
1749264265,4.20800000,1104.27000000,4.226
1749264265,4.20700000,129.11000000,4.226
1749264265,4.20600000,4197.21000000,4.226
1749264265,4.20500000,22.09000000,4.226
1749264265,4.20400000,80.67000000,4.226
1749264265,4.20300000,602.36000000,4.226
1749264265,4.20200000,1205.87000000,4.226
1749264265,4.20100000,78.89000000,4.226
1749264265,4.20000000,10.79000000,4.226
1749264265,4.19900000,420.00000000,4.226
1749264265,4.19800000,6.48000000,4.226
1749264265,4.19700000,1256.59000000,4.226
1749264265,4.19600000,4.18000000,4.226
1749264265,4.19500000,816.59000000,4.226
1749264265,4.19400000,195.43000000,4.226
1749264265,4.19300000,2.39000000,4.226
1749264265,4.19200000,1025.92000000,4.226
1749264265,4.19100000,2980.95000000,4.226
1749264265,4.19000000,188.41000000,4.226
1749264265,4.18900000,33.10000000,4.226
1749264265,4.18800000,55.23000000,4.226
1749264265,4.18700000,1371.73000000,4.226
1749264265,4.18600000,4.19000000,4.226
1749264265,4.18500000,594.36000000,4.226
1749264265,4.18400000,65.57000000,4.226
1749264265,4.18300000,8.71000000,4.226
1749264265,4.18200000,1096.69000000,4.226
1749264265,4.18100000,431.71000000,4.226
1749264265,4.18000000,209.53000000,4.226
1749264265,4.17900000,1700.91000000,4.226
1749264265,4.17800000,137.66000000,4.226
1749264265,4.17700000,14.29000000,4.226
1749264265,4.17600000,209.97000000,4.226
1749264265,4.17500000,4.02000000,4.226
1749264265,4.17400000,15.00000000,4.226
1749264265,4.17300000,206.20000000,4.226
1749264265,4.17200000,769.34000000,4.226
1749264265,4.17100000,10.27000000,4.226
1749264265,4.17000000,36.07000000,4.226
1749264265,4.16900000,2.36000000,4.226
1749264265,4.16800000,74.12000000,4.226
1749264265,4.16700000,1229.86000000,4.226
1749264265,4.16600000,8.34000000,4.226
1749264265,4.16500000,68.95000000,4.226
1749264265,4.16400000,435.12000000,4.226
1749264265,4.16300000,466.19000000,4.226
1749264265,4.16200000,5.93000000,4.226
1749264265,4.16100000,334.39000000,4.226
1749264265,4.16000000,2.37000000,4.226
1749264265,4.15900000,2.37000000,4.226
1749264265,4.15800000,52.48000000,4.226
1749264265,4.15700000,807.14000000,4.226
1749264265,4.15600000,9.35000000,4.226
1749264265,4.15500000,240.78000000,4.226
1749264265,4.15400000,7.18000000,4.226
1749264265,4.15300000,206.62000000,4.226
1749264265,4.15200000,2.37000000,4.226
1749264265,4.15100000,15.86000000,4.226
1749264265,4.15000000,28.79000000,4.226
1749264265,4.14800000,697.25000000,4.226
1749264265,4.14700000,2.47000000,4.226
1749264265,4.14600000,17.80000000,4.226
1749264265,4.14400000,15.66000000,4.226
1749264265,4.14300000,20.78000000,4.226
1749264265,4.14200000,7.24000000,4.226
1749264265,4.14100000,25.85000000,4.226
1749264265,4.13900000,1.41000000,4.226
1749264265,4.13800000,177.44000000,4.226
1749264265,4.13700000,11.68000000,4.226
1749264265,4.13500000,4.43000000,4.226
1749264265,4.13400000,4.43000000,4.226
1749264265,4.13300000,10.20000000,4.226
1749264265,4.13200000,7.70000000,4.226
1749264265,4.12800000,125.92000000,4.226
1749264265,4.12500000,40.24000000,4.226
1749264265,4.12400000,6.23000000,4.226
1749264265,4.12200000,28.21000000,4.226
1749264265,4.12100000,1.39000000,4.226
1749264265,4.12000000,118.09000000,4.226
1749264265,4.11900000,3.17000000,4.226
1749264265,4.11800000,1.77000000,4.226
1749264265,4.11700000,9.33000000,4.226
1749264265,4.11600000,691.70000000,4.226
1749264566,4.23200000,147.86000000,4.233
1749264566,4.23100000,1285.08000000,4.233
1749264566,4.23000000,1127.68000000,4.233
1749264566,4.22900000,1772.50000000,4.233
1749264566,4.22800000,2108.79000000,4.233
1749264566,4.22700000,953.01000000,4.233
1749264566,4.22600000,877.86000000,4.233
1749264566,4.22500000,561.92000000,4.233
1749264566,4.22400000,1682.45000000,4.233
1749264566,4.22300000,3980.94000000,4.233
1749264566,4.22200000,1592.90000000,4.233
1749264566,4.22100000,1114.84000000,4.233
1749264566,4.22000000,432.46000000,4.233
1749264566,4.21900000,194.99000000,4.233
1749264566,4.21800000,655.10000000,4.233
1749264566,4.21700000,1631.21000000,4.233
1749264566,4.21600000,2287.46000000,4.233
1749264566,4.21500000,2194.87000000,4.233
1749264566,4.21400000,498.50000000,4.233
1749264566,4.21300000,521.41000000,4.233
1749264566,4.21200000,80.66000000,4.233
1749264566,4.21100000,253.66000000,4.233
1749264566,4.21000000,584.61000000,4.233
1749264566,4.20900000,2749.59000000,4.233
1749264566,4.20800000,1532.94000000,4.233
1749264566,4.20700000,157.02000000,4.233
1749264566,4.20600000,3732.57000000,4.233
1749264566,4.20500000,106.78000000,4.233
1749264566,4.20400000,108.58000000,4.233
1749264566,4.20300000,379.88000000,4.233
1749264566,4.20200000,33.71000000,4.233
1749264566,4.20100000,2.39000000,4.233
1749264566,4.20000000,833.69000000,4.233
1749264566,4.19900000,343.50000000,4.233
1749264566,4.19800000,34.38000000,4.233
1749264566,4.19700000,1180.09000000,4.233
1749264566,4.19600000,32.08000000,4.233
1749264566,4.19500000,3.74000000,4.233
1749264566,4.19400000,179.40000000,4.233
1749264566,4.19300000,2.39000000,4.233
1749264566,4.19200000,1038.83000000,4.233
1749264566,4.19100000,2980.95000000,4.233
1749264566,4.19000000,188.41000000,4.233
1749264566,4.18900000,61.00000000,4.233
1749264566,4.18800000,1263.87000000,4.233
1749264566,4.18700000,975.51000000,4.233
1749264566,4.18600000,32.09000000,4.233
1749264566,4.18500000,3.78000000,4.233
1749264566,4.18400000,53.13000000,4.233
1749264566,4.18300000,24.79000000,4.233
1749264566,4.18200000,505.69000000,4.233
1749264566,4.18100000,431.71000000,4.233
1749264566,4.18000000,209.53000000,4.233
1749264566,4.17900000,1700.91000000,4.233
1749264566,4.17800000,5.83000000,4.233
1749264566,4.17700000,411.46000000,4.233
1749264566,4.17600000,209.97000000,4.233
1749264566,4.17500000,4.02000000,4.233
1749264566,4.17400000,1239.14000000,4.233
1749264566,4.17300000,88.13000000,4.233
1749264566,4.17200000,769.34000000,4.233
1749264566,4.17100000,140.86000000,4.233
1749264566,4.17000000,168.16000000,4.233
1749264566,4.16900000,2.36000000,4.233
1749264566,4.16800000,74.12000000,4.233
1749264566,4.16700000,3.89000000,4.233
1749264566,4.16600000,8.34000000,4.233
1749264566,4.16500000,68.95000000,4.233
1749264566,4.16400000,435.12000000,4.233
1749264566,4.16300000,466.19000000,4.233
1749264566,4.16200000,5.93000000,4.233
1749264566,4.16100000,334.39000000,4.233
1749264566,4.16000000,2.37000000,4.233
1749264566,4.15900000,401.25000000,4.233
1749264566,4.15800000,52.48000000,4.233
1749264566,4.15700000,408.06000000,4.233
1749264566,4.15600000,6.98000000,4.233
1749264566,4.15500000,238.41000000,4.233
1749264566,4.15400000,4.81000000,4.233
1749264566,4.15300000,204.25000000,4.233
1749264566,4.15100000,13.49000000,4.233
1749264566,4.15000000,26.42000000,4.233
1749264566,4.14800000,697.25000000,4.233
1749264566,4.14700000,2.47000000,4.233
1749264566,4.14600000,17.80000000,4.233
1749264566,4.14400000,15.66000000,4.233
1749264566,4.14300000,20.78000000,4.233
1749264566,4.14200000,7.24000000,4.233
1749264566,4.14100000,25.85000000,4.233
1749264566,4.13900000,1.41000000,4.233
1749264566,4.13800000,177.44000000,4.233
1749264566,4.13700000,11.68000000,4.233
1749264566,4.13500000,4.43000000,4.233
1749264566,4.13400000,4.43000000,4.233
1749264566,4.13300000,10.20000000,4.233
1749264566,4.13200000,7.70000000,4.233
1749264566,4.12800000,125.92000000,4.233
1749264566,4.12500000,40.24000000,4.233
1749264566,4.12400000,6.23000000,4.233
1749264566,4.12200000,28.21000000,4.233
1749264868,4.24400000,391.17000000,4.245
1749264868,4.24300000,1190.37000000,4.245
1749264868,4.24200000,416.14000000,4.245
1749264868,4.24100000,1389.12000000,4.245
1749264868,4.24000000,2388.62000000,4.245
1749264868,4.23900000,2250.89000000,4.245
1749264868,4.23800000,1634.73000000,4.245
1749264868,4.23700000,1722.53000000,4.245
1749264868,4.23600000,6548.99000000,4.245
1749264868,4.23500000,1611.88000000,4.245
1749264868,4.23400000,710.78000000,4.245
1749264868,4.23300000,159.13000000,4.245
1749264868,4.23200000,988.84000000,4.245
1749264868,4.23100000,127.84000000,4.245
1749264868,4.23000000,617.64000000,4.245
1749264868,4.22900000,1024.64000000,4.245
1749264868,4.22800000,1078.69000000,4.245
1749264868,4.22700000,1048.47000000,4.245
1749264868,4.22600000,902.59000000,4.245
1749264868,4.22500000,83.33000000,4.245
1749264868,4.22400000,524.66000000,4.245
1749264868,4.22300000,483.51000000,4.245
1749264868,4.22200000,410.96000000,4.245
1749264868,4.22100000,125.97000000,4.245
1749264868,4.22000000,2902.08000000,4.245
1749264868,4.21900000,2173.38000000,4.245
1749264868,4.21800000,752.88000000,4.245
1749264868,4.21700000,229.62000000,4.245
1749264868,4.21600000,450.12000000,4.245
1749264868,4.21500000,2720.28000000,4.245
1749264868,4.21400000,4.16000000,4.245
1749264868,4.21300000,640.39000000,4.245
1749264868,4.21200000,4.16000000,4.245
1749264868,4.21100000,783.13000000,4.245
1749264868,4.21000000,334.48000000,4.245
1749264868,4.20900000,2.38000000,4.245
1749264868,4.20800000,334.48000000,4.245
1749264868,4.20700000,1189.67000000,4.245
1749264868,4.20600000,3325.76000000,4.245
1749264868,4.20500000,2.38000000,4.245
1749264868,4.20400000,4.17000000,4.245
1749264868,4.20300000,49.57000000,4.245
1749264868,4.20200000,1098.57000000,4.245
1749264868,4.20100000,186.13000000,4.245
1749264868,4.20000000,1339.88000000,4.245
1749264868,4.19900000,13.19000000,4.245
1749264868,4.19800000,782.37000000,4.245
1749264868,4.19700000,57.24000000,4.245
1749264868,4.19600000,4.18000000,4.245
1749264868,4.19500000,3.74000000,4.245
1749264868,4.19400000,179.40000000,4.245
1749264868,4.19300000,131.92000000,4.245
1749264868,4.19200000,448.64000000,4.245
1749264868,4.19100000,2664.84000000,4.245
1749264868,4.19000000,4.18000000,4.245
1749264868,4.18900000,33.10000000,4.245
1749264868,4.18800000,55.23000000,4.245
1749264868,4.18700000,7.63000000,4.245
1749264868,4.18600000,4.19000000,4.245
1749264868,4.18500000,1579.45000000,4.245
1749264868,4.18400000,65.57000000,4.245
1749264868,4.18300000,127.72000000,4.245
1749264868,4.18200000,506.07000000,4.245
1749264868,4.18100000,563.46000000,4.245
1749264868,4.18000000,209.53000000,4.245
1749264868,4.17900000,2005.20000000,4.245
1749264868,4.17800000,5.83000000,4.245
1749264868,4.17700000,440.91000000,4.245
1749264868,4.17600000,51.39000000,4.245
1749264868,4.17500000,4.02000000,4.245
1749264868,4.17400000,15.00000000,4.245
1749264868,4.17300000,75.66000000,4.245
1749264868,4.17200000,405.55000000,4.245
1749264868,4.17100000,10.27000000,4.245
1749264868,4.17000000,383.98000000,4.245
1749264868,4.16900000,2.36000000,4.245
1749264868,4.16800000,71.76000000,4.245
1749264868,4.16700000,399.65000000,4.245
1749264868,4.16600000,5.98000000,4.245
1749264868,4.16500000,66.59000000,4.245
1749264868,4.16400000,4.81000000,4.245
1749264868,4.16300000,118.23000000,4.245
1749264868,4.16200000,1.77000000,4.245
1749264868,4.16100000,332.03000000,4.245
1749264868,4.15900000,7.21000000,4.245
1749264868,4.15800000,50.11000000,4.245
1749264868,4.15700000,6.61000000,4.245
1749264868,4.15600000,6.98000000,4.245
1749264868,4.15500000,2.98000000,4.245
1749264868,4.15400000,4.81000000,4.245
1749264868,4.15300000,204.25000000,4.245
1749264868,4.15100000,13.49000000,4.245
1749264868,4.15000000,26.42000000,4.245
1749264868,4.14900000,235.77000000,4.245
1749264868,4.14800000,697.25000000,4.245
1749264868,4.14700000,2.47000000,4.245
1749264868,4.14600000,17.80000000,4.245
1749264868,4.14400000,15.66000000,4.245
1749264868,4.14300000,20.78000000,4.245
1749264868,4.14100000,25.85000000,4.245
1749265171,4.24400000,73.30000000,4.245
1749265171,4.24300000,1897.64000000,4.245
1749265171,4.24200000,2290.70000000,4.245
1749265171,4.24100000,2030.35000000,4.245
1749265171,4.24000000,1570.04000000,4.245
1749265171,4.23900000,1839.64000000,4.245
1749265171,4.23800000,3357.22000000,4.245
1749265171,4.23700000,4462.43000000,4.245
1749265171,4.23600000,511.76000000,4.245
1749265171,4.23500000,844.09000000,4.245
1749265171,4.23400000,412.74000000,4.245
1749265171,4.23300000,1216.13000000,4.245
1749265171,4.23200000,412.74000000,4.245
1749265171,4.23100000,195.10000000,4.245
1749265171,4.23000000,1804.24000000,4.245
1749265171,4.22900000,899.97000000,4.245
1749265171,4.22800000,727.11000000,4.245
1749265171,4.22700000,3576.23000000,4.245
1749265171,4.22600000,80.65000000,4.245
1749265171,4.22500000,182.48000000,4.245
1749265171,4.22400000,668.26000000,4.245
1749265171,4.22300000,147.23000000,4.245
1749265171,4.22200000,438.73000000,4.245
1749265171,4.22100000,2749.58000000,4.245
1749265171,4.22000000,410.96000000,4.245
1749265171,4.21900000,1272.69000000,4.245
1749265171,4.21800000,438.74000000,4.245
1749265171,4.21700000,1095.06000000,4.245
1749265171,4.21600000,334.47000000,4.245
1749265171,4.21500000,810.20000000,4.245
1749265171,4.21400000,3324.36000000,4.245
1749265171,4.21300000,346.18000000,4.245
1749265171,4.21200000,31.93000000,4.245
1749265171,4.21100000,49.57000000,4.245
1749265171,4.21000000,4.17000000,4.245
1749265171,4.20900000,129.92000000,4.245
1749265171,4.20800000,31.94000000,4.245
1749265171,4.20700000,52.61000000,4.245
1749265171,4.20600000,7.17000000,4.245
1749265171,4.20500000,2692.60000000,4.245
1749265171,4.20400000,1325.40000000,4.245
1749265171,4.20300000,77.34000000,4.245
1749265171,4.20200000,1098.57000000,4.245
1749265171,4.20100000,903.85000000,4.245
1749265171,4.20000000,751.25000000,4.245
1749265171,4.19900000,40.96000000,4.245
1749265171,4.19800000,96.38000000,4.245
1749265171,4.19700000,438.83000000,4.245
1749265171,4.19600000,4.18000000,4.245
1749265171,4.19500000,31.52000000,4.245
1749265171,4.19400000,282.06000000,4.245
1749265171,4.19300000,132.29000000,4.245
1749265171,4.19200000,264.12000000,4.245
1749265171,4.19100000,160.12000000,4.245
1749265171,4.19000000,227.16000000,4.245
1749265171,4.18900000,2.39000000,4.245
1749265171,4.18800000,55.23000000,4.245
1749265171,4.18700000,7.63000000,4.245
1749265171,4.18600000,4.19000000,4.245
1749265171,4.18500000,1737.39000000,4.245
1749265171,4.18400000,65.57000000,4.245
1749265171,4.18300000,509.30000000,4.245
1749265171,4.18200000,20.73000000,4.245
1749265171,4.18100000,673.81000000,4.245
1749265171,4.18000000,51.39000000,4.245
1749265171,4.17900000,1700.91000000,4.245
1749265171,4.17800000,5.83000000,4.245
1749265171,4.17700000,440.91000000,4.245
1749265171,4.17600000,4.20000000,4.245
1749265171,4.17500000,6.86000000,4.245
1749265171,4.17400000,15.00000000,4.245
1749265171,4.17300000,75.66000000,4.245
1749265171,4.17200000,7.87000000,4.245
1749265171,4.17100000,10.27000000,4.245
1749265171,4.17000000,36.07000000,4.245
1749265171,4.16900000,2.36000000,4.245
1749265171,4.16800000,71.76000000,4.245
1749265171,4.16700000,399.65000000,4.245
1749265171,4.16600000,4.18000000,4.245
1749265171,4.16500000,66.59000000,4.245
1749265171,4.16400000,3.01000000,4.245
1749265171,4.16300000,118.23000000,4.245
1749265171,4.16200000,1.77000000,4.245
1749265171,4.16100000,332.03000000,4.245
1749265171,4.16000000,187.17000000,4.245
1749265171,4.15900000,7.21000000,4.245
1749265171,4.15800000,50.11000000,4.245
1749265171,4.15700000,6.61000000,4.245
1749265171,4.15600000,6.98000000,4.245
1749265171,4.15500000,2.98000000,4.245
1749265171,4.15400000,4.81000000,4.245
1749265171,4.15300000,204.25000000,4.245
1749265171,4.15100000,13.49000000,4.245
1749265171,4.15000000,44.49000000,4.245
1749265171,4.14900000,48.12000000,4.245
1749265171,4.14800000,697.25000000,4.245
1749265171,4.14700000,2.47000000,4.245
1749265171,4.14600000,17.80000000,4.245
1749265171,4.14400000,15.66000000,4.245
1749265171,4.14300000,20.78000000,4.245
1749265473,4.25100000,392.12000000,4.251
1749265473,4.25000000,512.10000000,4.251
1749265473,4.24900000,1043.16000000,4.251
1749265473,4.24800000,2497.04000000,4.251
1749265473,4.24700000,2039.00000000,4.251
1749265473,4.24600000,1295.67000000,4.251
1749265473,4.24500000,1547.90000000,4.251
1749265473,4.24400000,2403.77000000,4.251
1749265473,4.24300000,2049.34000000,4.251
1749265473,4.24200000,3566.30000000,4.251
1749265473,4.24100000,1363.55000000,4.251
1749265473,4.24000000,229.81000000,4.251
1749265473,4.23900000,915.36000000,4.251
1749265473,4.23800000,149.44000000,4.251
1749265473,4.23700000,533.79000000,4.251
1749265473,4.23600000,760.18000000,4.251
1749265473,4.23500000,857.18000000,4.251
1749265473,4.23400000,412.74000000,4.251
1749265473,4.23300000,80.65000000,4.251
1749265473,4.23200000,777.48000000,4.251
1749265473,4.23100000,363.56000000,4.251
1749265473,4.23000000,1832.06000000,4.251
1749265473,4.22900000,2598.15000000,4.251
1749265473,4.22800000,127.68000000,4.251
1749265473,4.22700000,1377.51000000,4.251
1749265473,4.22600000,80.65000000,4.251
1749265473,4.22500000,1248.60000000,4.251
1749265473,4.22400000,602.58000000,4.251
1749265473,4.22300000,49.56000000,4.251
1749265473,4.22200000,334.46000000,4.251
1749265473,4.22100000,2673.08000000,4.251
1749265473,4.22000000,334.46000000,4.251
1749265473,4.21900000,781.74000000,4.251
1749265473,4.21800000,339.71000000,4.251
1749265473,4.21700000,1095.06000000,4.251
1749265473,4.21600000,5.69000000,4.251
1749265473,4.21500000,49.57000000,4.251
1749265473,4.21400000,3618.50000000,4.251
1749265473,4.21300000,15.87000000,4.251
1749265473,4.21200000,128.54000000,4.251
1749265473,4.21100000,49.57000000,4.251
1749265473,4.21000000,4.17000000,4.251
1749265473,4.20900000,129.92000000,4.251
1749265473,4.20800000,665.98000000,4.251
1749265473,4.20700000,52.61000000,4.251
1749265473,4.20600000,7.17000000,4.251
1749265473,4.20500000,2664.83000000,4.251
1749265473,4.20400000,149.39000000,4.251
1749265473,4.20300000,49.57000000,4.251
1749265473,4.20200000,1098.57000000,4.251
1749265473,4.20100000,456.32000000,4.251
1749265473,4.20000000,73.73000000,4.251
1749265473,4.19900000,13.19000000,4.251
1749265473,4.19800000,96.38000000,4.251
1749265473,4.19700000,411.06000000,4.251
1749265473,4.19600000,4.18000000,4.251
1749265473,4.19500000,16.15000000,4.251
1749265473,4.19400000,545.53000000,4.251
1749265473,4.19300000,132.29000000,4.251
1749265473,4.19200000,1403.47000000,4.251
1749265473,4.19100000,160.12000000,4.251
1749265473,4.19000000,4.18000000,4.251
1749265473,4.18900000,2.39000000,4.251
1749265473,4.18800000,135.12000000,4.251
1749265473,4.18700000,7.63000000,4.251
1749265473,4.18600000,400.50000000,4.251
1749265473,4.18500000,740.15000000,4.251
1749265473,4.18400000,133.77000000,4.251
1749265473,4.18300000,8.71000000,4.251
1749265473,4.18200000,20.73000000,4.251
1749265473,4.18100000,5.50000000,4.251
1749265473,4.18000000,4.20000000,4.251
1749265473,4.17900000,1700.91000000,4.251
1749265473,4.17800000,5.83000000,4.251
1749265473,4.17700000,440.91000000,4.251
1749265473,4.17600000,668.03000000,4.251
1749265473,4.17500000,4.46000000,4.251
1749265473,4.17400000,12.60000000,4.251
1749265473,4.17300000,73.26000000,4.251
1749265473,4.17200000,5.51000000,4.251
1749265473,4.17100000,7.91000000,4.251
1749265473,4.17000000,31.91000000,4.251
1749265473,4.16800000,69.96000000,4.251
1749265473,4.16700000,1.53000000,4.251
1749265473,4.16600000,4.18000000,4.251
1749265473,4.16500000,66.59000000,4.251
1749265473,4.16400000,3.01000000,4.251
1749265473,4.16300000,118.23000000,4.251
1749265473,4.16200000,1.77000000,4.251
1749265473,4.16100000,332.03000000,4.251
1749265473,4.15900000,7.21000000,4.251
1749265473,4.15800000,50.11000000,4.251
1749265473,4.15700000,6.61000000,4.251
1749265473,4.15600000,6.98000000,4.251
1749265473,4.15500000,175.95000000,4.251
1749265473,4.15400000,67.29000000,4.251
1749265473,4.15300000,204.25000000,4.251
1749265473,4.15100000,13.49000000,4.251
1749265473,4.15000000,44.49000000,4.251
1749265473,4.14800000,697.25000000,4.251
1749265774,4.25100000,214.35000000,4.252
1749265774,4.25000000,1255.55000000,4.252
1749265774,4.24900000,1277.76000000,4.252
1749265774,4.24800000,1823.61000000,4.252
1749265774,4.24700000,721.90000000,4.252
1749265774,4.24600000,633.88000000,4.252
1749265774,4.24500000,1079.30000000,4.252
1749265774,4.24400000,970.32000000,4.252
1749265774,4.24300000,1193.27000000,4.252
1749265774,4.24200000,617.89000000,4.252
1749265774,4.24100000,1008.59000000,4.252
1749265774,4.24000000,779.78000000,4.252
1749265774,4.23900000,525.17000000,4.252
1749265774,4.23800000,82.40000000,4.252
1749265774,4.23700000,3951.18000000,4.252
1749265774,4.23600000,1454.34000000,4.252
1749265774,4.23500000,147.45000000,4.252
1749265774,4.23400000,542.68000000,4.252
1749265774,4.23300000,2812.10000000,4.252
1749265774,4.23200000,968.78000000,4.252
1749265774,4.23100000,366.60000000,4.252
1749265774,4.23000000,461.52000000,4.252
1749265774,4.22900000,1667.49000000,4.252
1749265774,4.22800000,108.41000000,4.252
1749265774,4.22700000,3242.43000000,4.252
1749265774,4.22600000,31.91000000,4.252
1749265774,4.22500000,130.67000000,4.252
1749265774,4.22400000,533.68000000,4.252
1749265774,4.22300000,77.32000000,4.252
1749265774,4.22200000,3976.01000000,4.252
1749265774,4.22100000,2.37000000,4.252
1749265774,4.22000000,4.15000000,4.252
1749265774,4.21900000,77.33000000,4.252
1749265774,4.21800000,769.50000000,4.252
1749265774,4.21700000,1095.06000000,4.252
1749265774,4.21600000,33.45000000,4.252
1749265774,4.21500000,49.57000000,4.252
1749265774,4.21400000,4.16000000,4.252
1749265774,4.21300000,49.93000000,4.252
1749265774,4.21200000,128.54000000,4.252
1749265774,4.21100000,49.57000000,4.252
1749265774,4.21000000,31.93000000,4.252
1749265774,4.20900000,189.02000000,4.252
1749265774,4.20800000,1281.27000000,4.252
1749265774,4.20700000,801.07000000,4.252
1749265774,4.20600000,7.17000000,4.252
1749265774,4.20500000,2692.57000000,4.252
1749265774,4.20400000,149.39000000,4.252
1749265774,4.20300000,49.57000000,4.252
1749265774,4.20200000,1098.57000000,4.252
1749265774,4.20100000,456.32000000,4.252
1749265774,4.20000000,239.72000000,4.252
1749265774,4.19900000,587.52000000,4.252
1749265774,4.19800000,116.83000000,4.252
1749265774,4.19700000,411.06000000,4.252
1749265774,4.19600000,4.18000000,4.252
1749265774,4.19500000,16.15000000,4.252
1749265774,4.19400000,545.53000000,4.252
1749265774,4.19300000,1350.51000000,4.252
1749265774,4.19200000,184.30000000,4.252
1749265774,4.19100000,160.12000000,4.252
1749265774,4.19000000,429.47000000,4.252
1749265774,4.18900000,265.99000000,4.252
1749265774,4.18800000,135.12000000,4.252
1749265774,4.18700000,7.63000000,4.252
1749265774,4.18600000,400.50000000,4.252
1749265774,4.18500000,162.07000000,4.252
1749265774,4.18400000,5.94000000,4.252
1749265774,4.18300000,2.40000000,4.252
1749265774,4.18200000,20.73000000,4.252
1749265774,4.18100000,5.50000000,4.252
1749265774,4.18000000,4.20000000,4.252
1749265774,4.17900000,1700.86000000,4.252
1749265774,4.17800000,5.79000000,4.252
1749265774,4.17700000,14.25000000,4.252
1749265774,4.17600000,401.42000000,4.252
1749265774,4.17500000,4.46000000,4.252
1749265774,4.17400000,12.60000000,4.252
1749265774,4.17300000,73.26000000,4.252
1749265774,4.17200000,3.71000000,4.252
1749265774,4.17100000,7.91000000,4.252
1749265774,4.17000000,31.91000000,4.252
1749265774,4.16800000,69.96000000,4.252
1749265774,4.16700000,1.53000000,4.252
1749265774,4.16600000,4.18000000,4.252
1749265774,4.16500000,66.59000000,4.252
1749265774,4.16400000,3.01000000,4.252
1749265774,4.16300000,118.23000000,4.252
1749265774,4.16200000,1.77000000,4.252
1749265774,4.16100000,332.03000000,4.252
1749265774,4.15900000,7.21000000,4.252
1749265774,4.15800000,50.11000000,4.252
1749265774,4.15700000,6.61000000,4.252
1749265774,4.15600000,6.98000000,4.252
1749265774,4.15500000,175.95000000,4.252
1749265774,4.15400000,67.29000000,4.252
1749265774,4.15300000,204.25000000,4.252
1749265774,4.15100000,13.49000000,4.252
1749265774,4.15000000,242.08000000,4.252
1749265774,4.14800000,697.25000000,4.252
1749266076,4.26300000,1648.73000000,4.264
1749266076,4.26200000,386.40000000,4.264
1749266076,4.26100000,615.35000000,4.264
1749266076,4.26000000,1747.09000000,4.264
1749266076,4.25900000,2537.15000000,4.264
1749266076,4.25800000,2458.83000000,4.264
1749266076,4.25700000,1319.25000000,4.264
1749266076,4.25600000,1751.35000000,4.264
1749266076,4.25500000,4885.58000000,4.264
1749266076,4.25400000,1469.59000000,4.264
1749266076,4.25300000,639.99000000,4.264
1749266076,4.25200000,716.12000000,4.264
1749266076,4.25100000,410.94000000,4.264
1749266076,4.25000000,173.19000000,4.264
1749266076,4.24900000,1088.71000000,4.264
1749266076,4.24800000,1257.18000000,4.264
1749266076,4.24700000,1055.78000000,4.264
1749266076,4.24600000,264.08000000,4.264
1749266076,4.24500000,1245.56000000,4.264
1749266076,4.24400000,82.40000000,4.264
1749266076,4.24300000,1961.50000000,4.264
1749266076,4.24200000,810.84000000,4.264
1749266076,4.24100000,2456.48000000,4.264
1749266076,4.24000000,225.68000000,4.264
1749266076,4.23900000,3177.08000000,4.264
1749266076,4.23800000,200.90000000,4.264
1749266076,4.23700000,1572.31000000,4.264
1749266076,4.23600000,89.97000000,4.264
1749266076,4.23500000,237.69000000,4.264
1749266076,4.23400000,410.96000000,4.264
1749266076,4.23300000,732.11000000,4.264
1749266076,4.23200000,334.46000000,4.264
1749266076,4.23100000,290.10000000,4.264
1749266076,4.23000000,3325.74000000,4.264
1749266076,4.22900000,2.37000000,4.264
1749266076,4.22800000,4.15000000,4.264
1749266076,4.22700000,1364.12000000,4.264
1749266076,4.22600000,4.15000000,4.264
1749266076,4.22500000,4.00000000,4.264
1749266076,4.22400000,14.95000000,4.264
1749266076,4.22300000,176.04000000,4.264
1749266076,4.22200000,5.86000000,4.264
1749266076,4.22100000,7.14000000,4.264
1749266076,4.22000000,425.09000000,4.264
1749266076,4.21900000,2712.02000000,4.264
1749266076,4.21800000,9.40000000,4.264
1749266076,4.21700000,782.31000000,4.264
1749266076,4.21600000,1069.09000000,4.264
1749266076,4.21500000,178.43000000,4.264
1749266076,4.21400000,4.16000000,4.264
1749266076,4.21300000,22.17000000,4.264
1749266076,4.21200000,415.60000000,4.264
1749266076,4.21100000,49.57000000,4.264
1749266076,4.21000000,4.17000000,4.264
1749266076,4.20900000,61.48000000,4.264
1749266076,4.20800000,427.64000000,4.264
1749266076,4.20700000,84.96000000,4.264
1749266076,4.20600000,19.55000000,4.264
1749266076,4.20500000,104.77000000,4.264
1749266076,4.20400000,1365.08000000,4.264
1749266076,4.20300000,180.63000000,4.264
1749266076,4.20200000,5.81000000,4.264
1749266076,4.20100000,2.39000000,4.264
1749266076,4.20000000,180.20000000,4.264
1749266076,4.19900000,587.52000000,4.264
1749266076,4.19800000,481.36000000,4.264
1749266076,4.19700000,57.24000000,4.264
1749266076,4.19600000,4.18000000,4.264
1749266076,4.19500000,3.74000000,4.264
1749266076,4.19400000,17.98000000,4.264
1749266076,4.19300000,2.39000000,4.264
1749266076,4.19200000,5.71000000,4.264
1749266076,4.19100000,2.39000000,4.264
1749266076,4.19000000,429.47000000,4.264
1749266076,4.18900000,265.99000000,4.264
1749266076,4.18800000,96.06000000,4.264
1749266076,4.18700000,5.24000000,4.264
1749266076,4.18600000,1.80000000,4.264
1749266076,4.18500000,397.80000000,4.264
1749266076,4.18400000,3.55000000,4.264
1749266076,4.18200000,18.33000000,4.264
1749266076,4.18100000,3.10000000,4.264
1749266076,4.17900000,1698.51000000,4.264
1749266076,4.17800000,1.63000000,4.264
1749266076,4.17700000,11.89000000,4.264
1749266076,4.17500000,11.64000000,4.264
1749266076,4.17400000,10.80000000,4.264
1749266076,4.17300000,244.06000000,4.264
1749266076,4.17200000,65.40000000,4.264
1749266076,4.17100000,211.28000000,4.264
1749266076,4.17000000,31.91000000,4.264
1749266076,4.16800000,69.96000000,4.264
1749266076,4.16700000,1.53000000,4.264
1749266076,4.16600000,4.18000000,4.264
1749266076,4.16500000,66.59000000,4.264
1749266076,4.16400000,3.01000000,4.264
1749266076,4.16300000,118.23000000,4.264
1749266076,4.16200000,1.77000000,4.264
1749266076,4.16100000,332.03000000,4.264
1749266076,4.15800000,50.11000000,4.264
1749266377,4.25400000,704.58000000,4.257
1749266377,4.25300000,1856.65000000,4.257
1749266377,4.25200000,753.59000000,4.257
1749266377,4.25100000,723.72000000,4.257
1749266377,4.25000000,657.16000000,4.257
1749266377,4.24900000,1013.82000000,4.257
1749266377,4.24800000,2347.19000000,4.257
1749266377,4.24700000,1633.74000000,4.257
1749266377,4.24600000,2195.72000000,4.257
1749266377,4.24500000,1625.46000000,4.257
1749266377,4.24400000,218.63000000,4.257
1749266377,4.24300000,912.91000000,4.257
1749266377,4.24200000,3663.56000000,4.257
1749266377,4.24100000,2523.36000000,4.257
1749266377,4.24000000,2902.43000000,4.257
1749266377,4.23900000,506.37000000,4.257
1749266377,4.23800000,4205.58000000,4.257
1749266377,4.23700000,829.04000000,4.257
1749266377,4.23600000,89.97000000,4.257
1749266377,4.23500000,237.69000000,4.257
1749266377,4.23400000,410.96000000,4.257
1749266377,4.23300000,254.28000000,4.257
1749266377,4.23200000,80.65000000,4.257
1749266377,4.23100000,394.25000000,4.257
1749266377,4.23000000,5.54000000,4.257
1749266377,4.22900000,1222.23000000,4.257
1749266377,4.22800000,31.80000000,4.257
1749266377,4.22700000,1440.62000000,4.257
1749266377,4.22600000,4.15000000,4.257
1749266377,4.22500000,47.62000000,4.257
1749266377,4.22400000,42.67000000,4.257
1749266377,4.22300000,51.98000000,4.257
1749266377,4.22200000,769.21000000,4.257
1749266377,4.22100000,359.73000000,4.257
1749266377,4.22000000,473.03000000,4.257
1749266377,4.21900000,2712.02000000,4.257
1749266377,4.21800000,9.40000000,4.257
1749266377,4.21700000,883.22000000,4.257
1749266377,4.21600000,432.37000000,4.257
1749266377,4.21500000,1029.29000000,4.257
1749266377,4.21400000,60.94000000,4.257
1749266377,4.21300000,49.84000000,4.257
1749266377,4.21200000,567.66000000,4.257
1749266377,4.21100000,49.57000000,4.257
1749266377,4.21000000,4.17000000,4.257
1749266377,4.20900000,2.38000000,4.257
1749266377,4.20800000,427.64000000,4.257
1749266377,4.20700000,82.08000000,4.257
1749266377,4.20600000,19.55000000,4.257
1749266377,4.20500000,104.77000000,4.257
1749266377,4.20400000,133.73000000,4.257
1749266377,4.20300000,337.91000000,4.257
1749266377,4.20200000,2171.93000000,4.257
1749266377,4.20100000,82.04000000,4.257
1749266377,4.20000000,180.20000000,4.257
1749266377,4.19900000,669.73000000,4.257
1749266377,4.19800000,6.48000000,4.257
1749266377,4.19700000,10.05000000,4.257
1749266377,4.19600000,1224.39000000,4.257
1749266377,4.19500000,161.65000000,4.257
1749266377,4.19400000,17.98000000,4.257
1749266377,4.19300000,2.39000000,4.257
1749266377,4.19200000,5.71000000,4.257
1749266377,4.19100000,2.35000000,4.257
1749266377,4.19000000,613.11000000,4.257
1749266377,4.18900000,2.35000000,4.257
1749266377,4.18800000,16.13000000,4.257
1749266377,4.18700000,7.59000000,4.257
1749266377,4.18600000,4.15000000,4.257
1749266377,4.18500000,400.15000000,4.257
1749266377,4.18400000,4.10000000,4.257
1749266377,4.18300000,2.35000000,4.257
1749266377,4.18200000,18.88000000,4.257
1749266377,4.18100000,5.45000000,4.257
1749266377,4.18000000,2.35000000,4.257
1749266377,4.17900000,9.17000000,4.257
1749266377,4.17800000,5.86000000,4.257
1749266377,4.17700000,11.89000000,4.257
1749266377,4.17500000,11.64000000,4.257
1749266377,4.17400000,10.80000000,4.257
1749266377,4.17300000,170.80000000,4.257
1749266377,4.17200000,65.40000000,4.257
1749266377,4.17100000,211.28000000,4.257
1749266377,4.17000000,31.91000000,4.257
1749266377,4.16800000,69.96000000,4.257
1749266377,4.16700000,1.53000000,4.257
1749266377,4.16600000,4.18000000,4.257
1749266377,4.16500000,66.59000000,4.257
1749266377,4.16400000,3.01000000,4.257
1749266377,4.16300000,118.23000000,4.257
1749266377,4.16200000,75.03000000,4.257
1749266377,4.16100000,332.03000000,4.257
1749266377,4.15800000,50.11000000,4.257
1749266377,4.15700000,6.61000000,4.257
1749266377,4.15600000,6.98000000,4.257
1749266377,4.15500000,2.98000000,4.257
1749266377,4.15400000,4.81000000,4.257
1749266377,4.15100000,13.49000000,4.257
1749266377,4.15000000,242.08000000,4.257
1749266377,4.14800000,697.25000000,4.257
1749266680,4.27100000,1369.48000000,4.271
1749266680,4.27000000,1233.28000000,4.271
1749266680,4.26900000,1110.72000000,4.271
1749266680,4.26800000,953.77000000,4.271
1749266680,4.26700000,1503.89000000,4.271
1749266680,4.26600000,3028.83000000,4.271
1749266680,4.26500000,3325.60000000,4.271
1749266680,4.26400000,1453.19000000,4.271
1749266680,4.26300000,5026.71000000,4.271
1749266680,4.26200000,1068.49000000,4.271
1749266680,4.26100000,1768.49000000,4.271
1749266680,4.26000000,1226.39000000,4.271
1749266680,4.25900000,458.12000000,4.271
1749266680,4.25800000,827.05000000,4.271
1749266680,4.25700000,533.16000000,4.271
1749266680,4.25600000,82.39000000,4.271
1749266680,4.25500000,458.12000000,4.271
1749266680,4.25400000,680.04000000,4.271
1749266680,4.25300000,773.58000000,4.271
1749266680,4.25200000,82.40000000,4.271
1749266680,4.25100000,456.36000000,4.271
1749266680,4.25000000,1472.11000000,4.271
1749266680,4.24900000,553.90000000,4.271
1749266680,4.24800000,82.26000000,4.271
1749266680,4.24700000,456.36000000,4.271
1749266680,4.24600000,2309.62000000,4.271
1749266680,4.24500000,409.17000000,4.271
1749266680,4.24400000,80.63000000,4.271
1749266680,4.24300000,1139.29000000,4.271
1749266680,4.24200000,1117.87000000,4.271
1749266680,4.24100000,2.36000000,4.271
1749266680,4.24000000,2674.84000000,4.271
1749266680,4.23900000,778.26000000,4.271
1749266680,4.23800000,1350.38000000,4.271
1749266680,4.23700000,2.36000000,4.271
1749266680,4.23600000,13.47000000,4.271
1749266680,4.23500000,163.49000000,4.271
1749266680,4.23400000,4.15000000,4.271
1749266680,4.23300000,4.87000000,4.271
1749266680,4.23200000,297.04000000,4.271
1749266680,4.23100000,4287.46000000,4.271
1749266680,4.23000000,9.40000000,4.271
1749266680,4.22900000,2.37000000,4.271
1749266680,4.22800000,588.91000000,4.271
1749266680,4.22700000,635.71000000,4.271
1749266680,4.22600000,4.15000000,4.271
1749266680,4.22500000,19.97000000,4.271
1749266680,4.22400000,14.95000000,4.271
1749266680,4.22300000,51.98000000,4.271
1749266680,4.22200000,9.92000000,4.271
1749266680,4.22100000,7.14000000,4.271
1749266680,4.22000000,4.15000000,4.271
1749266680,4.21900000,2712.02000000,4.271
1749266680,4.21800000,9.40000000,4.271
1749266680,4.21700000,855.57000000,4.271
1749266680,4.21600000,220.37000000,4.271
1749266680,4.21500000,398.25000000,4.271
1749266680,4.21400000,60.94000000,4.271
1749266680,4.21300000,374.65000000,4.271
1749266680,4.21200000,481.10000000,4.271
1749266680,4.21100000,1262.96000000,4.271
1749266680,4.21000000,4.17000000,4.271
1749266680,4.20900000,2.38000000,4.271
1749266680,4.20800000,427.64000000,4.271
1749266680,4.20700000,448.71000000,4.271
1749266680,4.20600000,493.53000000,4.271
1749266680,4.20500000,2.38000000,4.271
1749266680,4.20400000,266.82000000,4.271
1749266680,4.20300000,426.36000000,4.271
1749266680,4.20200000,1697.50000000,4.271
1749266680,4.20100000,2.39000000,4.271
1749266680,4.20000000,191.21000000,4.271
1749266680,4.19900000,25.13000000,4.271
1749266680,4.19800000,8.30000000,4.271
1749266680,4.19700000,10.05000000,4.271
1749266680,4.19600000,7.39000000,4.271
1749266680,4.19500000,1.35000000,4.271
1749266680,4.19400000,411.15000000,4.271
1749266680,4.19200000,134.72000000,4.271
1749266680,4.18800000,11.99000000,4.271
1749266680,4.18700000,5.24000000,4.271
1749266680,4.18500000,1.39000000,4.271
1749266680,4.18200000,16.53000000,4.271
1749266680,4.18100000,3.10000000,4.271
1749266680,4.17900000,6.82000000,4.271
1749266680,4.17800000,5.86000000,4.271
1749266680,4.17700000,11.89000000,4.271
1749266680,4.17500000,11.64000000,4.271
1749266680,4.17400000,10.80000000,4.271
1749266680,4.17200000,238.19000000,4.271
1749266680,4.17100000,211.28000000,4.271
1749266680,4.17000000,31.91000000,4.271
1749266680,4.16800000,69.96000000,4.271
1749266680,4.16700000,1.53000000,4.271
1749266680,4.16600000,4.18000000,4.271
1749266680,4.16500000,66.59000000,4.271
1749266680,4.16400000,3.01000000,4.271
1749266680,4.16300000,118.23000000,4.271
1749266680,4.16200000,75.03000000,4.271
1749266680,4.16100000,332.03000000,4.271
1749266982,4.26400000,258.75000000,4.265
1749266982,4.26300000,1676.69000000,4.265
1749266982,4.26200000,1539.11000000,4.265
1749266982,4.26100000,2628.62000000,4.265
1749266982,4.26000000,1152.21000000,4.265
1749266982,4.25900000,3195.84000000,4.265
1749266982,4.25800000,5842.45000000,4.265
1749266982,4.25700000,3017.46000000,4.265
1749266982,4.25600000,567.49000000,4.265
1749266982,4.25500000,1220.60000000,4.265
1749266982,4.25400000,826.96000000,4.265
1749266982,4.25300000,1782.87000000,4.265
1749266982,4.25200000,1282.49000000,4.265
1749266982,4.25100000,456.36000000,4.265
1749266982,4.25000000,2147.49000000,4.265
1749266982,4.24900000,409.17000000,4.265
1749266982,4.24800000,82.26000000,4.265
1749266982,4.24700000,1138.27000000,4.265
1749266982,4.24600000,2933.02000000,4.265
1749266982,4.24500000,777.17000000,4.265
1749266982,4.24400000,127.49000000,4.265
1749266982,4.24300000,456.36000000,4.265
1749266982,4.24200000,225.62000000,4.265
1749266982,4.24100000,30.01000000,4.265
1749266982,4.24000000,158.28000000,4.265
1749266982,4.23900000,3446.25000000,4.265
1749266982,4.23800000,2540.34000000,4.265
1749266982,4.23700000,2.36000000,4.265
1749266982,4.23600000,41.12000000,4.265
1749266982,4.23500000,239.99000000,4.265
1749266982,4.23400000,4.15000000,4.265
1749266982,4.23300000,762.26000000,4.265
1749266982,4.23200000,324.69000000,4.265
1749266982,4.23100000,967.26000000,4.265
1749266982,4.23000000,9.40000000,4.265
1749266982,4.22900000,2.37000000,4.265
1749266982,4.22800000,31.80000000,4.265
1749266982,4.22700000,50.95000000,4.265
1749266982,4.22600000,31.80000000,4.265
1749266982,4.22500000,19.97000000,4.265
1749266982,4.22400000,686.79000000,4.265
1749266982,4.22300000,761.34000000,4.265
1749266982,4.22200000,402.85000000,4.265
1749266982,4.22100000,7.14000000,4.265
1749266982,4.22000000,31.80000000,4.265
1749266982,4.21900000,2839.26000000,4.265
1749266982,4.21800000,9.40000000,4.265
1749266982,4.21700000,883.22000000,4.265
1749266982,4.21600000,168.66000000,4.265
1749266982,4.21500000,178.43000000,4.265
1749266982,4.21400000,60.94000000,4.265
1749266982,4.21300000,402.31000000,4.265
1749266982,4.21200000,356.72000000,4.265
1749266982,4.21100000,49.57000000,4.265
1749266982,4.21000000,4.17000000,4.265
1749266982,4.20900000,304.52000000,4.265
1749266982,4.20800000,427.64000000,4.265
1749266982,4.20700000,54.38000000,4.265
1749266982,4.20600000,413.98000000,4.265
1749266982,4.20500000,2.38000000,4.265
1749266982,4.20400000,1219.09000000,4.265
1749266982,4.20300000,426.36000000,4.265
1749266982,4.20200000,1697.50000000,4.265
1749266982,4.20100000,132.05000000,4.265
1749266982,4.20000000,682.51000000,4.265
1749266982,4.19900000,25.13000000,4.265
1749266982,4.19800000,8.30000000,4.265
1749266982,4.19700000,10.05000000,4.265
1749266982,4.19600000,7.39000000,4.265
1749266982,4.19500000,3.70000000,4.265
1749266982,4.19400000,413.50000000,4.265
1749266982,4.19300000,2.35000000,4.265
1749266982,4.19200000,137.07000000,4.265
1749266982,4.19100000,2.35000000,4.265
1749266982,4.19000000,2.35000000,4.265
1749266982,4.18900000,2.35000000,4.265
1749266982,4.18800000,11.99000000,4.265
1749266982,4.18700000,5.24000000,4.265
1749266982,4.18500000,1.39000000,4.265
1749266982,4.18200000,16.53000000,4.265
1749266982,4.18100000,3.10000000,4.265
1749266982,4.17900000,240.89000000,4.265
1749266982,4.17800000,5.86000000,4.265
1749266982,4.17700000,11.89000000,4.265
1749266982,4.17500000,11.64000000,4.265
1749266982,4.17400000,10.80000000,4.265
1749266982,4.17200000,3.71000000,4.265
1749266982,4.17100000,211.28000000,4.265
1749266982,4.17000000,31.91000000,4.265
1749266982,4.16800000,69.96000000,4.265
1749266982,4.16700000,1.53000000,4.265
1749266982,4.16600000,4.18000000,4.265
1749266982,4.16500000,66.59000000,4.265
1749266982,4.16400000,3.01000000,4.265
1749266982,4.16300000,118.23000000,4.265
1749266982,4.16200000,75.03000000,4.265
1749266982,4.16100000,332.03000000,4.265
1749266982,4.15800000,50.11000000,4.265
1749266982,4.15700000,6.61000000,4.265
1749266982,4.15600000,6.98000000,4.265
1749267284,4.26000000,1524.96000000,4.26
1749267284,4.25900000,1100.84000000,4.26
1749267284,4.25800000,709.74000000,4.26
1749267284,4.25700000,2269.65000000,4.26
1749267284,4.25600000,3464.27000000,4.26
1749267284,4.25500000,4996.37000000,4.26
1749267284,4.25400000,3461.98000000,4.26
1749267284,4.25300000,953.28000000,4.26
1749267284,4.25200000,2352.10000000,4.26
1749267284,4.25100000,835.98000000,4.26
1749267284,4.25000000,2621.29000000,4.26
1749267284,4.24900000,410.94000000,4.26
1749267284,4.24800000,540.14000000,4.26
1749267284,4.24700000,524.97000000,4.26
1749267284,4.24600000,2309.62000000,4.26
1749267284,4.24500000,428.71000000,4.26
1749267284,4.24400000,127.49000000,4.26
1749267284,4.24300000,456.36000000,4.26
1749267284,4.24200000,357.09000000,4.26
1749267284,4.24100000,3119.26000000,4.26
1749267284,4.24000000,460.94000000,4.26
1749267284,4.23900000,4245.54000000,4.26
1749267284,4.23800000,1360.91000000,4.26
1749267284,4.23700000,2.36000000,4.26
1749267284,4.23600000,420.28000000,4.26
1749267284,4.23500000,239.99000000,4.26
1749267284,4.23400000,1119.31000000,4.26
1749267284,4.23300000,811.11000000,4.26
1749267284,4.23200000,703.85000000,4.26
1749267284,4.23100000,290.10000000,4.26
1749267284,4.23000000,9.40000000,4.26
1749267284,4.22900000,2.37000000,4.26
1749267284,4.22800000,4.15000000,4.26
1749267284,4.22700000,50.95000000,4.26
1749267284,4.22600000,4.15000000,4.26
1749267284,4.22500000,19.97000000,4.26
1749267284,4.22400000,14.95000000,4.26
1749267284,4.22300000,51.98000000,4.26
1749267284,4.22200000,678.56000000,4.26
1749267284,4.22100000,7.14000000,4.26
1749267284,4.22000000,4.15000000,4.26
1749267284,4.21900000,2712.02000000,4.26
1749267284,4.21800000,9.40000000,4.26
1749267284,4.21700000,855.57000000,4.26
1749267284,4.21600000,38.88000000,4.26
1749267284,4.21500000,178.43000000,4.26
1749267284,4.21400000,60.94000000,4.26
1749267284,4.21300000,433.69000000,4.26
1749267284,4.21200000,874.97000000,4.26
1749267284,4.21100000,49.57000000,4.26
1749267284,4.21000000,4.17000000,4.26
1749267284,4.20900000,2.38000000,4.26
1749267284,4.20800000,427.64000000,4.26
1749267284,4.20700000,54.38000000,4.26
1749267284,4.20600000,19.55000000,4.26
1749267284,4.20500000,104.77000000,4.26
1749267284,4.20400000,4.17000000,4.26
1749267284,4.20300000,426.36000000,4.26
1749267284,4.20200000,1697.50000000,4.26
1749267284,4.20100000,1218.45000000,4.26
1749267284,4.20000000,337.09000000,4.26
1749267284,4.19900000,15.71000000,4.26
1749267284,4.19800000,8.30000000,4.26
1749267284,4.19700000,10.05000000,4.26
1749267284,4.19600000,7.39000000,4.26
1749267284,4.19500000,399.16000000,4.26
1749267284,4.19400000,413.50000000,4.26
1749267284,4.19300000,2.35000000,4.26
1749267284,4.19200000,137.07000000,4.26
1749267284,4.19100000,132.32000000,4.26
1749267284,4.19000000,2.35000000,4.26
1749267284,4.18900000,2.35000000,4.26
1749267284,4.18800000,23.79000000,4.26
1749267284,4.18700000,7.59000000,4.26
1749267284,4.18600000,2.35000000,4.26
1749267284,4.18500000,3.74000000,4.26
1749267284,4.18200000,16.53000000,4.26
1749267284,4.18100000,3.10000000,4.26
1749267284,4.17900000,6.82000000,4.26
1749267284,4.17800000,5.86000000,4.26
1749267284,4.17700000,11.89000000,4.26
1749267284,4.17500000,13.08000000,4.26
1749267284,4.17400000,10.80000000,4.26
1749267284,4.17200000,3.71000000,4.26
1749267284,4.17100000,211.28000000,4.26
1749267284,4.17000000,31.91000000,4.26
1749267284,4.16800000,69.96000000,4.26
1749267284,4.16700000,1.53000000,4.26
1749267284,4.16600000,4.18000000,4.26
1749267284,4.16500000,66.59000000,4.26
1749267284,4.16400000,3.01000000,4.26
1749267284,4.16300000,118.23000000,4.26
1749267284,4.16200000,75.03000000,4.26
1749267284,4.16100000,332.03000000,4.26
1749267284,4.15800000,50.11000000,4.26
1749267284,4.15700000,6.61000000,4.26
1749267284,4.15600000,6.98000000,4.26
1749267284,4.15500000,2.98000000,4.26
1749267284,4.15400000,4.81000000,4.26
1749267284,4.15100000,13.49000000,4.26
1749267586,4.26300000,585.49000000,4.264
1749267586,4.26200000,615.39000000,4.264
1749267586,4.26100000,1047.09000000,4.264
1749267586,4.26000000,1971.50000000,4.264
1749267586,4.25900000,1255.58000000,4.264
1749267586,4.25800000,551.18000000,4.264
1749267586,4.25700000,752.27000000,4.264
1749267586,4.25600000,1656.56000000,4.264
1749267586,4.25500000,2633.42000000,4.264
1749267586,4.25400000,1260.81000000,4.264
1749267586,4.25300000,612.56000000,4.264
1749267586,4.25200000,3610.15000000,4.264
1749267586,4.25100000,913.93000000,4.264
1749267586,4.25000000,2010.36000000,4.264
1749267586,4.24900000,1088.71000000,4.264
1749267586,4.24800000,84.03000000,4.264
1749267586,4.24700000,458.13000000,4.264
1749267586,4.24600000,2309.62000000,4.264
1749267586,4.24500000,932.10000000,4.264
1749267586,4.24400000,127.49000000,4.264
1749267586,4.24300000,456.36000000,4.264
1749267586,4.24200000,936.63000000,4.264
1749267586,4.24100000,2749.57000000,4.264
1749267586,4.24000000,488.62000000,4.264
1749267586,4.23900000,3561.34000000,4.264
1749267586,4.23800000,1360.91000000,4.264
1749267586,4.23700000,1220.80000000,4.264
1749267586,4.23600000,343.78000000,4.264
1749267586,4.23500000,191.16000000,4.264
1749267586,4.23400000,4.15000000,4.264
1749267586,4.23300000,762.28000000,4.264
1749267586,4.23200000,627.35000000,4.264
1749267586,4.23100000,290.10000000,4.264
1749267586,4.23000000,9.40000000,4.264
1749267586,4.22900000,2.37000000,4.264
1749267586,4.22800000,31.82000000,4.264
1749267586,4.22700000,50.95000000,4.264
1749267586,4.22600000,31.82000000,4.264
1749267586,4.22500000,19.97000000,4.264
1749267586,4.22400000,42.62000000,4.264
1749267586,4.22300000,51.98000000,4.264
1749267586,4.22200000,678.56000000,4.264
1749267586,4.22100000,7.14000000,4.264
1749267586,4.22000000,31.82000000,4.264
1749267586,4.21900000,2712.02000000,4.264
1749267586,4.21800000,67.57000000,4.264
1749267586,4.21700000,855.57000000,4.264
1749267586,4.21600000,483.29000000,4.264
1749267586,4.21500000,206.10000000,4.264
1749267586,4.21400000,60.94000000,4.264
1749267586,4.21300000,461.36000000,4.264
1749267586,4.21200000,874.97000000,4.264
1749267586,4.21100000,204.72000000,4.264
1749267586,4.21000000,4.17000000,4.264
1749267586,4.20900000,2.38000000,4.264
1749267586,4.20800000,489.31000000,4.264
1749267586,4.20700000,294.98000000,4.264
1749267586,4.20600000,19.55000000,4.264
1749267586,4.20500000,261.97000000,4.264
1749267586,4.20400000,1219.59000000,4.264
1749267586,4.20300000,426.36000000,4.264
1749267586,4.20200000,1697.50000000,4.264
1749267586,4.20100000,2.39000000,4.264
1749267586,4.20000000,494.82000000,4.264
1749267586,4.19900000,96.06000000,4.264
1749267586,4.19800000,273.52000000,4.264
1749267586,4.19700000,10.05000000,4.264
1749267586,4.19600000,7.39000000,4.264
1749267586,4.19500000,530.49000000,4.264
1749267586,4.19400000,413.50000000,4.264
1749267586,4.19300000,2.35000000,4.264
1749267586,4.19200000,5.67000000,4.264
1749267586,4.19100000,132.32000000,4.264
1749267586,4.19000000,2.35000000,4.264
1749267586,4.18900000,2.35000000,4.264
1749267586,4.18800000,23.79000000,4.264
1749267586,4.18700000,5.24000000,4.264
1749267586,4.18500000,1.39000000,4.264
1749267586,4.18200000,16.53000000,4.264
1749267586,4.18100000,3.10000000,4.264
1749267586,4.17900000,6.82000000,4.264
1749267586,4.17800000,67.98000000,4.264
1749267586,4.17700000,183.94000000,4.264
1749267586,4.17500000,13.08000000,4.264
1749267586,4.17400000,10.80000000,4.264
1749267586,4.17200000,3.71000000,4.264
1749267586,4.17100000,211.28000000,4.264
1749267586,4.17000000,31.91000000,4.264
1749267586,4.16800000,69.96000000,4.264
1749267586,4.16700000,1.53000000,4.264
1749267586,4.16600000,4.18000000,4.264
1749267586,4.16500000,66.59000000,4.264
1749267586,4.16400000,3.01000000,4.264
1749267586,4.16300000,118.23000000,4.264
1749267586,4.16200000,75.03000000,4.264
1749267586,4.16100000,332.03000000,4.264
1749267586,4.15800000,50.11000000,4.264
1749267586,4.15700000,6.61000000,4.264
1749267586,4.15600000,6.98000000,4.264
1749267586,4.15500000,2.98000000,4.264
1749267887,4.26700000,372.24000000,4.267
1749267887,4.26600000,1170.34000000,4.267
1749267887,4.26500000,810.69000000,4.267
1749267887,4.26400000,775.82000000,4.267
1749267887,4.26300000,1323.28000000,4.267
1749267887,4.26200000,1151.99000000,4.267
1749267887,4.26100000,2628.54000000,4.267
1749267887,4.26000000,1255.94000000,4.267
1749267887,4.25900000,1892.07000000,4.267
1749267887,4.25800000,4704.27000000,4.267
