timestamp,price,volume,current_price
1749258228,19.82000000,1278.32000000,19.82
1749258228,19.81000000,4049.56000000,19.82
1749258228,19.80000000,5916.66000000,19.82
1749258228,19.79000000,8398.55000000,19.82
1749258228,19.78000000,4864.56000000,19.82
1749258228,19.77000000,2893.63000000,19.82
1749258228,19.76000000,1036.94000000,19.82
1749258228,19.75000000,10672.21000000,19.82
1749258228,19.74000000,599.18000000,19.82
1749258228,19.73000000,767.42000000,19.82
1749258228,19.72000000,5378.22000000,19.82
1749258228,19.71000000,444.74000000,19.82
1749258228,19.70000000,548.81000000,19.82
1749258228,19.69000000,545.46000000,19.82
1749258228,19.68000000,803.18000000,19.82
1749258228,19.67000000,13565.11000000,19.82
1749258228,19.66000000,516.60000000,19.82
1749258228,19.65000000,430.32000000,19.82
1749258228,19.64000000,518.29000000,19.82
1749258228,19.63000000,433.19000000,19.82
1749258228,19.62000000,1235.60000000,19.82
1749258228,19.61000000,2846.23000000,19.82
1749258228,19.60000000,395.40000000,19.82
1749258228,19.59000000,282.14000000,19.82
1749258228,19.58000000,260.70000000,19.82
1749258228,19.57000000,312.25000000,19.82
1749258228,19.56000000,1613.29000000,19.82
1749258228,19.55000000,276.26000000,19.82
1749258228,19.54000000,352.28000000,19.82
1749258228,19.53000000,318.32000000,19.82
1749258228,19.52000000,302.66000000,19.82
1749258228,19.51000000,202.15000000,19.82
1749258228,19.50000000,250.32000000,19.82
1749258228,19.49000000,200.88000000,19.82
1749258228,19.48000000,201.92000000,19.82
1749258228,19.47000000,206.97000000,19.82
1749258228,19.46000000,207.35000000,19.82
1749258228,19.45000000,200.77000000,19.82
1749258228,19.44000000,164.65000000,19.82
1749258228,19.43000000,252.94000000,19.82
1749258228,19.42000000,186.37000000,19.82
1749258228,19.41000000,33.15000000,19.82
1749258228,19.40000000,158.54000000,19.82
1749258228,19.39000000,2.31000000,19.82
1749258228,19.38000000,11.54000000,19.82
1749258228,19.37000000,483.96000000,19.82
1749258228,19.36000000,115.61000000,19.82
1749258228,19.35000000,259.96000000,19.82
1749258228,19.34000000,18.80000000,19.82
1749258228,19.33000000,119.54000000,19.82
1749258228,19.32000000,6.32000000,19.82
1749258228,19.31000000,705.62000000,19.82
1749258228,19.30000000,976.26000000,19.82
1749258228,19.29000000,156.84000000,19.82
1749258228,19.28000000,8028.94000000,19.82
1749258228,19.27000000,522.93000000,19.82
1749258228,19.26000000,127.76000000,19.82
1749258228,19.25000000,17.90000000,19.82
1749258228,19.24000000,4.59000000,19.82
1749258228,19.23000000,3.46000000,19.82
1749258228,19.22000000,79.76000000,19.82
1749258228,19.21000000,13377.59000000,19.82
1749258228,19.20000000,236.44000000,19.82
1749258228,19.19000000,550.62000000,19.82
1749258228,19.18000000,15.41000000,19.82
1749258228,19.17000000,1.60000000,19.82
1749258228,19.16000000,499.44000000,19.82
1749258228,19.15000000,3.24000000,19.82
1749258228,19.14000000,12.15000000,19.82
1749258228,19.13000000,23.48000000,19.82
1749258228,19.12000000,174.78000000,19.82
1749258228,19.11000000,20.39000000,19.82
1749258228,19.10000000,988.61000000,19.82
1749258228,19.09000000,107.27000000,19.82
1749258228,19.08000000,8.87000000,19.82
1749258228,19.07000000,106.83000000,19.82
1749258228,19.06000000,5.16000000,19.82
1749258228,19.05000000,12.63000000,19.82
1749258228,19.03000000,175.91000000,19.82
1749258228,19.02000000,35.23000000,19.82
1749258228,19.01000000,311.87000000,19.82
1749258228,19.00000000,3551.92000000,19.82
1749258228,18.99000000,342.01000000,19.82
1749258228,18.98000000,4.27000000,19.82
1749258228,18.97000000,4.15000000,19.82
1749258228,18.96000000,2.33000000,19.82
1749258228,18.95000000,29.10000000,19.82
1749258228,18.94000000,4.63000000,19.82
1749258228,18.93000000,15.72000000,19.82
1749258228,18.92000000,186.33000000,19.82
1749258228,18.91000000,8.54000000,19.82
1749258228,18.90000000,302.81000000,19.82
1749258228,18.89000000,9.55000000,19.82
1749258228,18.88000000,103.22000000,19.82
1749258228,18.87000000,7.08000000,19.82
1749258228,18.86000000,9.20000000,19.82
1749258228,18.85000000,49.38000000,19.82
1749258228,18.84000000,1.24000000,19.82
1749258228,18.83000000,40.20000000,19.82
1749258228,18.82000000,301.15000000,19.82
1749258529,19.82000000,992.06000000,19.82
1749258529,19.81000000,6526.75000000,19.82
1749258529,19.80000000,6681.96000000,19.82
1749258529,19.79000000,6556.44000000,19.82
1749258529,19.78000000,4712.91000000,19.82
1749258529,19.77000000,2937.63000000,19.82
1749258529,19.76000000,981.44000000,19.82
1749258529,19.75000000,8575.86000000,19.82
1749258529,19.74000000,2642.72000000,19.82
1749258529,19.73000000,799.04000000,19.82
1749258529,19.72000000,3284.61000000,19.82
1749258529,19.71000000,444.74000000,19.82
1749258529,19.70000000,466.74000000,19.82
1749258529,19.69000000,545.46000000,19.82
1749258529,19.68000000,13578.08000000,19.82
1749258529,19.67000000,674.98000000,19.82
1749258529,19.66000000,452.26000000,19.82
1749258529,19.65000000,458.37000000,19.82
1749258529,19.64000000,582.95000000,19.82
1749258529,19.63000000,378.70000000,19.82
1749258529,19.62000000,1117.16000000,19.82
1749258529,19.61000000,2816.46000000,19.82
1749258529,19.60000000,395.40000000,19.82
1749258529,19.59000000,309.94000000,19.82
1749258529,19.58000000,286.34000000,19.82
1749258529,19.57000000,314.61000000,19.82
1749258529,19.56000000,1615.31000000,19.82
1749258529,19.55000000,276.26000000,19.82
1749258529,19.54000000,301.62000000,19.82
1749258529,19.53000000,318.32000000,19.82
1749258529,19.52000000,211.16000000,19.82
1749258529,19.51000000,293.48000000,19.82
1749258529,19.50000000,235.32000000,19.82
1749258529,19.49000000,200.88000000,19.82
1749258529,19.48000000,199.50000000,19.82
1749258529,19.47000000,206.97000000,19.82
1749258529,19.46000000,207.35000000,19.82
1749258529,19.45000000,161.39000000,19.82
1749258529,19.44000000,190.66000000,19.82
1749258529,19.43000000,161.39000000,19.82
1749258529,19.42000000,186.17000000,19.82
1749258529,19.41000000,33.15000000,19.82
1749258529,19.40000000,132.43000000,19.82
1749258529,19.39000000,2.31000000,19.82
1749258529,19.38000000,9.44000000,19.82
1749258529,19.37000000,483.96000000,19.82
1749258529,19.36000000,115.61000000,19.82
1749258529,19.35000000,259.96000000,19.82
1749258529,19.34000000,18.80000000,19.82
1749258529,19.33000000,119.54000000,19.82
1749258529,19.32000000,6.32000000,19.82
1749258529,19.31000000,705.62000000,19.82
1749258529,19.30000000,976.26000000,19.82
1749258529,19.29000000,156.84000000,19.82
1749258529,19.28000000,8026.84000000,19.82
1749258529,19.27000000,522.93000000,19.82
1749258529,19.26000000,127.76000000,19.82
1749258529,19.25000000,17.90000000,19.82
1749258529,19.24000000,4.59000000,19.82
1749258529,19.23000000,3.46000000,19.82
1749258529,19.22000000,79.76000000,19.82
1749258529,19.21000000,13377.59000000,19.82
1749258529,19.20000000,236.44000000,19.82
1749258529,19.19000000,548.52000000,19.82
1749258529,19.18000000,30.41000000,19.82
1749258529,19.17000000,1.60000000,19.82
1749258529,19.16000000,499.44000000,19.82
1749258529,19.15000000,3.24000000,19.82
1749258529,19.14000000,12.15000000,19.82
1749258529,19.13000000,23.48000000,19.82
1749258529,19.12000000,174.51000000,19.82
1749258529,19.11000000,20.39000000,19.82
1749258529,19.10000000,988.61000000,19.82
1749258529,19.09000000,105.17000000,19.82
1749258529,19.08000000,8.87000000,19.82
1749258529,19.07000000,106.83000000,19.82
1749258529,19.06000000,5.16000000,19.82
1749258529,19.05000000,12.63000000,19.82
1749258529,19.03000000,175.91000000,19.82
1749258529,19.02000000,35.23000000,19.82
1749258529,19.01000000,311.87000000,19.82
1749258529,19.00000000,3545.03000000,19.82
1749258529,18.99000000,339.91000000,19.82
1749258529,18.98000000,4.27000000,19.82
1749258529,18.97000000,4.15000000,19.82
1749258529,18.96000000,2.33000000,19.82
1749258529,18.95000000,29.10000000,19.82
1749258529,18.94000000,4.63000000,19.82
1749258529,18.93000000,15.72000000,19.82
1749258529,18.92000000,186.33000000,19.82
1749258529,18.91000000,8.54000000,19.82
1749258529,18.90000000,302.81000000,19.82
1749258529,18.89000000,7.45000000,19.82
1749258529,18.88000000,103.22000000,19.82
1749258529,18.87000000,7.08000000,19.82
1749258529,18.86000000,9.20000000,19.82
1749258529,18.85000000,49.38000000,19.82
1749258529,18.84000000,1.24000000,19.82
1749258529,18.83000000,40.20000000,19.82
1749258529,18.82000000,301.15000000,19.82
1749258845,19.82000000,682.18000000,19.82
1749258845,19.81000000,5177.49000000,19.82
1749258845,19.80000000,6480.90000000,19.82
1749258845,19.79000000,7096.98000000,19.82
1749258845,19.78000000,3673.63000000,19.82
1749258845,19.77000000,3677.98000000,19.82
1749258845,19.76000000,2821.54000000,19.82
1749258845,19.75000000,8595.03000000,19.82
1749258845,19.74000000,2542.35000000,19.82
1749258845,19.73000000,539.00000000,19.82
1749258845,19.72000000,3527.29000000,19.82
1749258845,19.71000000,488.63000000,19.82
1749258845,19.70000000,466.74000000,19.82
1749258845,19.69000000,13419.26000000,19.82
1749258845,19.68000000,733.77000000,19.82
1749258845,19.67000000,499.90000000,19.82
1749258845,19.66000000,2490.71000000,19.82
1749258845,19.65000000,431.36000000,19.82
1749258845,19.64000000,582.95000000,19.82
1749258845,19.63000000,378.70000000,19.82
1749258845,19.62000000,982.68000000,19.82
1749258845,19.61000000,319.66000000,19.82
1749258845,19.60000000,395.40000000,19.82
1749258845,19.59000000,311.20000000,19.82
1749258845,19.58000000,286.34000000,19.82
1749258845,19.57000000,886.79000000,19.82
1749258845,19.56000000,1681.24000000,19.82
1749258845,19.55000000,276.26000000,19.82
1749258845,19.54000000,301.62000000,19.82
1749258845,19.53000000,319.58000000,19.82
1749258845,19.52000000,287.66000000,19.82
1749258845,19.51000000,293.48000000,19.82
1749258845,19.50000000,235.32000000,19.82
1749258845,19.49000000,200.88000000,19.82
1749258845,19.48000000,199.50000000,19.82
1749258845,19.47000000,206.97000000,19.82
1749258845,19.46000000,207.35000000,19.82
1749258845,19.45000000,161.39000000,19.82
1749258845,19.44000000,165.78000000,19.82
1749258845,19.43000000,158.73000000,19.82
1749258845,19.42000000,208.98000000,19.82
1749258845,19.41000000,548.39000000,19.82
1749258845,19.40000000,132.43000000,19.82
1749258845,19.39000000,2.31000000,19.82
1749258845,19.38000000,9.44000000,19.82
1749258845,19.37000000,483.96000000,19.82
1749258845,19.36000000,115.61000000,19.82
1749258845,19.35000000,259.96000000,19.82
1749258845,19.34000000,18.80000000,19.82
1749258845,19.33000000,119.54000000,19.82
1749258845,19.32000000,6.32000000,19.82
1749258845,19.31000000,705.62000000,19.82
1749258845,19.30000000,483.17000000,19.82
1749258845,19.29000000,156.84000000,19.82
1749258845,19.28000000,8026.84000000,19.82
1749258845,19.27000000,522.93000000,19.82
1749258845,19.26000000,616.94000000,19.82
1749258845,19.25000000,17.90000000,19.82
1749258845,19.24000000,4.59000000,19.82
1749258845,19.23000000,3.46000000,19.82
1749258845,19.22000000,79.76000000,19.82
1749258845,19.21000000,13377.59000000,19.82
1749258845,19.20000000,236.44000000,19.82
1749258845,19.19000000,548.52000000,19.82
1749258845,19.18000000,15.41000000,19.82
1749258845,19.17000000,1.60000000,19.82
1749258845,19.16000000,11.92000000,19.82
1749258845,19.15000000,3.24000000,19.82
1749258845,19.14000000,12.15000000,19.82
1749258845,19.13000000,23.48000000,19.82
1749258845,19.12000000,174.51000000,19.82
1749258845,19.11000000,275.47000000,19.82
1749258845,19.10000000,988.61000000,19.82
1749258845,19.09000000,111.48000000,19.82
1749258845,19.08000000,8.87000000,19.82
1749258845,19.07000000,121.83000000,19.82
1749258845,19.06000000,5.16000000,19.82
1749258845,19.05000000,12.63000000,19.82
1749258845,19.03000000,175.91000000,19.82
1749258845,19.02000000,35.23000000,19.82
1749258845,19.01000000,66.53000000,19.82
1749258845,19.00000000,1538.82000000,19.82
1749258845,18.99000000,339.91000000,19.82
1749258845,18.98000000,4.27000000,19.82
1749258845,18.97000000,4.15000000,19.82
1749258845,18.96000000,2.33000000,19.82
1749258845,18.95000000,29.10000000,19.82
1749258845,18.94000000,4.63000000,19.82
1749258845,18.93000000,15.72000000,19.82
1749258845,18.92000000,186.33000000,19.82
1749258845,18.91000000,8.54000000,19.82
1749258845,18.90000000,296.31000000,19.82
1749258845,18.89000000,7.45000000,19.82
1749258845,18.88000000,103.22000000,19.82
1749258845,18.87000000,7.08000000,19.82
1749258845,18.86000000,9.20000000,19.82
1749258845,18.85000000,49.38000000,19.82
1749258845,18.84000000,1.24000000,19.82
1749258845,18.83000000,40.20000000,19.82
1749258845,18.82000000,301.15000000,19.82
1749259151,19.79000000,37.57000000,19.79
1749259151,19.78000000,3086.43000000,19.79
1749259151,19.77000000,5503.20000000,19.79
1749259151,19.76000000,8331.83000000,19.79
1749259151,19.75000000,3900.51000000,19.79
1749259151,19.74000000,2924.87000000,19.79
1749259151,19.73000000,1916.77000000,19.79
1749259151,19.72000000,9040.28000000,19.79
1749259151,19.71000000,1135.16000000,19.79
1749259151,19.70000000,2083.75000000,19.79
1749259151,19.69000000,713.15000000,19.79
1749259151,19.68000000,3168.10000000,19.79
1749259151,19.67000000,565.53000000,19.79
1749259151,19.66000000,2938.58000000,19.79
1749259151,19.65000000,495.82000000,19.79
1749259151,19.64000000,13759.37000000,19.79
1749259151,19.63000000,521.46000000,19.79
1749259151,19.62000000,355.18000000,19.79
1749259151,19.61000000,2364.26000000,19.79
1749259151,19.60000000,373.63000000,19.79
1749259151,19.59000000,702.05000000,19.79
1749259151,19.58000000,833.24000000,19.79
1749259151,19.57000000,327.52000000,19.79
1749259151,19.56000000,1758.42000000,19.79
1749259151,19.55000000,565.32000000,19.79
1749259151,19.54000000,322.21000000,19.79
1749259151,19.53000000,347.39000000,19.79
1749259151,19.52000000,287.66000000,19.79
1749259151,19.51000000,278.65000000,19.79
1749259151,19.50000000,940.28000000,19.79
1749259151,19.49000000,277.38000000,19.79
1749259151,19.48000000,199.37000000,19.79
1749259151,19.47000000,208.23000000,19.79
1749259151,19.46000000,214.98000000,19.79
1749259151,19.45000000,161.39000000,19.79
1749259151,19.44000000,164.24000000,19.79
1749259151,19.43000000,158.45000000,19.79
1749259151,19.42000000,273.48000000,19.79
1749259151,19.41000000,702.97000000,19.79
1749259151,19.40000000,301.57000000,19.79
1749259151,19.39000000,155.62000000,19.79
1749259151,19.38000000,9.72000000,19.79
1749259151,19.37000000,510.90000000,19.79
1749259151,19.36000000,118.43000000,19.79
1749259151,19.35000000,259.96000000,19.79
1749259151,19.34000000,32.63000000,19.79
1749259151,19.33000000,98.05000000,19.79
1749259151,19.32000000,6.32000000,19.79
1749259151,19.31000000,705.62000000,19.79
1749259151,19.30000000,483.17000000,19.79
1749259151,19.29000000,171.84000000,19.79
1749259151,19.28000000,8026.84000000,19.79
1749259151,19.27000000,522.93000000,19.79
1749259151,19.26000000,616.94000000,19.79
1749259151,19.25000000,17.90000000,19.79
1749259151,19.24000000,4.59000000,19.79
1749259151,19.23000000,3.46000000,19.79
1749259151,19.22000000,79.76000000,19.79
1749259151,19.21000000,13377.59000000,19.79
1749259151,19.20000000,236.44000000,19.79
1749259151,19.19000000,548.52000000,19.79
1749259151,19.18000000,15.41000000,19.79
1749259151,19.17000000,1.60000000,19.79
1749259151,19.16000000,11.92000000,19.79
1749259151,19.15000000,3.24000000,19.79
1749259151,19.14000000,12.15000000,19.79
1749259151,19.13000000,23.48000000,19.79
1749259151,19.12000000,174.78000000,19.79
1749259151,19.11000000,275.47000000,19.79
1749259151,19.10000000,988.61000000,19.79
1749259151,19.09000000,111.48000000,19.79
1749259151,19.08000000,8.87000000,19.79
1749259151,19.07000000,106.83000000,19.79
1749259151,19.06000000,5.67000000,19.79
1749259151,19.05000000,13.14000000,19.79
1749259151,19.04000000,0.51000000,19.79
1749259151,19.03000000,175.91000000,19.79
1749259151,19.02000000,35.23000000,19.79
1749259151,19.01000000,66.53000000,19.79
1749259151,19.00000000,1538.82000000,19.79
1749259151,18.99000000,339.91000000,19.79
1749259151,18.98000000,4.27000000,19.79
1749259151,18.97000000,4.15000000,19.79
1749259151,18.96000000,2.33000000,19.79
1749259151,18.95000000,29.10000000,19.79
1749259151,18.94000000,4.63000000,19.79
1749259151,18.93000000,15.72000000,19.79
1749259151,18.92000000,186.33000000,19.79
1749259151,18.91000000,8.54000000,19.79
1749259151,18.90000000,296.31000000,19.79
1749259151,18.89000000,7.45000000,19.79
1749259151,18.88000000,103.22000000,19.79
1749259151,18.87000000,7.08000000,19.79
1749259151,18.86000000,9.20000000,19.79
1749259151,18.85000000,49.38000000,19.79
1749259151,18.84000000,1.24000000,19.79
1749259151,18.83000000,40.20000000,19.79
1749259151,18.82000000,301.15000000,19.79
1749259151,18.81000000,3.28000000,19.79
1749259151,18.80000000,251.06000000,19.79
