timestamp,price,volume,current_price
1749260636,19.65000000,346.78000000,19.65
1749260636,19.64000000,4021.47000000,19.65
1749260636,19.63000000,5907.69000000,19.65
1749260636,19.62000000,6257.86000000,19.65
1749260636,19.61000000,3518.70000000,19.65
1749260636,19.60000000,4701.14000000,19.65
1749260636,19.59000000,8909.67000000,19.65
1749260636,19.58000000,2425.85000000,19.65
1749260636,19.57000000,692.22000000,19.65
1749260636,19.56000000,2912.14000000,19.65
1749260636,19.55000000,572.45000000,19.65
1749260636,19.54000000,2992.24000000,19.65
1749260636,19.53000000,371.19000000,19.65
1749260636,19.52000000,871.72000000,19.65
1749260636,19.51000000,13625.95000000,19.65
1749260636,19.50000000,369.66000000,19.65
1749260636,19.49000000,656.23000000,19.65
1749260636,19.48000000,2426.84000000,19.65
1749260636,19.47000000,283.73000000,19.65
1749260636,19.46000000,431.03000000,19.65
1749260636,19.45000000,393.70000000,19.65
1749260636,19.44000000,830.99000000,19.65
1749260636,19.43000000,409.70000000,19.65
1749260636,19.42000000,296.94000000,19.65
1749260636,19.41000000,189.07000000,19.65
1749260636,19.40000000,312.00000000,19.65
1749260636,19.39000000,270.45000000,19.65
1749260636,19.38000000,1397.59000000,19.65
1749260636,19.37000000,635.32000000,19.65
1749260636,19.36000000,266.66000000,19.65
1749260636,19.35000000,417.09000000,19.65
1749260636,19.34000000,169.17000000,19.65
1749260636,19.33000000,338.03000000,19.65
1749260636,19.32000000,736.23000000,19.65
1749260636,19.31000000,855.00000000,19.65
1749260636,19.30000000,632.54000000,19.65
1749260636,19.29000000,890.36000000,19.65
1749260636,19.28000000,8180.59000000,19.65
1749260636,19.27000000,674.92000000,19.65
1749260636,19.26000000,306.66000000,19.65
1749260636,19.25000000,163.89000000,19.65
1749260636,19.24000000,4.59000000,19.65
1749260636,19.23000000,511.32000000,19.65
1749260636,19.22000000,80.13000000,19.65
1749260636,19.21000000,13377.59000000,19.65
1749260636,19.20000000,3253.35000000,19.65
1749260636,19.19000000,548.52000000,19.65
1749260636,19.18000000,15.41000000,19.65
1749260636,19.17000000,1.60000000,19.65
1749260636,19.16000000,11.92000000,19.65
1749260636,19.15000000,18.24000000,19.65
1749260636,19.14000000,12.46000000,19.65
1749260636,19.13000000,23.48000000,19.65
1749260636,19.12000000,174.78000000,19.65
1749260636,19.11000000,20.39000000,19.65
1749260636,19.10000000,988.61000000,19.65
1749260636,19.09000000,609.16000000,19.65
1749260636,19.08000000,8.87000000,19.65
1749260636,19.07000000,106.53000000,19.65
1749260636,19.06000000,5.67000000,19.65
1749260636,19.05000000,13.14000000,19.65
1749260636,19.04000000,0.78000000,19.65
1749260636,19.03000000,176.42000000,19.65
1749260636,19.02000000,35.74000000,19.65
1749260636,19.01000000,67.04000000,19.65
1749260636,19.00000000,1540.33000000,19.65
1749260636,18.99000000,340.42000000,19.65
1749260636,18.98000000,4.78000000,19.65
1749260636,18.97000000,4.66000000,19.65
1749260636,18.96000000,3.11000000,19.65
1749260636,18.95000000,29.61000000,19.65
1749260636,18.94000000,263.17000000,19.65
1749260636,18.93000000,16.23000000,19.65
1749260636,18.92000000,186.84000000,19.65
1749260636,18.91000000,9.06000000,19.65
1749260636,18.90000000,303.14000000,19.65
1749260636,18.89000000,7.45000000,19.65
1749260636,18.88000000,103.22000000,19.65
1749260636,18.87000000,7.08000000,19.65
1749260636,18.86000000,9.20000000,19.65
1749260636,18.85000000,49.38000000,19.65
1749260636,18.84000000,1.24000000,19.65
1749260636,18.83000000,40.20000000,19.65
1749260636,18.82000000,301.15000000,19.65
1749260636,18.81000000,3.28000000,19.65
1749260636,18.80000000,242.70000000,19.65
1749260636,18.79000000,3.44000000,19.65
1749260636,18.78000000,1.63000000,19.65
1749260636,18.77000000,107.09000000,19.65
1749260636,18.76000000,27.66000000,19.65
1749260636,18.75000000,61.82000000,19.65
1749260636,18.74000000,2.80000000,19.65
1749260636,18.73000000,114.61000000,19.65
1749260636,18.72000000,5.35000000,19.65
1749260636,18.71000000,12.78000000,19.65
1749260636,18.70000000,124.03000000,19.65
1749260636,18.69000000,64.47000000,19.65
1749260636,18.68000000,7.75000000,19.65
1749260636,18.67000000,4.46000000,19.65
1749260636,18.66000000,479.49000000,19.65
1749260939,19.68000000,1809.33000000,19.68
1749260939,19.67000000,4214.72000000,19.68
1749260939,19.66000000,5864.26000000,19.68
1749260939,19.65000000,6456.24000000,19.68
1749260939,19.64000000,3758.10000000,19.68
1749260939,19.63000000,3549.45000000,19.68
1749260939,19.62000000,2219.96000000,19.68
1749260939,19.61000000,10234.82000000,19.68
1749260939,19.60000000,1378.55000000,19.68
1749260939,19.59000000,581.56000000,19.68
1749260939,19.58000000,2569.67000000,19.68
1749260939,19.57000000,699.52000000,19.68
1749260939,19.56000000,723.50000000,19.68
1749260939,19.55000000,15899.18000000,19.68
1749260939,19.54000000,483.36000000,19.68
1749260939,19.53000000,379.54000000,19.68
1749260939,19.52000000,775.28000000,19.68
1749260939,19.51000000,571.55000000,19.68
1749260939,19.50000000,307.44000000,19.68
1749260939,19.49000000,2398.60000000,19.68
1749260939,19.48000000,967.89000000,19.68
1749260939,19.47000000,375.05000000,19.68
1749260939,19.46000000,327.61000000,19.68
1749260939,19.45000000,317.20000000,19.68
1749260939,19.44000000,252.61000000,19.68
1749260939,19.43000000,243.33000000,19.68
1749260939,19.42000000,296.94000000,19.68
1749260939,19.41000000,189.07000000,19.68
1749260939,19.40000000,2123.91000000,19.68
1749260939,19.39000000,270.45000000,19.68
1749260939,19.38000000,169.27000000,19.68
1749260939,19.37000000,635.32000000,19.68
1749260939,19.36000000,847.43000000,19.68
1749260939,19.35000000,417.09000000,19.68
1749260939,19.34000000,169.17000000,19.68
1749260939,19.33000000,338.03000000,19.68
1749260939,19.32000000,154.26000000,19.68
1749260939,19.31000000,855.00000000,19.68
1749260939,19.30000000,632.54000000,19.68
1749260939,19.29000000,299.80000000,19.68
1749260939,19.28000000,8195.42000000,19.68
1749260939,19.27000000,522.93000000,19.68
1749260939,19.26000000,127.76000000,19.68
1749260939,19.25000000,511.02000000,19.68
1749260939,19.24000000,4.59000000,19.68
1749260939,19.23000000,3.46000000,19.68
1749260939,19.22000000,80.13000000,19.68
1749260939,19.21000000,13377.59000000,19.68
1749260939,19.20000000,3253.35000000,19.68
1749260939,19.19000000,548.52000000,19.68
1749260939,19.18000000,15.41000000,19.68
1749260939,19.17000000,1.60000000,19.68
1749260939,19.16000000,11.92000000,19.68
1749260939,19.15000000,18.24000000,19.68
1749260939,19.14000000,12.46000000,19.68
1749260939,19.13000000,23.48000000,19.68
1749260939,19.12000000,174.78000000,19.68
1749260939,19.11000000,20.39000000,19.68
1749260939,19.10000000,1492.30000000,19.68
1749260939,19.09000000,105.17000000,19.68
1749260939,19.08000000,8.87000000,19.68
1749260939,19.07000000,106.53000000,19.68
1749260939,19.06000000,5.67000000,19.68
1749260939,19.05000000,13.14000000,19.68
1749260939,19.04000000,0.78000000,19.68
1749260939,19.03000000,176.42000000,19.68
1749260939,19.02000000,35.74000000,19.68
1749260939,19.01000000,67.04000000,19.68
1749260939,19.00000000,1540.33000000,19.68
1749260939,18.99000000,340.42000000,19.68
1749260939,18.98000000,4.78000000,19.68
1749260939,18.97000000,4.66000000,19.68
1749260939,18.96000000,2.84000000,19.68
1749260939,18.95000000,281.43000000,19.68
1749260939,18.94000000,4.87000000,19.68
1749260939,18.93000000,16.23000000,19.68
1749260939,18.92000000,186.33000000,19.68
1749260939,18.91000000,8.54000000,19.68
1749260939,18.90000000,302.63000000,19.68
1749260939,18.89000000,7.45000000,19.68
1749260939,18.88000000,103.22000000,19.68
1749260939,18.87000000,7.08000000,19.68
1749260939,18.86000000,9.20000000,19.68
1749260939,18.85000000,49.38000000,19.68
1749260939,18.84000000,1.24000000,19.68
1749260939,18.83000000,40.20000000,19.68
1749260939,18.82000000,301.15000000,19.68
1749260939,18.81000000,3.28000000,19.68
1749260939,18.80000000,242.70000000,19.68
1749260939,18.79000000,3.44000000,19.68
1749260939,18.78000000,1.63000000,19.68
1749260939,18.77000000,107.09000000,19.68
1749260939,18.76000000,27.66000000,19.68
1749260939,18.75000000,60.82000000,19.68
1749260939,18.74000000,2.80000000,19.68
1749260939,18.73000000,114.61000000,19.68
1749260939,18.72000000,5.35000000,19.68
1749260939,18.71000000,12.78000000,19.68
1749260939,18.70000000,124.03000000,19.68
1749260939,18.69000000,64.47000000,19.68
1749261240,19.66000000,738.96000000,19.66
1749261240,19.65000000,3943.40000000,19.66
1749261240,19.64000000,3959.79000000,19.66
1749261240,19.63000000,6747.60000000,19.66
1749261240,19.62000000,3335.60000000,19.66
1749261240,19.61000000,3346.32000000,19.66
1749261240,19.60000000,1340.32000000,19.66
1749261240,19.59000000,8908.29000000,19.66
1749261240,19.58000000,2701.93000000,19.66
1749261240,19.57000000,752.66000000,19.66
1749261240,19.56000000,823.69000000,19.66
1749261240,19.55000000,2955.06000000,19.66
1749261240,19.54000000,537.86000000,19.66
1749261240,19.53000000,379.54000000,19.66
1749261240,19.52000000,13732.00000000,19.66
1749261240,19.51000000,598.69000000,19.66
1749261240,19.50000000,394.71000000,19.66
1749261240,19.49000000,2525.63000000,19.66
1749261240,19.48000000,968.15000000,19.66
1749261240,19.47000000,451.55000000,19.66
1749261240,19.46000000,404.11000000,19.66
1749261240,19.45000000,393.70000000,19.66
1749261240,19.44000000,252.61000000,19.66
1749261240,19.43000000,243.33000000,19.66
1749261240,19.42000000,296.94000000,19.66
1749261240,19.41000000,195.66000000,19.66
1749261240,19.40000000,1544.34000000,19.66
1749261240,19.39000000,270.45000000,19.66
1749261240,19.38000000,169.27000000,19.66
1749261240,19.37000000,635.32000000,19.66
1749261240,19.36000000,266.66000000,19.66
1749261240,19.35000000,410.49000000,19.66
1749261240,19.34000000,169.17000000,19.66
1749261240,19.33000000,338.03000000,19.66
1749261240,19.32000000,1318.20000000,19.66
1749261240,19.31000000,855.00000000,19.66
1749261240,19.30000000,632.54000000,19.66
1749261240,19.29000000,299.80000000,19.66
1749261240,19.28000000,8170.33000000,19.66
1749261240,19.27000000,665.22000000,19.66
1749261240,19.26000000,269.24000000,19.66
1749261240,19.25000000,511.02000000,19.66
1749261240,19.24000000,4.59000000,19.66
1749261240,19.23000000,29.25000000,19.66
1749261240,19.22000000,80.13000000,19.66
1749261240,19.21000000,13377.59000000,19.66
1749261240,19.20000000,3268.35000000,19.66
1749261240,19.19000000,548.52000000,19.66
1749261240,19.18000000,15.41000000,19.66
1749261240,19.17000000,1.60000000,19.66
1749261240,19.16000000,11.92000000,19.66
1749261240,19.15000000,3.24000000,19.66
1749261240,19.14000000,12.46000000,19.66
1749261240,19.13000000,23.48000000,19.66
1749261240,19.12000000,174.78000000,19.66
1749261240,19.11000000,20.39000000,19.66
1749261240,19.10000000,1492.30000000,19.66
1749261240,19.09000000,105.17000000,19.66
1749261240,19.08000000,8.87000000,19.66
1749261240,19.07000000,106.53000000,19.66
1749261240,19.06000000,5.67000000,19.66
1749261240,19.05000000,13.14000000,19.66
1749261240,19.04000000,0.78000000,19.66
1749261240,19.03000000,176.42000000,19.66
1749261240,19.02000000,35.74000000,19.66
1749261240,19.01000000,67.04000000,19.66
1749261240,19.00000000,1540.33000000,19.66
1749261240,18.99000000,340.42000000,19.66
1749261240,18.98000000,4.78000000,19.66
1749261240,18.97000000,4.66000000,19.66
1749261240,18.96000000,3.11000000,19.66
1749261240,18.95000000,281.43000000,19.66
1749261240,18.94000000,4.87000000,19.66
1749261240,18.93000000,16.81000000,19.66
1749261240,18.92000000,186.84000000,19.66
1749261240,18.91000000,9.05000000,19.66
1749261240,18.90000000,302.63000000,19.66
1749261240,18.89000000,7.45000000,19.66
1749261240,18.88000000,103.22000000,19.66
1749261240,18.87000000,7.08000000,19.66
1749261240,18.86000000,9.20000000,19.66
1749261240,18.85000000,49.38000000,19.66
1749261240,18.84000000,1.24000000,19.66
1749261240,18.83000000,40.20000000,19.66
1749261240,18.82000000,301.15000000,19.66
1749261240,18.81000000,3.28000000,19.66
1749261240,18.80000000,242.70000000,19.66
1749261240,18.79000000,3.44000000,19.66
1749261240,18.78000000,1.63000000,19.66
1749261240,18.77000000,107.09000000,19.66
1749261240,18.76000000,27.66000000,19.66
1749261240,18.75000000,59.68000000,19.66
1749261240,18.74000000,2.80000000,19.66
1749261240,18.73000000,114.61000000,19.66
1749261240,18.72000000,5.35000000,19.66
1749261240,18.71000000,12.78000000,19.66
1749261240,18.70000000,124.03000000,19.66
1749261240,18.69000000,64.47000000,19.66
1749261240,18.68000000,7.75000000,19.66
1749261240,18.67000000,5.00000000,19.66
1749261542,19.69000000,575.70000000,19.69
1749261542,19.68000000,4516.86000000,19.69
1749261542,19.67000000,4017.02000000,19.69
1749261542,19.66000000,5880.41000000,19.69
1749261542,19.65000000,2147.84000000,19.69
1749261542,19.64000000,2657.82000000,19.69
1749261542,19.63000000,9014.64000000,19.69
1749261542,19.62000000,2365.01000000,19.69
1749261542,19.61000000,2411.35000000,19.69
1749261542,19.60000000,1468.98000000,19.69
1749261542,19.59000000,495.25000000,19.69
1749261542,19.58000000,2568.42000000,19.69
1749261542,19.57000000,717.00000000,19.69
1749261542,19.56000000,696.72000000,19.69
1749261542,19.55000000,15891.67000000,19.69
1749261542,19.54000000,566.04000000,19.69
1749261542,19.53000000,608.44000000,19.69
1749261542,19.52000000,459.28000000,19.69
1749261542,19.51000000,598.69000000,19.69
1749261542,19.50000000,341.89000000,19.69
1749261542,19.49000000,2405.58000000,19.69
1749261542,19.48000000,969.24000000,19.69
1749261542,19.47000000,451.55000000,19.69
1749261542,19.46000000,327.61000000,19.69
1749261542,19.45000000,310.59000000,19.69
1749261542,19.44000000,252.61000000,19.69
1749261542,19.43000000,243.33000000,19.69
1749261542,19.42000000,296.94000000,19.69
1749261542,19.41000000,187.73000000,19.69
1749261542,19.40000000,1544.34000000,19.69
1749261542,19.39000000,270.45000000,19.69
1749261542,19.38000000,169.27000000,19.69
1749261542,19.37000000,635.32000000,19.69
1749261542,19.36000000,266.66000000,19.69
1749261542,19.35000000,410.49000000,19.69
1749261542,19.34000000,169.17000000,19.69
1749261542,19.33000000,338.03000000,19.69
1749261542,19.32000000,1318.20000000,19.69
1749261542,19.31000000,855.00000000,19.69
1749261542,19.30000000,632.54000000,19.69
1749261542,19.29000000,299.92000000,19.69
1749261542,19.28000000,8028.39000000,19.69
1749261542,19.27000000,522.93000000,19.69
1749261542,19.26000000,153.78000000,19.69
1749261542,19.25000000,511.02000000,19.69
1749261542,19.24000000,4.59000000,19.69
1749261542,19.23000000,3.46000000,19.69
1749261542,19.22000000,80.13000000,19.69
1749261542,19.21000000,13392.59000000,19.69
1749261542,19.20000000,3253.35000000,19.69
1749261542,19.19000000,548.52000000,19.69
1749261542,19.18000000,15.41000000,19.69
1749261542,19.17000000,1.60000000,19.69
1749261542,19.16000000,11.92000000,19.69
1749261542,19.15000000,3.24000000,19.69
1749261542,19.14000000,12.46000000,19.69
1749261542,19.13000000,23.48000000,19.69
1749261542,19.12000000,174.78000000,19.69
1749261542,19.11000000,20.39000000,19.69
1749261542,19.10000000,1492.30000000,19.69
1749261542,19.09000000,105.17000000,19.69
1749261542,19.08000000,8.87000000,19.69
1749261542,19.07000000,106.53000000,19.69
1749261542,19.06000000,5.67000000,19.69
1749261542,19.05000000,13.14000000,19.69
1749261542,19.04000000,0.78000000,19.69
1749261542,19.03000000,176.42000000,19.69
1749261542,19.02000000,35.74000000,19.69
1749261542,19.01000000,67.04000000,19.69
1749261542,19.00000000,1561.70000000,19.69
1749261542,18.99000000,340.42000000,19.69
1749261542,18.98000000,4.78000000,19.69
1749261542,18.97000000,4.66000000,19.69
1749261542,18.96000000,2.84000000,19.69
1749261542,18.95000000,281.43000000,19.69
1749261542,18.94000000,4.87000000,19.69
1749261542,18.93000000,16.30000000,19.69
1749261542,18.92000000,186.33000000,19.69
1749261542,18.91000000,8.54000000,19.69
1749261542,18.90000000,302.63000000,19.69
1749261542,18.89000000,7.45000000,19.69
1749261542,18.88000000,103.22000000,19.69
1749261542,18.87000000,7.08000000,19.69
1749261542,18.86000000,9.20000000,19.69
1749261542,18.85000000,49.38000000,19.69
1749261542,18.84000000,1.24000000,19.69
1749261542,18.83000000,40.20000000,19.69
1749261542,18.82000000,301.15000000,19.69
1749261542,18.81000000,3.28000000,19.69
1749261542,18.80000000,242.70000000,19.69
1749261542,18.79000000,3.44000000,19.69
1749261542,18.78000000,1.63000000,19.69
1749261542,18.77000000,107.09000000,19.69
1749261542,18.76000000,27.66000000,19.69
1749261542,18.75000000,59.68000000,19.69
1749261542,18.74000000,2.80000000,19.69
1749261542,18.73000000,114.61000000,19.69
1749261542,18.72000000,5.35000000,19.69
1749261542,18.71000000,12.78000000,19.69
1749261542,18.70000000,124.03000000,19.69
1749261843,19.69000000,962.82000000,19.69
1749261843,19.68000000,4793.87000000,19.69
1749261843,19.67000000,4015.03000000,19.69
1749261843,19.66000000,5555.53000000,19.69
1749261843,19.65000000,2551.35000000,19.69
1749261843,19.64000000,2033.49000000,19.69
1749261843,19.63000000,10056.24000000,19.69
1749261843,19.62000000,977.76000000,19.69
1749261843,19.61000000,2467.67000000,19.69
1749261843,19.60000000,3534.55000000,19.69
1749261843,19.59000000,442.62000000,19.69
1749261843,19.58000000,600.10000000,19.69
1749261843,19.57000000,687.34000000,19.69
1749261843,19.56000000,694.70000000,19.69
1749261843,19.55000000,15864.42000000,19.69
1749261843,19.54000000,415.56000000,19.69
1749261843,19.53000000,339.85000000,19.69
1749261843,19.52000000,517.88000000,19.69
1749261843,19.51000000,800.92000000,19.69
1749261843,19.50000000,371.03000000,19.69
1749261843,19.49000000,2508.25000000,19.69
1749261843,19.48000000,343.43000000,19.69
1749261843,19.47000000,375.05000000,19.69
1749261843,19.46000000,354.53000000,19.69
1749261843,19.45000000,317.17000000,19.69
1749261843,19.44000000,830.99000000,19.69
1749261843,19.43000000,243.33000000,19.69
1749261843,19.42000000,296.94000000,19.69
1749261843,19.41000000,187.73000000,19.69
1749261843,19.40000000,1544.34000000,19.69
1749261843,19.39000000,270.45000000,19.69
1749261843,19.38000000,169.27000000,19.69
1749261843,19.37000000,635.32000000,19.69
1749261843,19.36000000,266.66000000,19.69
1749261843,19.35000000,410.49000000,19.69
1749261843,19.34000000,169.17000000,19.69
1749261843,19.33000000,338.03000000,19.69
1749261843,19.32000000,1318.20000000,19.69
1749261843,19.31000000,855.00000000,19.69
1749261843,19.30000000,632.54000000,19.69
1749261843,19.29000000,299.59000000,19.69
1749261843,19.28000000,8054.85000000,19.69
1749261843,19.27000000,522.93000000,19.69
1749261843,19.26000000,127.76000000,19.69
1749261843,19.25000000,511.02000000,19.69
1749261843,19.24000000,4.59000000,19.69
1749261843,19.23000000,3.46000000,19.69
1749261843,19.22000000,80.13000000,19.69
1749261843,19.21000000,13392.59000000,19.69
1749261843,19.20000000,3253.35000000,19.69
1749261843,19.19000000,548.52000000,19.69
1749261843,19.18000000,15.41000000,19.69
1749261843,19.17000000,1.60000000,19.69
1749261843,19.16000000,11.92000000,19.69
1749261843,19.15000000,3.24000000,19.69
1749261843,19.14000000,12.46000000,19.69
1749261843,19.13000000,23.48000000,19.69
1749261843,19.12000000,174.78000000,19.69
1749261843,19.11000000,20.39000000,19.69
1749261843,19.10000000,1492.30000000,19.69
1749261843,19.09000000,105.17000000,19.69
1749261843,19.08000000,8.87000000,19.69
1749261843,19.07000000,106.53000000,19.69
1749261843,19.06000000,5.67000000,19.69
1749261843,19.05000000,13.14000000,19.69
1749261843,19.04000000,0.78000000,19.69
1749261843,19.03000000,176.42000000,19.69
1749261843,19.02000000,35.74000000,19.69
1749261843,19.01000000,67.04000000,19.69
1749261843,19.00000000,1567.70000000,19.69
1749261843,18.99000000,340.42000000,19.69
1749261843,18.98000000,4.78000000,19.69
1749261843,18.97000000,4.66000000,19.69
1749261843,18.96000000,2.84000000,19.69
1749261843,18.95000000,281.43000000,19.69
1749261843,18.94000000,4.87000000,19.69
1749261843,18.93000000,16.30000000,19.69
1749261843,18.92000000,186.33000000,19.69
1749261843,18.91000000,8.54000000,19.69
1749261843,18.90000000,302.63000000,19.69
1749261843,18.89000000,7.45000000,19.69
1749261843,18.88000000,103.22000000,19.69
1749261843,18.87000000,7.08000000,19.69
1749261843,18.86000000,9.20000000,19.69
1749261843,18.85000000,49.38000000,19.69
1749261843,18.84000000,1.24000000,19.69
1749261843,18.83000000,40.20000000,19.69
1749261843,18.82000000,301.15000000,19.69
1749261843,18.81000000,3.28000000,19.69
1749261843,18.80000000,239.60000000,19.69
1749261843,18.79000000,3.44000000,19.69
1749261843,18.78000000,1.63000000,19.69
1749261843,18.77000000,107.09000000,19.69
1749261843,18.76000000,27.66000000,19.69
1749261843,18.75000000,59.68000000,19.69
1749261843,18.74000000,2.80000000,19.69
1749261843,18.73000000,114.61000000,19.69
1749261843,18.72000000,5.35000000,19.69
1749261843,18.71000000,12.78000000,19.69
1749261843,18.70000000,124.03000000,19.69
1749262145,19.67000000,179.75000000,19.68
1749262145,19.66000000,3006.07000000,19.68
1749262145,19.65000000,4777.92000000,19.68
1749262145,19.64000000,6601.83000000,19.68
1749262145,19.63000000,2429.74000000,19.68
1749262145,19.62000000,3054.41000000,19.68
1749262145,19.61000000,2354.86000000,19.68
1749262145,19.60000000,11348.02000000,19.68
1749262145,19.59000000,552.32000000,19.68
1749262145,19.58000000,630.59000000,19.68
1749262145,19.57000000,1030.07000000,19.68
1749262145,19.56000000,694.70000000,19.68
1749262145,19.55000000,2938.73000000,19.68
1749262145,19.54000000,466.59000000,19.68
1749262145,19.53000000,13289.99000000,19.68
1749262145,19.52000000,833.03000000,19.68
1749262145,19.51000000,574.21000000,19.68
1749262145,19.50000000,423.85000000,19.68
1749262145,19.49000000,2578.39000000,19.68
1749262145,19.48000000,419.93000000,19.68
1749262145,19.47000000,478.61000000,19.68
1749262145,19.46000000,354.53000000,19.68
1749262145,19.45000000,317.20000000,19.68
1749262145,19.44000000,830.99000000,19.68
1749262145,19.43000000,243.33000000,19.68
1749262145,19.42000000,296.94000000,19.68
1749262145,19.41000000,187.73000000,19.68
1749262145,19.40000000,1544.34000000,19.68
1749262145,19.39000000,270.45000000,19.68
1749262145,19.38000000,175.87000000,19.68
1749262145,19.37000000,635.32000000,19.68
1749262145,19.36000000,266.66000000,19.68
1749262145,19.35000000,410.49000000,19.68
1749262145,19.34000000,169.17000000,19.68
1749262145,19.33000000,338.03000000,19.68
1749262145,19.32000000,1318.20000000,19.68
1749262145,19.31000000,855.00000000,19.68
1749262145,19.30000000,628.54000000,19.68
1749262145,19.29000000,299.31000000,19.68
1749262145,19.28000000,8168.65000000,19.68
1749262145,19.27000000,689.07000000,19.68
1749262145,19.26000000,127.76000000,19.68
1749262145,19.25000000,511.02000000,19.68
1749262145,19.24000000,4.59000000,19.68
1749262145,19.23000000,3.46000000,19.68
1749262145,19.22000000,80.13000000,19.68
1749262145,19.21000000,13392.59000000,19.68
1749262145,19.20000000,3253.35000000,19.68
1749262145,19.19000000,548.52000000,19.68
1749262145,19.18000000,15.41000000,19.68
1749262145,19.17000000,1.60000000,19.68
1749262145,19.16000000,11.92000000,19.68
1749262145,19.15000000,3.24000000,19.68
1749262145,19.14000000,12.46000000,19.68
1749262145,19.13000000,23.48000000,19.68
1749262145,19.12000000,174.78000000,19.68
1749262145,19.11000000,20.39000000,19.68
1749262145,19.10000000,1492.30000000,19.68
1749262145,19.09000000,105.17000000,19.68
1749262145,19.08000000,8.87000000,19.68
1749262145,19.07000000,106.53000000,19.68
1749262145,19.06000000,5.67000000,19.68
1749262145,19.05000000,13.14000000,19.68
1749262145,19.04000000,0.78000000,19.68
1749262145,19.03000000,176.42000000,19.68
1749262145,19.02000000,35.74000000,19.68
1749262145,19.01000000,67.04000000,19.68
1749262145,19.00000000,1567.70000000,19.68
1749262145,18.99000000,340.42000000,19.68
1749262145,18.98000000,4.78000000,19.68
1749262145,18.97000000,4.66000000,19.68
1749262145,18.96000000,2.84000000,19.68
1749262145,18.95000000,281.43000000,19.68
1749262145,18.94000000,4.87000000,19.68
1749262145,18.93000000,16.81000000,19.68
1749262145,18.92000000,186.84000000,19.68
1749262145,18.91000000,8.54000000,19.68
1749262145,18.90000000,302.63000000,19.68
1749262145,18.89000000,7.45000000,19.68
1749262145,18.88000000,103.22000000,19.68
1749262145,18.87000000,7.08000000,19.68
1749262145,18.86000000,9.20000000,19.68
1749262145,18.85000000,49.38000000,19.68
1749262145,18.84000000,1.24000000,19.68
1749262145,18.83000000,40.20000000,19.68
1749262145,18.82000000,301.15000000,19.68
1749262145,18.81000000,3.28000000,19.68
1749262145,18.80000000,239.60000000,19.68
1749262145,18.79000000,3.44000000,19.68
1749262145,18.78000000,1.63000000,19.68
1749262145,18.77000000,107.09000000,19.68
1749262145,18.76000000,27.66000000,19.68
1749262145,18.75000000,59.68000000,19.68
1749262145,18.74000000,2.80000000,19.68
1749262145,18.73000000,114.61000000,19.68
1749262145,18.72000000,5.35000000,19.68
1749262145,18.71000000,13.32000000,19.68
1749262145,18.70000000,124.03000000,19.68
1749262145,18.69000000,64.47000000,19.68
1749262145,18.68000000,7.75000000,19.68
1749262447,19.71000000,285.60000000,19.71
1749262447,19.70000000,4319.61000000,19.71
1749262447,19.69000000,5005.43000000,19.71
1749262447,19.68000000,7000.04000000,19.71
1749262447,19.67000000,3139.04000000,19.71
1749262447,19.66000000,2535.99000000,19.71
1749262447,19.65000000,701.66000000,19.71
1749262447,19.64000000,9060.35000000,19.71
1749262447,19.63000000,2531.44000000,19.71
1749262447,19.62000000,1298.19000000,19.71
1749262447,19.61000000,2365.42000000,19.71
1749262447,19.60000000,3086.60000000,19.71
1749262447,19.59000000,420.07000000,19.71
1749262447,19.58000000,455.82000000,19.71
1749262447,19.57000000,697.21000000,19.71
1749262447,19.56000000,13625.07000000,19.71
1749262447,19.55000000,2982.01000000,19.71
1749262447,19.54000000,732.47000000,19.71
1749262447,19.53000000,367.93000000,19.71
1749262447,19.52000000,515.26000000,19.71
1749262447,19.51000000,549.77000000,19.71
1749262447,19.50000000,267.02000000,19.71
1749262447,19.49000000,2855.30000000,19.71
1749262447,19.48000000,315.55000000,19.71
1749262447,19.47000000,375.05000000,19.71
1749262447,19.46000000,327.61000000,19.71
1749262447,19.45000000,310.59000000,19.71
1749262447,19.44000000,164.63000000,19.71
1749262447,19.43000000,243.33000000,19.71
1749262447,19.42000000,296.94000000,19.71
1749262447,19.41000000,187.73000000,19.71
1749262447,19.40000000,2123.91000000,19.71
1749262447,19.39000000,270.45000000,19.71
1749262447,19.38000000,175.87000000,19.71
1749262447,19.37000000,635.32000000,19.71
1749262447,19.36000000,266.66000000,19.71
1749262447,19.35000000,410.49000000,19.71
1749262447,19.34000000,169.17000000,19.71
1749262447,19.33000000,338.03000000,19.71
1749262447,19.32000000,736.49000000,19.71
1749262447,19.31000000,714.79000000,19.71
1749262447,19.30000000,885.42000000,19.71
1749262447,19.29000000,158.13000000,19.71
1749262447,19.28000000,8028.39000000,19.71
1749262447,19.27000000,522.93000000,19.71
1749262447,19.26000000,127.76000000,19.71
1749262447,19.25000000,511.02000000,19.71
1749262447,19.24000000,4.59000000,19.71
1749262447,19.23000000,3.46000000,19.71
1749262447,19.22000000,80.13000000,19.71
1749262447,19.21000000,13392.59000000,19.71
1749262447,19.20000000,3253.35000000,19.71
1749262447,19.19000000,548.52000000,19.71
1749262447,19.18000000,15.41000000,19.71
1749262447,19.17000000,1.60000000,19.71
1749262447,19.16000000,11.92000000,19.71
1749262447,19.15000000,3.24000000,19.71
1749262447,19.14000000,12.46000000,19.71
1749262447,19.13000000,23.48000000,19.71
1749262447,19.12000000,174.78000000,19.71
1749262447,19.11000000,20.39000000,19.71
1749262447,19.10000000,1492.30000000,19.71
1749262447,19.09000000,105.17000000,19.71
1749262447,19.08000000,8.87000000,19.71
1749262447,19.07000000,106.53000000,19.71
1749262447,19.06000000,5.67000000,19.71
1749262447,19.05000000,13.14000000,19.71
1749262447,19.04000000,0.78000000,19.71
1749262447,19.03000000,176.42000000,19.71
1749262447,19.02000000,35.74000000,19.71
1749262447,19.01000000,67.04000000,19.71
1749262447,19.00000000,1567.70000000,19.71
1749262447,18.99000000,340.42000000,19.71
1749262447,18.98000000,4.78000000,19.71
1749262447,18.97000000,4.66000000,19.71
1749262447,18.96000000,2.84000000,19.71
1749262447,18.95000000,280.92000000,19.71
1749262447,18.94000000,4.36000000,19.71
1749262447,18.93000000,15.72000000,19.71
1749262447,18.92000000,186.33000000,19.71
1749262447,18.91000000,8.54000000,19.71
1749262447,18.90000000,830.63000000,19.71
1749262447,18.89000000,7.45000000,19.71
1749262447,18.88000000,103.22000000,19.71
1749262447,18.87000000,7.08000000,19.71
1749262447,18.86000000,9.20000000,19.71
1749262447,18.85000000,49.38000000,19.71
1749262447,18.84000000,1.24000000,19.71
1749262447,18.83000000,40.20000000,19.71
1749262447,18.82000000,301.15000000,19.71
1749262447,18.81000000,3.28000000,19.71
1749262447,18.80000000,239.60000000,19.71
1749262447,18.79000000,3.44000000,19.71
1749262447,18.78000000,1.63000000,19.71
1749262447,18.77000000,107.09000000,19.71
1749262447,18.76000000,27.66000000,19.71
1749262447,18.75000000,59.68000000,19.71
1749262447,18.74000000,2.80000000,19.71
1749262447,18.73000000,114.61000000,19.71
1749262447,18.72000000,5.35000000,19.71
1749262748,19.77000000,1108.92000000,19.78
1749262748,19.76000000,4387.94000000,19.78
1749262748,19.75000000,5356.94000000,19.78
1749262748,19.74000000,7546.36000000,19.78
1749262748,19.73000000,3567.48000000,19.78
1749262748,19.72000000,2045.02000000,19.78
1749262748,19.71000000,718.90000000,19.78
1749262748,19.70000000,9220.97000000,19.78
1749262748,19.69000000,598.79000000,19.78
1749262748,19.68000000,1246.74000000,19.78
1749262748,19.67000000,1712.82000000,19.78
1749262748,19.66000000,532.63000000,19.78
1749262748,19.65000000,2179.02000000,19.78
1749262748,19.64000000,2800.49000000,19.78
1749262748,19.63000000,13453.08000000,19.78
1749262748,19.62000000,3054.41000000,19.78
1749262748,19.61000000,490.16000000,19.78
1749262748,19.60000000,520.60000000,19.78
1749262748,19.59000000,405.57000000,19.78
1749262748,19.58000000,429.95000000,19.78
1749262748,19.57000000,586.92000000,19.78
1749262748,19.56000000,267.18000000,19.78
1749262748,19.55000000,2668.47000000,19.78
1749262748,19.54000000,1132.09000000,19.78
1749262748,19.53000000,274.53000000,19.78
1749262748,19.52000000,216.64000000,19.78
1749262748,19.51000000,202.44000000,19.78
1749262748,19.50000000,266.21000000,19.78
1749262748,19.49000000,251.54000000,19.78
1749262748,19.48000000,234.71000000,19.78
1749262748,19.47000000,221.17000000,19.78
1749262748,19.46000000,207.35000000,19.78
1749262748,19.45000000,739.86000000,19.78
1749262748,19.44000000,176.97000000,19.78
1749262748,19.43000000,209.25000000,19.78
1749262748,19.42000000,182.11000000,19.78
1749262748,19.41000000,279.53000000,19.78
1749262748,19.40000000,1529.08000000,19.78
1749262748,19.39000000,155.62000000,19.78
1749262748,19.38000000,161.61000000,19.78
1749262748,19.37000000,1224.10000000,19.78
1749262748,19.36000000,117.15000000,19.78
1749262748,19.35000000,261.24000000,19.78
1749262748,19.34000000,18.80000000,19.78
1749262748,19.33000000,98.05000000,19.78
1749262748,19.32000000,6.58000000,19.78
1749262748,19.31000000,539.61000000,19.78
1749262748,19.30000000,885.42000000,19.78
1749262748,19.29000000,156.84000000,19.78
1749262748,19.28000000,8026.84000000,19.78
1749262748,19.27000000,522.93000000,19.78
1749262748,19.26000000,127.76000000,19.78
1749262748,19.25000000,511.02000000,19.78
1749262748,19.24000000,4.59000000,19.78
1749262748,19.23000000,3.46000000,19.78
1749262748,19.22000000,80.13000000,19.78
1749262748,19.21000000,13392.59000000,19.78
1749262748,19.20000000,3253.35000000,19.78
1749262748,19.19000000,548.52000000,19.78
1749262748,19.18000000,15.41000000,19.78
1749262748,19.17000000,1.60000000,19.78
1749262748,19.16000000,11.92000000,19.78
1749262748,19.15000000,3.24000000,19.78
1749262748,19.14000000,12.46000000,19.78
1749262748,19.13000000,23.48000000,19.78
1749262748,19.12000000,174.78000000,19.78
1749262748,19.11000000,20.39000000,19.78
1749262748,19.10000000,1492.30000000,19.78
1749262748,19.09000000,105.17000000,19.78
1749262748,19.08000000,8.87000000,19.78
1749262748,19.07000000,106.53000000,19.78
1749262748,19.06000000,5.67000000,19.78
1749262748,19.05000000,13.14000000,19.78
1749262748,19.04000000,0.51000000,19.78
1749262748,19.03000000,176.42000000,19.78
1749262748,19.02000000,35.74000000,19.78
1749262748,19.01000000,66.53000000,19.78
1749262748,19.00000000,1567.19000000,19.78
1749262748,18.99000000,339.91000000,19.78
1749262748,18.98000000,4.27000000,19.78
1749262748,18.97000000,4.15000000,19.78
1749262748,18.96000000,2.33000000,19.78
1749262748,18.95000000,280.92000000,19.78
1749262748,18.94000000,4.36000000,19.78
1749262748,18.93000000,15.72000000,19.78
1749262748,18.92000000,186.33000000,19.78
1749262748,18.91000000,8.54000000,19.78
1749262748,18.90000000,830.63000000,19.78
1749262748,18.89000000,7.45000000,19.78
1749262748,18.88000000,103.22000000,19.78
1749262748,18.87000000,7.08000000,19.78
1749262748,18.86000000,9.20000000,19.78
1749262748,18.85000000,49.38000000,19.78
1749262748,18.84000000,1.24000000,19.78
1749262748,18.83000000,40.20000000,19.78
1749262748,18.82000000,301.15000000,19.78
1749262748,18.81000000,3.28000000,19.78
1749262748,18.80000000,239.60000000,19.78
1749262748,18.79000000,3.44000000,19.78
1749262748,18.78000000,1.63000000,19.78
1749263050,19.78000000,86.94000000,19.78
1749263050,19.77000000,3818.40000000,19.78
1749263050,19.76000000,5385.93000000,19.78
1749263050,19.75000000,8078.22000000,19.78
1749263050,19.74000000,3243.73000000,19.78
1749263050,19.73000000,2389.46000000,19.78
1749263050,19.72000000,9947.74000000,19.78
1749263050,19.71000000,2146.30000000,19.78
1749263050,19.70000000,1085.38000000,19.78
1749263050,19.69000000,2506.23000000,19.78
1749263050,19.68000000,1225.35000000,19.78
1749263050,19.67000000,2997.59000000,19.78
1749263050,19.66000000,726.99000000,19.78
1749263050,19.65000000,394.55000000,19.78
1749263050,19.64000000,13638.04000000,19.78
1749263050,19.63000000,543.16000000,19.78
1749263050,19.62000000,574.66000000,19.78
1749263050,19.61000000,426.96000000,19.78
1749263050,19.60000000,510.69000000,19.78
1749263050,19.59000000,339.04000000,19.78
1749263050,19.58000000,378.53000000,19.78
1749263050,19.57000000,2573.45000000,19.78
1749263050,19.56000000,265.09000000,19.78
1749263050,19.55000000,613.58000000,19.78
1749263050,19.54000000,989.38000000,19.78
1749263050,19.53000000,311.14000000,19.78
1749263050,19.52000000,315.02000000,19.78
1749263050,19.51000000,296.31000000,19.78
1749263050,19.50000000,336.74000000,19.78
1749263050,19.49000000,279.80000000,19.78
1749263050,19.48000000,233.36000000,19.78
1749263050,19.47000000,1492.18000000,19.78
1749263050,19.46000000,207.35000000,19.78
1749263050,19.45000000,739.86000000,19.78
1749263050,19.44000000,176.97000000,19.78
1749263050,19.43000000,158.84000000,19.78
1749263050,19.42000000,182.11000000,19.78
1749263050,19.41000000,280.81000000,19.78
1749263050,19.40000000,296.74000000,19.78
1749263050,19.39000000,155.62000000,19.78
1749263050,19.38000000,162.06000000,19.78
1749263050,19.37000000,1064.43000000,19.78
1749263050,19.36000000,142.40000000,19.78
1749263050,19.35000000,259.96000000,19.78
1749263050,19.34000000,18.80000000,19.78
1749263050,19.33000000,98.05000000,19.78
1749263050,19.32000000,515.90000000,19.78
1749263050,19.31000000,539.61000000,19.78
1749263050,19.30000000,885.42000000,19.78
1749263050,19.29000000,164.51000000,19.78
1749263050,19.28000000,8026.84000000,19.78
1749263050,19.27000000,522.93000000,19.78
1749263050,19.26000000,127.76000000,19.78
1749263050,19.25000000,33.68000000,19.78
1749263050,19.24000000,4.59000000,19.78
1749263050,19.23000000,3.46000000,19.78
1749263050,19.22000000,80.13000000,19.78
1749263050,19.21000000,13377.59000000,19.78
1749263050,19.20000000,3253.35000000,19.78
1749263050,19.19000000,548.52000000,19.78
1749263050,19.18000000,15.41000000,19.78
1749263050,19.17000000,496.65000000,19.78
1749263050,19.16000000,11.92000000,19.78
1749263050,19.15000000,3.24000000,19.78
1749263050,19.14000000,12.46000000,19.78
1749263050,19.13000000,23.48000000,19.78
1749263050,19.12000000,174.78000000,19.78
1749263050,19.11000000,20.91000000,19.78
1749263050,19.10000000,988.61000000,19.78
1749263050,19.09000000,105.17000000,19.78
1749263050,19.08000000,7.99000000,19.78
1749263050,19.07000000,106.53000000,19.78
1749263050,19.06000000,5.67000000,19.78
1749263050,19.05000000,13.14000000,19.78
1749263050,19.04000000,0.51000000,19.78
1749263050,19.03000000,422.16000000,19.78
1749263050,19.02000000,35.23000000,19.78
1749263050,19.01000000,66.53000000,19.78
1749263050,19.00000000,1567.19000000,19.78
1749263050,18.99000000,339.91000000,19.78
1749263050,18.98000000,4.27000000,19.78
1749263050,18.97000000,4.15000000,19.78
1749263050,18.96000000,2.33000000,19.78
1749263050,18.95000000,29.10000000,19.78
1749263050,18.94000000,4.36000000,19.78
1749263050,18.93000000,15.72000000,19.78
1749263050,18.92000000,186.33000000,19.78
1749263050,18.91000000,8.54000000,19.78
1749263050,18.90000000,830.63000000,19.78
1749263050,18.89000000,7.45000000,19.78
1749263050,18.88000000,103.22000000,19.78
1749263050,18.87000000,7.08000000,19.78
1749263050,18.86000000,9.20000000,19.78
1749263050,18.85000000,49.38000000,19.78
1749263050,18.84000000,1.24000000,19.78
1749263050,18.83000000,40.20000000,19.78
1749263050,18.82000000,301.15000000,19.78
1749263050,18.81000000,3.28000000,19.78
1749263050,18.80000000,239.60000000,19.78
1749263050,18.79000000,3.44000000,19.78
1749263352,19.78000000,1415.59000000,19.79
1749263352,19.77000000,5961.26000000,19.79
1749263352,19.76000000,6530.53000000,19.79
1749263352,19.75000000,7490.96000000,19.79
1749263352,19.74000000,2857.94000000,19.79
1749263352,19.73000000,2027.03000000,19.79
1749263352,19.72000000,8774.30000000,19.79
1749263352,19.71000000,2165.63000000,19.79
1749263352,19.70000000,850.19000000,19.79
1749263352,19.69000000,2689.22000000,19.79
1749263352,19.68000000,531.74000000,19.79
1749263352,19.67000000,2850.63000000,19.79
1749263352,19.66000000,13592.28000000,19.79
1749263352,19.65000000,394.55000000,19.79
1749263352,19.64000000,395.89000000,19.79
1749263352,19.63000000,408.09000000,19.79
1749263352,19.62000000,579.74000000,19.79
1749263352,19.61000000,375.93000000,19.79
1749263352,19.60000000,454.18000000,19.79
1749263352,19.59000000,480.26000000,19.79
1749263352,19.58000000,987.35000000,19.79
1749263352,19.57000000,2553.25000000,19.79
1749263352,19.56000000,265.09000000,19.79
1749263352,19.55000000,350.17000000,19.79
1749263352,19.54000000,381.56000000,19.79
1749263352,19.53000000,311.14000000,19.79
1749263352,19.52000000,321.95000000,19.79
1749263352,19.51000000,330.19000000,19.79
1749263352,19.50000000,260.24000000,19.79
1749263352,19.49000000,856.70000000,19.79
1749263352,19.48000000,199.11000000,19.79
1749263352,19.47000000,1484.56000000,19.79
1749263352,19.46000000,207.35000000,19.79
1749263352,19.45000000,161.78000000,19.79
1749263352,19.44000000,176.97000000,19.79
1749263352,19.43000000,158.84000000,19.79
1749263352,19.42000000,182.11000000,19.79
1749263352,19.41000000,280.81000000,19.79
1749263352,19.40000000,303.00000000,19.79
1749263352,19.39000000,136.02000000,19.79
1749263352,19.38000000,161.04000000,19.79
1749263352,19.37000000,1064.43000000,19.79
1749263352,19.36000000,117.15000000,19.79
1749263352,19.35000000,259.96000000,19.79
1749263352,19.34000000,18.80000000,19.79
1749263352,19.33000000,98.05000000,19.79
1749263352,19.32000000,515.90000000,19.79
1749263352,19.31000000,705.62000000,19.79
1749263352,19.30000000,885.42000000,19.79
1749263352,19.29000000,164.51000000,19.79
1749263352,19.28000000,8026.84000000,19.79
1749263352,19.27000000,522.93000000,19.79
1749263352,19.26000000,127.76000000,19.79
1749263352,19.25000000,18.68000000,19.79
1749263352,19.24000000,4.59000000,19.79
1749263352,19.23000000,3.46000000,19.79
1749263352,19.22000000,80.13000000,19.79
1749263352,19.21000000,13377.59000000,19.79
1749263352,19.20000000,3253.35000000,19.79
1749263352,19.19000000,548.52000000,19.79
1749263352,19.18000000,15.41000000,19.79
1749263352,19.17000000,511.65000000,19.79
1749263352,19.16000000,11.92000000,19.79
1749263352,19.15000000,3.24000000,19.79
1749263352,19.14000000,12.46000000,19.79
1749263352,19.13000000,23.48000000,19.79
1749263352,19.12000000,174.78000000,19.79
1749263352,19.11000000,20.91000000,19.79
1749263352,19.10000000,988.61000000,19.79
1749263352,19.09000000,105.17000000,19.79
1749263352,19.08000000,14.25000000,19.79
1749263352,19.07000000,106.53000000,19.79
1749263352,19.06000000,5.67000000,19.79
1749263352,19.05000000,13.14000000,19.79
1749263352,19.04000000,0.51000000,19.79
1749263352,19.03000000,422.16000000,19.79
1749263352,19.02000000,35.23000000,19.79
1749263352,19.01000000,66.53000000,19.79
1749263352,19.00000000,1567.19000000,19.79
1749263352,18.99000000,339.91000000,19.79
1749263352,18.98000000,4.27000000,19.79
1749263352,18.97000000,4.15000000,19.79
1749263352,18.96000000,2.33000000,19.79
1749263352,18.95000000,29.10000000,19.79
1749263352,18.94000000,4.36000000,19.79
1749263352,18.93000000,15.72000000,19.79
1749263352,18.92000000,186.33000000,19.79
1749263352,18.91000000,8.54000000,19.79
1749263352,18.90000000,824.31000000,19.79
1749263352,18.89000000,7.45000000,19.79
1749263352,18.88000000,103.22000000,19.79
1749263352,18.87000000,7.08000000,19.79
1749263352,18.86000000,9.20000000,19.79
1749263352,18.85000000,49.38000000,19.79
1749263352,18.84000000,1.24000000,19.79
1749263352,18.83000000,40.20000000,19.79
1749263352,18.82000000,301.15000000,19.79
1749263352,18.81000000,3.28000000,19.79
1749263352,18.80000000,239.60000000,19.79
1749263352,18.79000000,3.44000000,19.79
1749263653,19.80000000,839.44000000,19.8
1749263653,19.79000000,4029.04000000,19.8
1749263653,19.78000000,5824.40000000,19.8
1749263653,19.77000000,7474.59000000,19.8
1749263653,19.76000000,4175.98000000,19.8
1749263653,19.75000000,1323.21000000,19.8
1749263653,19.74000000,2190.03000000,19.8
1749263653,19.73000000,8763.89000000,19.8
1749263653,19.72000000,1497.55000000,19.8
1749263653,19.71000000,2146.30000000,19.8
1749263653,19.70000000,792.38000000,19.8
1749263653,19.69000000,2688.71000000,19.8
1749263653,19.68000000,1171.66000000,19.8
1749263653,19.67000000,2870.00000000,19.8
1749263653,19.66000000,457.23000000,19.8
1749263653,19.65000000,13266.05000000,19.8
1749263653,19.64000000,711.89000000,19.8
1749263653,19.63000000,357.06000000,19.8
1749263653,19.62000000,523.63000000,19.8
1749263653,19.61000000,427.03000000,19.8
1749263653,19.60000000,453.92000000,19.8
1749263653,19.59000000,480.26000000,19.8
1749263653,19.58000000,1016.14000000,19.8
1749263653,19.57000000,2524.44000000,19.8
1749263653,19.56000000,265.09000000,19.8
1749263653,19.55000000,350.17000000,19.8
1749263653,19.54000000,381.56000000,19.8
1749263653,19.53000000,311.14000000,19.8
1749263653,19.52000000,321.95000000,19.8
1749263653,19.51000000,253.69000000,19.8
1749263653,19.50000000,260.24000000,19.8
1749263653,19.49000000,279.80000000,19.8
1749263653,19.48000000,199.11000000,19.8
1749263653,19.47000000,1484.56000000,19.8
1749263653,19.46000000,207.35000000,19.8
1749263653,19.45000000,161.78000000,19.8
1749263653,19.44000000,743.01000000,19.8
1749263653,19.43000000,158.84000000,19.8
1749263653,19.42000000,182.11000000,19.8
1749263653,19.41000000,280.81000000,19.8
1749263653,19.40000000,276.72000000,19.8
1749263653,19.39000000,2.31000000,19.8
1749263653,19.38000000,52.31000000,19.8
1749263653,19.37000000,1064.43000000,19.8
1749263653,19.36000000,117.15000000,19.8
1749263653,19.35000000,259.96000000,19.8
1749263653,19.34000000,18.80000000,19.8
1749263653,19.33000000,98.05000000,19.8
1749263653,19.32000000,515.64000000,19.8
1749263653,19.31000000,705.62000000,19.8
1749263653,19.30000000,885.42000000,19.8
1749263653,19.29000000,164.51000000,19.8
1749263653,19.28000000,8026.84000000,19.8
1749263653,19.27000000,522.93000000,19.8
1749263653,19.26000000,127.76000000,19.8
1749263653,19.25000000,18.68000000,19.8
1749263653,19.24000000,4.59000000,19.8
1749263653,19.23000000,3.46000000,19.8
1749263653,19.22000000,80.13000000,19.8
1749263653,19.21000000,13377.59000000,19.8
1749263653,19.20000000,3253.35000000,19.8
1749263653,19.19000000,548.52000000,19.8
1749263653,19.18000000,15.41000000,19.8
1749263653,19.17000000,496.65000000,19.8
1749263653,19.16000000,11.92000000,19.8
1749263653,19.15000000,3.24000000,19.8
1749263653,19.14000000,12.46000000,19.8
1749263653,19.13000000,23.48000000,19.8
1749263653,19.12000000,174.78000000,19.8
1749263653,19.11000000,20.91000000,19.8
1749263653,19.10000000,988.61000000,19.8
1749263653,19.09000000,105.17000000,19.8
1749263653,19.08000000,14.25000000,19.8
1749263653,19.07000000,106.53000000,19.8
1749263653,19.06000000,5.67000000,19.8
1749263653,19.05000000,13.14000000,19.8
1749263653,19.03000000,421.65000000,19.8
1749263653,19.02000000,35.23000000,19.8
1749263653,19.01000000,66.53000000,19.8
1749263653,19.00000000,1567.19000000,19.8
1749263653,18.99000000,339.91000000,19.8
1749263653,18.98000000,4.27000000,19.8
1749263653,18.97000000,4.15000000,19.8
1749263653,18.96000000,2.33000000,19.8
1749263653,18.95000000,29.10000000,19.8
1749263653,18.94000000,4.36000000,19.8
1749263653,18.93000000,15.72000000,19.8
1749263653,18.92000000,186.33000000,19.8
1749263653,18.91000000,8.54000000,19.8
1749263653,18.90000000,824.31000000,19.8
1749263653,18.89000000,7.45000000,19.8
1749263653,18.88000000,103.22000000,19.8
1749263653,18.87000000,7.08000000,19.8
1749263653,18.86000000,9.20000000,19.8
1749263653,18.85000000,49.38000000,19.8
1749263653,18.84000000,1.24000000,19.8
1749263653,18.83000000,40.20000000,19.8
1749263653,18.82000000,301.15000000,19.8
1749263653,18.81000000,3.28000000,19.8
1749263653,18.80000000,239.60000000,19.8
1749263955,19.85000000,680.80000000,19.85
1749263955,19.84000000,4476.22000000,19.85
1749263955,19.83000000,5721.40000000,19.85
1749263955,19.82000000,7190.29000000,19.85
1749263955,19.81000000,3853.12000000,19.85
1749263955,19.80000000,1138.09000000,19.85
1749263955,19.79000000,1501.28000000,19.85
1749263955,19.78000000,9159.72000000,19.85
1749263955,19.77000000,759.95000000,19.85
1749263955,19.76000000,2213.11000000,19.85
1749263955,19.75000000,2299.75000000,19.85
1749263955,19.74000000,908.21000000,19.85
1749263955,19.73000000,2726.73000000,19.85
1749263955,19.72000000,1090.49000000,19.85
1749263955,19.71000000,2878.27000000,19.85
1749263955,19.70000000,13330.40000000,19.85
1749263955,19.69000000,629.85000000,19.85
1749263955,19.68000000,507.87000000,19.85
1749263955,19.67000000,451.16000000,19.85
1749263955,19.66000000,419.66000000,19.85
1749263955,19.65000000,456.18000000,19.85
1749263955,19.64000000,344.21000000,19.85
1749263955,19.63000000,2525.71000000,19.85
1749263955,19.62000000,968.69000000,19.85
1749263955,19.61000000,317.44000000,19.85
1749263955,19.60000000,311.72000000,19.85
1749263955,19.59000000,282.61000000,19.85
1749263955,19.58000000,258.60000000,19.85
1749263955,19.57000000,324.78000000,19.85
1749263955,19.56000000,277.22000000,19.85
1749263955,19.55000000,268.57000000,19.85
1749263955,19.54000000,217.53000000,19.85
1749263955,19.53000000,206.83000000,19.85
1749263955,19.52000000,787.54000000,19.85
1749263955,19.51000000,219.81000000,19.85
1749263955,19.50000000,272.54000000,19.85
1749263955,19.49000000,320.57000000,19.85
1749263955,19.48000000,199.11000000,19.85
1749263955,19.47000000,1485.84000000,19.85
1749263955,19.46000000,207.35000000,19.85
1749263955,19.45000000,162.06000000,19.85
1749263955,19.44000000,7.51000000,19.85
1749263955,19.43000000,30.24000000,19.85
1749263955,19.42000000,26.92000000,19.85
1749263955,19.41000000,612.42000000,19.85
1749263955,19.40000000,142.60000000,19.85
1749263955,19.39000000,26.13000000,19.85
1749263955,19.38000000,9.44000000,19.85
1749263955,19.37000000,483.96000000,19.85
1749263955,19.36000000,115.61000000,19.85
1749263955,19.35000000,259.96000000,19.85
1749263955,19.34000000,18.80000000,19.85
1749263955,19.33000000,98.05000000,19.85
1749263955,19.32000000,515.64000000,19.85
1749263955,19.31000000,720.62000000,19.85
1749263955,19.30000000,885.42000000,19.85
1749263955,19.29000000,164.51000000,19.85
1749263955,19.28000000,8026.84000000,19.85
1749263955,19.27000000,522.93000000,19.85
1749263955,19.26000000,127.76000000,19.85
1749263955,19.25000000,18.68000000,19.85
1749263955,19.24000000,4.59000000,19.85
1749263955,19.23000000,3.46000000,19.85
1749263955,19.22000000,80.13000000,19.85
1749263955,19.21000000,13377.59000000,19.85
1749263955,19.20000000,3253.35000000,19.85
1749263955,19.19000000,548.52000000,19.85
1749263955,19.18000000,15.41000000,19.85
1749263955,19.17000000,496.65000000,19.85
1749263955,19.16000000,11.92000000,19.85
1749263955,19.15000000,3.24000000,19.85
1749263955,19.14000000,12.46000000,19.85
1749263955,19.13000000,23.48000000,19.85
1749263955,19.12000000,174.51000000,19.85
1749263955,19.11000000,20.91000000,19.85
1749263955,19.10000000,987.51000000,19.85
1749263955,19.09000000,104.66000000,19.85
1749263955,19.08000000,13.74000000,19.85
1749263955,19.07000000,106.02000000,19.85
1749263955,19.06000000,5.16000000,19.85
1749263955,19.05000000,12.63000000,19.85
1749263955,19.03000000,421.65000000,19.85
1749263955,19.02000000,35.23000000,19.85
1749263955,19.01000000,66.53000000,19.85
1749263955,19.00000000,1567.19000000,19.85
1749263955,18.99000000,339.91000000,19.85
1749263955,18.98000000,4.27000000,19.85
1749263955,18.97000000,4.15000000,19.85
1749263955,18.96000000,2.33000000,19.85
1749263955,18.95000000,29.10000000,19.85
1749263955,18.94000000,4.36000000,19.85
1749263955,18.93000000,15.72000000,19.85
1749263955,18.92000000,186.33000000,19.85
1749263955,18.91000000,8.54000000,19.85
1749263955,18.90000000,824.31000000,19.85
1749263955,18.89000000,7.45000000,19.85
1749263955,18.88000000,103.22000000,19.85
1749263955,18.87000000,7.08000000,19.85
1749263955,18.86000000,9.20000000,19.85
1749263955,18.85000000,49.38000000,19.85
1749264256,19.79000000,499.66000000,19.79
1749264256,19.78000000,3677.88000000,19.79
1749264256,19.77000000,5490.14000000,19.79
1749264256,19.76000000,9234.16000000,19.79
1749264256,19.75000000,4991.16000000,19.79
1749264256,19.74000000,1182.22000000,19.79
1749264256,19.73000000,2853.53000000,19.79
1749264256,19.72000000,8729.62000000,19.79
1749264256,19.71000000,2897.60000000,19.79
1749264256,19.70000000,556.13000000,19.79
1749264256,19.69000000,671.29000000,19.79
1749264256,19.68000000,835.06000000,19.79
1749264256,19.67000000,681.82000000,19.79
1749264256,19.66000000,419.92000000,19.79
1749264256,19.65000000,456.44000000,19.79
1749264256,19.64000000,13532.04000000,19.79
1749264256,19.63000000,2357.39000000,19.79
1749264256,19.62000000,395.88000000,19.79
1749264256,19.61000000,317.70000000,19.79
1749264256,19.60000000,311.72000000,19.79
1749264256,19.59000000,438.33000000,19.79
1749264256,19.58000000,867.42000000,19.79
1749264256,19.57000000,364.53000000,19.79
1749264256,19.56000000,306.48000000,19.79
1749264256,19.55000000,345.07000000,19.79
1749264256,19.54000000,321.32000000,19.79
1749264256,19.53000000,373.47000000,19.79
1749264256,19.52000000,341.88000000,19.79
1749264256,19.51000000,315.25000000,19.79
1749264256,19.50000000,321.11000000,19.79
1749264256,19.49000000,320.57000000,19.79
1749264256,19.48000000,199.11000000,19.79
1749264256,19.47000000,1513.82000000,19.79
1749264256,19.46000000,207.35000000,19.79
1749264256,19.45000000,161.78000000,19.79
1749264256,19.44000000,141.97000000,19.79
1749264256,19.43000000,717.07000000,19.79
1749264256,19.42000000,162.04000000,19.79
1749264256,19.41000000,747.43000000,19.79
1749264256,19.40000000,300.75000000,19.79
1749264256,19.39000000,164.18000000,19.79
1749264256,19.38000000,9.44000000,19.79
1749264256,19.37000000,483.96000000,19.79
1749264256,19.36000000,115.61000000,19.79
1749264256,19.35000000,259.96000000,19.79
1749264256,19.34000000,18.80000000,19.79
1749264256,19.33000000,98.05000000,19.79
1749264256,19.32000000,515.64000000,19.79
1749264256,19.31000000,720.62000000,19.79
1749264256,19.30000000,885.42000000,19.79
1749264256,19.29000000,164.51000000,19.79
1749264256,19.28000000,8026.84000000,19.79
1749264256,19.27000000,522.93000000,19.79
1749264256,19.26000000,127.76000000,19.79
1749264256,19.25000000,18.68000000,19.79
1749264256,19.24000000,4.59000000,19.79
1749264256,19.23000000,3.46000000,19.79
1749264256,19.22000000,79.76000000,19.79
1749264256,19.21000000,13377.59000000,19.79
1749264256,19.20000000,3253.35000000,19.79
1749264256,19.19000000,548.52000000,19.79
1749264256,19.18000000,15.41000000,19.79
1749264256,19.17000000,496.65000000,19.79
1749264256,19.16000000,11.92000000,19.79
1749264256,19.15000000,3.24000000,19.79
1749264256,19.14000000,12.46000000,19.79
1749264256,19.13000000,23.48000000,19.79
1749264256,19.12000000,174.78000000,19.79
1749264256,19.11000000,20.91000000,19.79
1749264256,19.10000000,987.51000000,19.79
1749264256,19.09000000,105.17000000,19.79
1749264256,19.08000000,14.25000000,19.79
1749264256,19.07000000,106.53000000,19.79
1749264256,19.06000000,5.67000000,19.79
1749264256,19.05000000,12.63000000,19.79
1749264256,19.03000000,421.65000000,19.79
1749264256,19.02000000,35.23000000,19.79
1749264256,19.01000000,66.53000000,19.79
1749264256,19.00000000,1564.84000000,19.79
1749264256,18.99000000,339.91000000,19.79
1749264256,18.98000000,4.27000000,19.79
1749264256,18.97000000,4.15000000,19.79
1749264256,18.96000000,2.33000000,19.79
1749264256,18.95000000,29.10000000,19.79
1749264256,18.94000000,4.36000000,19.79
1749264256,18.93000000,15.72000000,19.79
1749264256,18.92000000,186.33000000,19.79
1749264256,18.91000000,8.54000000,19.79
1749264256,18.90000000,824.31000000,19.79
1749264256,18.89000000,7.45000000,19.79
1749264256,18.88000000,103.22000000,19.79
1749264256,18.87000000,7.08000000,19.79
1749264256,18.86000000,9.20000000,19.79
1749264256,18.85000000,49.38000000,19.79
1749264256,18.84000000,1.24000000,19.79
1749264256,18.83000000,40.20000000,19.79
1749264256,18.82000000,301.15000000,19.79
1749264256,18.81000000,3.28000000,19.79
1749264256,18.80000000,238.53000000,19.79
1749264256,18.79000000,3.44000000,19.79
1749264560,19.82000000,485.15000000,19.82
1749264560,19.81000000,5044.06000000,19.82
1749264560,19.80000000,5160.60000000,19.82
1749264560,19.79000000,6772.08000000,19.82
1749264560,19.78000000,4233.23000000,19.82
1749264560,19.77000000,2060.85000000,19.82
1749264560,19.76000000,9845.59000000,19.82
1749264560,19.75000000,2871.45000000,19.82
1749264560,19.74000000,1251.93000000,19.82
1749264560,19.73000000,2585.22000000,19.82
1749264560,19.72000000,631.35000000,19.82
1749264560,19.71000000,520.62000000,19.82
1749264560,19.70000000,462.83000000,19.82
1749264560,19.69000000,604.24000000,19.82
1749264560,19.68000000,15848.25000000,19.82
1749264560,19.67000000,400.97000000,19.82
1749264560,19.66000000,419.92000000,19.82
1749264560,19.65000000,369.40000000,19.82
1749264560,19.64000000,344.47000000,19.82
1749264560,19.63000000,2444.26000000,19.82
1749264560,19.62000000,346.40000000,19.82
1749264560,19.61000000,317.54000000,19.82
1749264560,19.60000000,311.72000000,19.82
1749264560,19.59000000,1061.58000000,19.82
1749264560,19.58000000,258.60000000,19.82
1749264560,19.57000000,296.84000000,19.82
1749264560,19.56000000,306.48000000,19.82
1749264560,19.55000000,345.07000000,19.82
1749264560,19.54000000,321.32000000,19.82
1749264560,19.53000000,339.63000000,19.82
1749264560,19.52000000,265.38000000,19.82
1749264560,19.51000000,204.81000000,19.82
1749264560,19.50000000,232.31000000,19.82
1749264560,19.49000000,292.31000000,19.82
1749264560,19.48000000,776.30000000,19.82
1749264560,19.47000000,1484.56000000,19.82
1749264560,19.46000000,235.34000000,19.82
1749264560,19.45000000,190.10000000,19.82
1749264560,19.44000000,154.31000000,19.82
1749264560,19.43000000,138.39000000,19.82
1749264560,19.42000000,158.78000000,19.82
1749264560,19.41000000,675.05000000,19.82
1749264560,19.40000000,142.60000000,19.82
1749264560,19.39000000,2.31000000,19.82
1749264560,19.38000000,9.44000000,19.82
1749264560,19.37000000,483.96000000,19.82
1749264560,19.36000000,115.61000000,19.82
1749264560,19.35000000,259.96000000,19.82
1749264560,19.34000000,18.80000000,19.82
1749264560,19.33000000,98.05000000,19.82
1749264560,19.32000000,515.64000000,19.82
1749264560,19.31000000,705.62000000,19.82
1749264560,19.30000000,885.42000000,19.82
1749264560,19.29000000,164.51000000,19.82
1749264560,19.28000000,8026.84000000,19.82
1749264560,19.27000000,522.93000000,19.82
1749264560,19.26000000,127.76000000,19.82
1749264560,19.25000000,18.68000000,19.82
1749264560,19.24000000,4.59000000,19.82
1749264560,19.23000000,3.46000000,19.82
1749264560,19.22000000,79.76000000,19.82
1749264560,19.21000000,13377.59000000,19.82
1749264560,19.20000000,3253.35000000,19.82
1749264560,19.19000000,548.52000000,19.82
1749264560,19.18000000,15.41000000,19.82
1749264560,19.17000000,496.65000000,19.82
1749264560,19.16000000,11.92000000,19.82
1749264560,19.15000000,3.24000000,19.82
1749264560,19.14000000,12.46000000,19.82
1749264560,19.13000000,23.48000000,19.82
1749264560,19.12000000,174.78000000,19.82
1749264560,19.11000000,20.91000000,19.82
1749264560,19.10000000,987.51000000,19.82
1749264560,19.09000000,105.17000000,19.82
1749264560,19.08000000,14.25000000,19.82
1749264560,19.07000000,106.53000000,19.82
1749264560,19.06000000,5.16000000,19.82
1749264560,19.05000000,12.63000000,19.82
1749264560,19.03000000,421.65000000,19.82
1749264560,19.02000000,35.23000000,19.82
1749264560,19.01000000,66.53000000,19.82
1749264560,19.00000000,1564.84000000,19.82
1749264560,18.99000000,339.91000000,19.82
1749264560,18.98000000,4.27000000,19.82
1749264560,18.97000000,4.15000000,19.82
1749264560,18.96000000,2.33000000,19.82
1749264560,18.95000000,29.10000000,19.82
1749264560,18.94000000,4.36000000,19.82
1749264560,18.93000000,15.72000000,19.82
1749264560,18.92000000,186.33000000,19.82
1749264560,18.91000000,8.54000000,19.82
1749264560,18.90000000,824.31000000,19.82
1749264560,18.89000000,7.45000000,19.82
1749264560,18.88000000,103.22000000,19.82
1749264560,18.87000000,7.08000000,19.82
1749264560,18.86000000,9.20000000,19.82
1749264560,18.85000000,49.38000000,19.82
1749264560,18.84000000,1.24000000,19.82
1749264560,18.83000000,40.20000000,19.82
1749264560,18.82000000,301.15000000,19.82
1749264862,19.86000000,1382.96000000,19.86
1749264862,19.85000000,4771.32000000,19.86
1749264862,19.84000000,3945.85000000,19.86
1749264862,19.83000000,5589.59000000,19.86
1749264862,19.82000000,2265.87000000,19.86
1749264862,19.81000000,1118.11000000,19.86
1749264862,19.80000000,8837.59000000,19.86
1749264862,19.79000000,1061.94000000,19.86
1749264862,19.78000000,1151.61000000,19.86
1749264862,19.77000000,1781.22000000,19.86
1749264862,19.76000000,1030.40000000,19.86
1749264862,19.75000000,2203.29000000,19.86
1749264862,19.74000000,913.32000000,19.86
1749264862,19.73000000,2468.32000000,19.86
1749264862,19.72000000,16013.17000000,19.86
1749264862,19.71000000,426.48000000,19.86
1749264862,19.70000000,415.00000000,19.86
1749264862,19.69000000,406.62000000,19.86
1749264862,19.68000000,533.11000000,19.86
1749264862,19.67000000,401.18000000,19.86
1749264862,19.66000000,406.37000000,19.86
1749264862,19.65000000,889.92000000,19.86
1749264862,19.64000000,256.53000000,19.86
1749264862,19.63000000,2495.89000000,19.86
1749264862,19.62000000,346.40000000,19.86
1749264862,19.61000000,373.44000000,19.86
1749264862,19.60000000,334.31000000,19.86
1749264862,19.59000000,271.18000000,19.86
1749264862,19.58000000,287.02000000,19.86
1749264862,19.57000000,323.12000000,19.86
1749264862,19.56000000,827.63000000,19.86
1749264862,19.55000000,296.43000000,19.86
1749264862,19.54000000,217.53000000,19.86
1749264862,19.53000000,206.83000000,19.86
1749264862,19.52000000,223.82000000,19.86
1749264862,19.51000000,202.15000000,19.86
1749264862,19.50000000,260.55000000,19.86
1749264862,19.49000000,292.31000000,19.86
1749264862,19.48000000,199.11000000,19.86
1749264862,19.47000000,1486.12000000,19.86
1749264862,19.46000000,138.42000000,19.86
1749264862,19.45000000,580.51000000,19.86
1749264862,19.44000000,33.54000000,19.86
1749264862,19.43000000,3.49000000,19.86
1749264862,19.42000000,26.92000000,19.86
1749264862,19.41000000,69.15000000,19.86
1749264862,19.40000000,142.60000000,19.86
1749264862,19.39000000,2.31000000,19.86
1749264862,19.38000000,9.44000000,19.86
1749264862,19.37000000,483.96000000,19.86
1749264862,19.36000000,115.61000000,19.86
1749264862,19.35000000,259.96000000,19.86
1749264862,19.34000000,18.80000000,19.86
1749264862,19.33000000,98.05000000,19.86
1749264862,19.32000000,515.64000000,19.86
1749264862,19.31000000,705.62000000,19.86
1749264862,19.30000000,885.42000000,19.86
1749264862,19.29000000,164.51000000,19.86
1749264862,19.28000000,8026.84000000,19.86
1749264862,19.27000000,522.93000000,19.86
1749264862,19.26000000,127.76000000,19.86
1749264862,19.25000000,18.42000000,19.86
1749264862,19.24000000,4.33000000,19.86
1749264862,19.23000000,3.46000000,19.86
1749264862,19.22000000,79.76000000,19.86
1749264862,19.21000000,13377.59000000,19.86
1749264862,19.20000000,3253.35000000,19.86
1749264862,19.19000000,548.52000000,19.86
1749264862,19.18000000,15.41000000,19.86
1749264862,19.17000000,496.65000000,19.86
1749264862,19.16000000,11.92000000,19.86
1749264862,19.15000000,3.24000000,19.86
1749264862,19.14000000,12.15000000,19.86
1749264862,19.13000000,23.48000000,19.86
1749264862,19.12000000,174.51000000,19.86
1749264862,19.11000000,20.91000000,19.86
1749264862,19.10000000,987.00000000,19.86
1749264862,19.09000000,104.66000000,19.86
1749264862,19.08000000,13.74000000,19.86
1749264862,19.07000000,106.02000000,19.86
1749264862,19.06000000,5.16000000,19.86
1749264862,19.05000000,12.63000000,19.86
1749264862,19.03000000,421.65000000,19.86
1749264862,19.02000000,35.23000000,19.86
1749264862,19.01000000,66.53000000,19.86
1749264862,19.00000000,1564.84000000,19.86
1749264862,18.99000000,339.91000000,19.86
1749264862,18.98000000,4.27000000,19.86
1749264862,18.97000000,4.15000000,19.86
1749264862,18.96000000,2.33000000,19.86
1749264862,18.95000000,29.10000000,19.86
1749264862,18.94000000,4.36000000,19.86
1749264862,18.93000000,15.72000000,19.86
1749264862,18.92000000,186.33000000,19.86
1749264862,18.91000000,8.54000000,19.86
1749264862,18.90000000,824.31000000,19.86
1749264862,18.89000000,7.45000000,19.86
1749264862,18.88000000,103.22000000,19.86
1749264862,18.87000000,7.08000000,19.86
1749264862,18.86000000,9.20000000,19.86
1749265165,19.88000000,916.45000000,19.88
1749265165,19.87000000,3441.18000000,19.88
1749265165,19.86000000,4338.48000000,19.88
1749265165,19.85000000,6162.16000000,19.88
1749265165,19.84000000,3139.16000000,19.88
1749265165,19.83000000,1817.47000000,19.88
1749265165,19.82000000,1046.33000000,19.88
1749265165,19.81000000,9809.67000000,19.88
1749265165,19.80000000,1156.88000000,19.88
1749265165,19.79000000,2595.13000000,19.88
1749265165,19.78000000,861.98000000,19.88
1749265165,19.77000000,2617.33000000,19.88
1749265165,19.76000000,3268.76000000,19.88
1749265165,19.75000000,432.77000000,19.88
1749265165,19.74000000,510.26000000,19.88
1749265165,19.73000000,13230.37000000,19.88
1749265165,19.72000000,766.47000000,19.88
1749265165,19.71000000,403.17000000,19.88
1749265165,19.70000000,390.04000000,19.88
1749265165,19.69000000,2384.59000000,19.88
1749265165,19.68000000,556.71000000,19.88
1749265165,19.67000000,553.01000000,19.88
1749265165,19.66000000,480.37000000,19.88
1749265165,19.65000000,843.39000000,19.88
1749265165,19.64000000,291.39000000,19.88
1749265165,19.63000000,328.71000000,19.88
1749265165,19.62000000,394.85000000,19.88
1749265165,19.61000000,305.86000000,19.88
1749265165,19.60000000,334.31000000,19.88
1749265165,19.59000000,304.92000000,19.88
1749265165,19.58000000,1536.19000000,19.88
1749265165,19.57000000,296.71000000,19.88
1749265165,19.56000000,827.37000000,19.88
1749265165,19.55000000,403.12000000,19.88
1749265165,19.54000000,294.03000000,19.88
1749265165,19.53000000,206.83000000,19.88
1749265165,19.52000000,211.53000000,19.88
1749265165,19.51000000,202.15000000,19.88
1749265165,19.50000000,230.29000000,19.88
1749265165,19.49000000,292.31000000,19.88
1749265165,19.48000000,199.11000000,19.88
1749265165,19.47000000,10.19000000,19.88
1749265165,19.46000000,33.76000000,19.88
1749265165,19.45000000,580.51000000,19.88
1749265165,19.44000000,7.51000000,19.88
1749265165,19.43000000,3.49000000,19.88
1749265165,19.42000000,26.92000000,19.88
1749265165,19.41000000,69.15000000,19.88
1749265165,19.40000000,142.60000000,19.88
1749265165,19.39000000,2.31000000,19.88
1749265165,19.38000000,9.44000000,19.88
1749265165,19.37000000,483.96000000,19.88
1749265165,19.36000000,115.61000000,19.88
1749265165,19.35000000,259.96000000,19.88
1749265165,19.34000000,18.80000000,19.88
1749265165,19.33000000,98.05000000,19.88
1749265165,19.32000000,515.64000000,19.88
1749265165,19.31000000,705.62000000,19.88
1749265165,19.30000000,885.42000000,19.88
1749265165,19.29000000,164.51000000,19.88
1749265165,19.28000000,8026.84000000,19.88
1749265165,19.27000000,522.93000000,19.88
1749265165,19.26000000,127.50000000,19.88
1749265165,19.25000000,18.42000000,19.88
1749265165,19.24000000,5.13000000,19.88
1749265165,19.23000000,4.26000000,19.88
1749265165,19.22000000,79.76000000,19.88
1749265165,19.21000000,13377.59000000,19.88
1749265165,19.20000000,3253.35000000,19.88
1749265165,19.19000000,548.52000000,19.88
1749265165,19.18000000,15.41000000,19.88
1749265165,19.17000000,496.65000000,19.88
1749265165,19.16000000,11.92000000,19.88
1749265165,19.15000000,3.24000000,19.88
1749265165,19.14000000,12.15000000,19.88
1749265165,19.13000000,23.48000000,19.88
1749265165,19.12000000,174.00000000,19.88
1749265165,19.11000000,19.60000000,19.88
1749265165,19.10000000,986.20000000,19.88
1749265165,19.09000000,104.66000000,19.88
1749265165,19.08000000,13.74000000,19.88
1749265165,19.07000000,106.02000000,19.88
1749265165,19.06000000,5.16000000,19.88
1749265165,19.05000000,12.63000000,19.88
1749265165,19.03000000,421.65000000,19.88
1749265165,19.02000000,35.23000000,19.88
1749265165,19.01000000,66.53000000,19.88
1749265165,19.00000000,1564.84000000,19.88
1749265165,18.99000000,339.91000000,19.88
1749265165,18.98000000,4.27000000,19.88
1749265165,18.97000000,4.15000000,19.88
1749265165,18.96000000,2.33000000,19.88
1749265165,18.95000000,29.10000000,19.88
1749265165,18.94000000,4.36000000,19.88
1749265165,18.93000000,15.72000000,19.88
1749265165,18.92000000,186.33000000,19.88
1749265165,18.91000000,8.54000000,19.88
1749265165,18.90000000,824.31000000,19.88
1749265165,18.89000000,7.45000000,19.88
1749265165,18.88000000,103.22000000,19.88
1749265467,19.93000000,193.52000000,19.93
1749265467,19.92000000,2637.46000000,19.93
1749265467,19.91000000,4225.63000000,19.93
1749265467,19.90000000,5902.65000000,19.93
1749265467,19.89000000,2910.35000000,19.93
1749265467,19.88000000,2302.73000000,19.93
1749265467,19.87000000,926.04000000,19.93
1749265467,19.86000000,8588.10000000,19.93
1749265467,19.85000000,728.81000000,19.93
1749265467,19.84000000,1506.29000000,19.93
1749265467,19.83000000,1783.59000000,19.93
1749265467,19.82000000,792.70000000,19.93
1749265467,19.81000000,1956.43000000,19.93
1749265467,19.80000000,833.88000000,19.93
1749265467,19.79000000,15231.09000000,19.93
1749265467,19.78000000,684.95000000,19.93
1749265467,19.77000000,442.83000000,19.93
1749265467,19.76000000,3160.32000000,19.93
1749265467,19.75000000,387.84000000,19.93
1749265467,19.74000000,587.87000000,19.93
1749265467,19.73000000,334.02000000,19.93
1749265467,19.72000000,343.83000000,19.93
1749265467,19.71000000,225.42000000,19.93
1749265467,19.70000000,223.53000000,19.93
1749265467,19.69000000,2219.68000000,19.93
1749265467,19.68000000,441.63000000,19.93
1749265467,19.67000000,268.65000000,19.93
1749265467,19.66000000,292.13000000,19.93
1749265467,19.65000000,776.52000000,19.93
1749265467,19.64000000,231.63000000,19.93
1749265467,19.63000000,816.81000000,19.93
1749265467,19.62000000,273.82000000,19.93
1749265467,19.61000000,254.67000000,19.93
1749265467,19.60000000,302.01000000,19.93
1749265467,19.59000000,196.32000000,19.93
1749265467,19.58000000,1550.70000000,19.93
1749265467,19.57000000,186.36000000,19.93
1749265467,19.56000000,175.77000000,19.93
1749265467,19.55000000,212.04000000,19.93
1749265467,19.54000000,217.53000000,19.93
1749265467,19.53000000,134.81000000,19.93
1749265467,19.52000000,617.34000000,19.93
1749265467,19.51000000,3.81000000,19.93
1749265467,19.50000000,31.95000000,19.93
1749265467,19.49000000,2.54000000,19.93
1749265467,19.48000000,8.47000000,19.93
1749265467,19.47000000,8.63000000,19.93
1749265467,19.46000000,9.01000000,19.93
1749265467,19.45000000,2.43000000,19.93
1749265467,19.44000000,5.97000000,19.93
1749265467,19.43000000,3.49000000,19.93
1749265467,19.42000000,26.92000000,19.93
1749265467,19.41000000,54.15000000,19.93
1749265467,19.40000000,142.60000000,19.93
1749265467,19.39000000,2.31000000,19.93
1749265467,19.38000000,9.44000000,19.93
1749265467,19.37000000,483.96000000,19.93
1749265467,19.36000000,115.61000000,19.93
1749265467,19.35000000,259.96000000,19.93
1749265467,19.34000000,11.05000000,19.93
1749265467,19.33000000,98.05000000,19.93
1749265467,19.32000000,515.38000000,19.93
1749265467,19.31000000,705.36000000,19.93
1749265467,19.30000000,885.16000000,19.93
1749265467,19.29000000,164.25000000,19.93
1749265467,19.28000000,8026.58000000,19.93
1749265467,19.27000000,522.67000000,19.93
1749265467,19.26000000,127.50000000,19.93
1749265467,19.25000000,23.06000000,19.93
1749265467,19.24000000,13.45000000,19.93
1749265467,19.23000000,4.26000000,19.93
1749265467,19.22000000,79.76000000,19.93
1749265467,19.21000000,13377.59000000,19.93
1749265467,19.20000000,3253.08000000,19.93
1749265467,19.19000000,548.52000000,19.93
1749265467,19.18000000,15.41000000,19.93
1749265467,19.17000000,496.14000000,19.93
1749265467,19.16000000,11.41000000,19.93
1749265467,19.15000000,2.73000000,19.93
1749265467,19.14000000,23.39000000,19.93
1749265467,19.13000000,22.97000000,19.93
1749265467,19.12000000,169.33000000,19.93
1749265467,19.11000000,11.22000000,19.93
1749265467,19.10000000,986.20000000,19.93
1749265467,19.09000000,104.66000000,19.93
1749265467,19.08000000,13.74000000,19.93
1749265467,19.07000000,106.02000000,19.93
1749265467,19.06000000,5.16000000,19.93
1749265467,19.05000000,12.63000000,19.93
1749265467,19.03000000,421.65000000,19.93
1749265467,19.02000000,35.23000000,19.93
1749265467,19.01000000,54.70000000,19.93
1749265467,19.00000000,1564.84000000,19.93
1749265467,18.99000000,339.91000000,19.93
1749265467,18.98000000,4.27000000,19.93
1749265467,18.97000000,4.15000000,19.93
1749265467,18.96000000,2.33000000,19.93
1749265467,18.95000000,29.10000000,19.93
1749265467,18.94000000,4.36000000,19.93
1749265467,18.93000000,15.72000000,19.93
1749265768,19.94000000,1687.66000000,19.94
1749265768,19.93000000,4303.63000000,19.94
1749265768,19.92000000,4100.56000000,19.94
1749265768,19.91000000,5961.80000000,19.94
1749265768,19.90000000,2351.20000000,19.94
1749265768,19.89000000,1269.43000000,19.94
1749265768,19.88000000,2458.20000000,19.94
1749265768,19.87000000,9888.86000000,19.94
1749265768,19.86000000,860.69000000,19.94
1749265768,19.85000000,2800.34000000,19.94
1749265768,19.84000000,1291.38000000,19.94
1749265768,19.83000000,716.27000000,19.94
1749265768,19.82000000,783.95000000,19.94
1749265768,19.81000000,747.14000000,19.94
1749265768,19.80000000,16046.14000000,19.94
1749265768,19.79000000,408.25000000,19.94
1749265768,19.78000000,392.41000000,19.94
1749265768,19.77000000,396.89000000,19.94
1749265768,19.76000000,410.75000000,19.94
1749265768,19.75000000,2388.30000000,19.94
1749265768,19.74000000,487.43000000,19.94
1749265768,19.73000000,549.15000000,19.94
1749265768,19.72000000,346.36000000,19.94
1749265768,19.71000000,225.42000000,19.94
1749265768,19.70000000,223.53000000,19.94
1749265768,19.69000000,796.53000000,19.94
1749265768,19.68000000,385.36000000,19.94
1749265768,19.67000000,268.65000000,19.94
1749265768,19.66000000,236.38000000,19.94
1749265768,19.65000000,197.78000000,19.94
1749265768,19.64000000,231.63000000,19.94
1749265768,19.63000000,816.81000000,19.94
1749265768,19.62000000,248.66000000,19.94
1749265768,19.61000000,255.77000000,19.94
1749265768,19.60000000,302.01000000,19.94
1749265768,19.59000000,257.82000000,19.94
1749265768,19.58000000,1627.20000000,19.94
1749265768,19.57000000,186.36000000,19.94
1749265768,19.56000000,176.94000000,19.94
1749265768,19.55000000,238.80000000,19.94
1749265768,19.54000000,217.81000000,19.94
1749265768,19.53000000,9.76000000,19.94
1749265768,19.52000000,590.73000000,19.94
1749265768,19.51000000,3.81000000,19.94
1749265768,19.50000000,31.95000000,19.94
1749265768,19.49000000,511.86000000,19.94
1749265768,19.48000000,23.47000000,19.94
1749265768,19.47000000,8.63000000,19.94
1749265768,19.46000000,9.01000000,19.94
1749265768,19.45000000,2.43000000,19.94
1749265768,19.44000000,5.97000000,19.94
1749265768,19.43000000,3.49000000,19.94
1749265768,19.42000000,41.52000000,19.94
1749265768,19.41000000,33.15000000,19.94
1749265768,19.40000000,142.60000000,19.94
1749265768,19.39000000,2.31000000,19.94
1749265768,19.38000000,9.44000000,19.94
1749265768,19.37000000,483.96000000,19.94
1749265768,19.36000000,115.61000000,19.94
1749265768,19.35000000,259.96000000,19.94
1749265768,19.34000000,11.05000000,19.94
1749265768,19.33000000,98.05000000,19.94
1749265768,19.32000000,6.06000000,19.94
1749265768,19.31000000,705.36000000,19.94
1749265768,19.30000000,885.16000000,19.94
1749265768,19.29000000,166.76000000,19.94
1749265768,19.28000000,8026.58000000,19.94
1749265768,19.27000000,522.67000000,19.94
1749265768,19.26000000,127.50000000,19.94
1749265768,19.25000000,25.31000000,19.94
1749265768,19.24000000,13.45000000,19.94
1749265768,19.23000000,4.26000000,19.94
1749265768,19.22000000,79.76000000,19.94
1749265768,19.21000000,13377.59000000,19.94
1749265768,19.20000000,3253.08000000,19.94
1749265768,19.19000000,548.52000000,19.94
1749265768,19.18000000,14.90000000,19.94
1749265768,19.17000000,496.14000000,19.94
1749265768,19.16000000,11.41000000,19.94
1749265768,19.15000000,2.73000000,19.94
1749265768,19.14000000,23.39000000,19.94
1749265768,19.13000000,22.97000000,19.94
1749265768,19.12000000,170.27000000,19.94
1749265768,19.11000000,11.22000000,19.94
1749265768,19.10000000,986.20000000,19.94
1749265768,19.09000000,104.66000000,19.94
1749265768,19.08000000,13.74000000,19.94
1749265768,19.07000000,106.02000000,19.94
1749265768,19.06000000,5.16000000,19.94
1749265768,19.05000000,12.63000000,19.94
1749265768,19.03000000,421.65000000,19.94
1749265768,19.02000000,35.23000000,19.94
1749265768,19.01000000,54.70000000,19.94
1749265768,19.00000000,1564.84000000,19.94
1749265768,18.99000000,339.91000000,19.94
1749265768,18.98000000,3.57000000,19.94
1749265768,18.97000000,4.15000000,19.94
1749265768,18.96000000,2.33000000,19.94
1749265768,18.95000000,29.10000000,19.94
1749265768,18.94000000,16.36000000,19.94
1749266070,20.00000000,673.48000000,20.0
1749266070,19.99000000,4193.37000000,20.0
1749266070,19.98000000,4976.70000000,20.0
1749266070,19.97000000,6410.18000000,20.0
1749266070,19.96000000,3116.24000000,20.0
1749266070,19.95000000,1424.88000000,20.0
1749266070,19.94000000,1214.53000000,20.0
1749266070,19.93000000,9075.54000000,20.0
1749266070,19.92000000,1368.65000000,20.0
1749266070,19.91000000,1778.82000000,20.0
1749266070,19.90000000,948.29000000,20.0
1749266070,19.89000000,2013.66000000,20.0
1749266070,19.88000000,797.52000000,20.0
1749266070,19.87000000,2722.78000000,20.0
1749266070,19.86000000,433.02000000,20.0
1749266070,19.85000000,13220.71000000,20.0
1749266070,19.84000000,2842.68000000,20.0
1749266070,19.83000000,388.39000000,20.0
1749266070,19.82000000,386.85000000,20.0
1749266070,19.81000000,391.71000000,20.0
1749266070,19.80000000,429.96000000,20.0
1749266070,19.79000000,380.10000000,20.0
1749266070,19.78000000,340.74000000,20.0
1749266070,19.77000000,967.13000000,20.0
1749266070,19.76000000,221.45000000,20.0
1749266070,19.75000000,2233.44000000,20.0
1749266070,19.74000000,368.50000000,20.0
1749266070,19.73000000,269.68000000,20.0
1749266070,19.72000000,235.18000000,20.0
1749266070,19.71000000,220.33000000,20.0
1749266070,19.70000000,218.94000000,20.0
1749266070,19.69000000,1491.45000000,20.0
1749266070,19.68000000,788.68000000,20.0
1749266070,19.67000000,359.24000000,20.0
1749266070,19.66000000,241.81000000,20.0
1749266070,19.65000000,197.78000000,20.0
1749266070,19.64000000,232.10000000,20.0
1749266070,19.63000000,248.69000000,20.0
1749266070,19.62000000,221.96000000,20.0
1749266070,19.61000000,183.63000000,20.0
1749266070,19.60000000,227.04000000,20.0
1749266070,19.59000000,34.08000000,20.0
1749266070,19.58000000,8.63000000,20.0
1749266070,19.57000000,585.96000000,20.0
1749266070,19.56000000,1.95000000,20.0
1749266070,19.55000000,1.42000000,20.0
1749266070,19.54000000,19.19000000,20.0
1749266070,19.53000000,8.49000000,20.0
1749266070,19.52000000,13.19000000,20.0
1749266070,19.51000000,3.81000000,20.0
1749266070,19.50000000,33.23000000,20.0
1749266070,19.49000000,526.86000000,20.0
1749266070,19.48000000,8.47000000,20.0
1749266070,19.47000000,8.63000000,20.0
1749266070,19.46000000,9.32000000,20.0
1749266070,19.45000000,18.15000000,20.0
1749266070,19.44000000,5.97000000,20.0
1749266070,19.43000000,3.49000000,20.0
1749266070,19.42000000,26.92000000,20.0
1749266070,19.41000000,445.30000000,20.0
1749266070,19.40000000,142.60000000,20.0
1749266070,19.39000000,2.31000000,20.0
1749266070,19.38000000,9.18000000,20.0
1749266070,19.37000000,483.70000000,20.0
1749266070,19.36000000,115.35000000,20.0
1749266070,19.35000000,259.70000000,20.0
1749266070,19.34000000,10.79000000,20.0
1749266070,19.33000000,98.24000000,20.0
1749266070,19.32000000,471.89000000,20.0
1749266070,19.31000000,539.35000000,20.0
1749266070,19.30000000,884.74000000,20.0
1749266070,19.29000000,167.05000000,20.0
1749266070,19.28000000,8025.28000000,20.0
1749266070,19.27000000,1041.61000000,20.0
1749266070,19.26000000,133.70000000,20.0
1749266070,19.25000000,25.31000000,20.0
1749266070,19.24000000,12.94000000,20.0
1749266070,19.23000000,3.75000000,20.0
1749266070,19.22000000,79.25000000,20.0
1749266070,19.21000000,13210.20000000,20.0
1749266070,19.20000000,3252.57000000,20.0
1749266070,19.19000000,547.43000000,20.0
1749266070,19.18000000,14.90000000,20.0
1749266070,19.17000000,496.14000000,20.0
1749266070,19.16000000,12.09000000,20.0
1749266070,19.15000000,2.73000000,20.0
1749266070,19.14000000,23.39000000,20.0
1749266070,19.13000000,22.97000000,20.0
1749266070,19.12000000,2.61000000,20.0
1749266070,19.11000000,11.22000000,20.0
1749266070,19.10000000,985.75000000,20.0
1749266070,19.09000000,104.66000000,20.0
1749266070,19.08000000,7.48000000,20.0
1749266070,19.07000000,106.02000000,20.0
1749266070,19.06000000,5.16000000,20.0
1749266070,19.05000000,12.63000000,20.0
1749266070,19.03000000,253.20000000,20.0
1749266070,19.02000000,35.23000000,20.0
1749266070,19.01000000,54.70000000,20.0
1749266070,19.00000000,1559.92000000,20.0
1749266371,19.99000000,664.68000000,19.99
1749266371,19.98000000,5426.59000000,19.99
1749266371,19.97000000,6461.54000000,19.99
1749266371,19.96000000,7566.43000000,19.99
1749266371,19.95000000,4732.57000000,19.99
1749266371,19.94000000,1555.32000000,19.99
1749266371,19.93000000,11046.18000000,19.99
1749266371,19.92000000,855.18000000,19.99
1749266371,19.91000000,421.90000000,19.99
1749266371,19.90000000,586.18000000,19.99
1749266371,19.89000000,456.54000000,19.99
1749266371,19.88000000,2814.81000000,19.99
1749266371,19.87000000,377.21000000,19.99
1749266371,19.86000000,658.25000000,19.99
1749266371,19.85000000,13248.82000000,19.99
1749266371,19.84000000,333.66000000,19.99
1749266371,19.83000000,338.98000000,19.99
1749266371,19.82000000,257.98000000,19.99
1749266371,19.81000000,2470.29000000,19.99
1749266371,19.80000000,263.72000000,19.99
1749266371,19.79000000,265.27000000,19.99
1749266371,19.78000000,219.95000000,19.99
1749266371,19.77000000,788.10000000,19.99
1749266371,19.76000000,216.37000000,19.99
1749266371,19.75000000,227.64000000,19.99
1749266371,19.74000000,234.36000000,19.99
1749266371,19.73000000,213.18000000,19.99
1749266371,19.72000000,235.80000000,19.99
1749266371,19.71000000,221.05000000,19.99
1749266371,19.70000000,230.55000000,19.99
1749266371,19.69000000,2073.33000000,19.99
1749266371,19.68000000,217.35000000,19.99
1749266371,19.67000000,307.74000000,19.99
1749266371,19.66000000,241.81000000,19.99
1749266371,19.65000000,198.20000000,19.99
1749266371,19.64000000,225.57000000,19.99
1749266371,19.63000000,229.99000000,19.99
1749266371,19.62000000,156.23000000,19.99
1749266371,19.61000000,151.24000000,19.99
1749266371,19.60000000,197.34000000,19.99
1749266371,19.59000000,726.86000000,19.99
1749266371,19.58000000,16.29000000,19.99
1749266371,19.57000000,11.42000000,19.99
1749266371,19.56000000,1.95000000,19.99
1749266371,19.55000000,28.12000000,19.99
1749266371,19.54000000,19.19000000,19.99
1749266371,19.53000000,23.22000000,19.99
1749266371,19.52000000,13.19000000,19.99
1749266371,19.51000000,22.51000000,19.99
1749266371,19.50000000,38.37000000,19.99
1749266371,19.49000000,511.86000000,19.99
1749266371,19.48000000,0.77000000,19.99
1749266371,19.47000000,8.63000000,19.99
1749266371,19.46000000,9.32000000,19.99
1749266371,19.45000000,2.43000000,19.99
1749266371,19.44000000,4.94000000,19.99
1749266371,19.43000000,3.91000000,19.99
1749266371,19.42000000,26.92000000,19.99
1749266371,19.41000000,940.35000000,19.99
1749266371,19.40000000,142.60000000,19.99
1749266371,19.39000000,2.31000000,19.99
1749266371,19.38000000,13.79000000,19.99
1749266371,19.37000000,492.80000000,19.99
1749266371,19.36000000,36.89000000,19.99
1749266371,19.35000000,259.70000000,19.99
1749266371,19.34000000,10.79000000,19.99
1749266371,19.33000000,98.24000000,19.99
1749266371,19.32000000,471.89000000,19.99
1749266371,19.31000000,539.35000000,19.99
1749266371,19.30000000,884.74000000,19.99
1749266371,19.29000000,167.05000000,19.99
1749266371,19.28000000,8025.28000000,19.99
1749266371,19.27000000,1041.61000000,19.99
1749266371,19.26000000,133.70000000,19.99
1749266371,19.25000000,32.35000000,19.99
1749266371,19.24000000,4.33000000,19.99
1749266371,19.23000000,3.40000000,19.99
1749266371,19.22000000,79.25000000,19.99
1749266371,19.21000000,13210.20000000,19.99
1749266371,19.20000000,3252.57000000,19.99
1749266371,19.19000000,547.43000000,19.99
1749266371,19.18000000,14.90000000,19.99
1749266371,19.17000000,1.09000000,19.99
1749266371,19.16000000,12.09000000,19.99
1749266371,19.15000000,2.73000000,19.99
1749266371,19.14000000,11.64000000,19.99
1749266371,19.13000000,22.97000000,19.99
1749266371,19.12000000,2.61000000,19.99
1749266371,19.11000000,11.22000000,19.99
1749266371,19.10000000,985.75000000,19.99
1749266371,19.09000000,104.66000000,19.99
1749266371,19.08000000,7.48000000,19.99
1749266371,19.07000000,106.02000000,19.99
1749266371,19.06000000,5.16000000,19.99
1749266371,19.05000000,12.63000000,19.99
1749266371,19.03000000,253.67000000,19.99
1749266371,19.02000000,35.23000000,19.99
1749266371,19.01000000,54.70000000,19.99
1749266371,19.00000000,1562.01000000,19.99
1749266371,18.99000000,339.91000000,19.99
1749266674,20.10000000,478.30000000,20.1
1749266674,20.09000000,3711.40000000,20.1
1749266674,20.08000000,3173.98000000,20.1
1749266674,20.07000000,4434.72000000,20.1
1749266674,20.06000000,2712.80000000,20.1
1749266674,20.05000000,1602.52000000,20.1
1749266674,20.04000000,1197.48000000,20.1
1749266674,20.03000000,8721.30000000,20.1
1749266674,20.02000000,1014.21000000,20.1
1749266674,20.01000000,787.63000000,20.1
1749266674,20.00000000,1107.56000000,20.1
1749266674,19.99000000,514.63000000,20.1
1749266674,19.98000000,576.35000000,20.1
1749266674,19.97000000,432.72000000,20.1
1749266674,19.96000000,1764.06000000,20.1
1749266674,19.95000000,14736.97000000,20.1
1749266674,19.94000000,439.10000000,20.1
1749266674,19.93000000,388.36000000,20.1
1749266674,19.92000000,598.11000000,20.1
1749266674,19.91000000,2498.27000000,20.1
1749266674,19.90000000,610.82000000,20.1
1749266674,19.89000000,336.50000000,20.1
1749266674,19.88000000,2648.31000000,20.1
1749266674,19.87000000,223.09000000,20.1
1749266674,19.86000000,447.39000000,20.1
1749266674,19.85000000,271.93000000,20.1
1749266674,19.84000000,213.46000000,20.1
1749266674,19.83000000,223.86000000,20.1
1749266674,19.82000000,216.40000000,20.1
1749266674,19.81000000,2219.09000000,20.1
1749266674,19.80000000,263.06000000,20.1
1749266674,19.79000000,211.41000000,20.1
1749266674,19.78000000,220.37000000,20.1
1749266674,19.77000000,788.80000000,20.1
1749266674,19.76000000,795.38000000,20.1
1749266674,19.75000000,228.55000000,20.1
1749266674,19.74000000,237.33000000,20.1
1749266674,19.73000000,213.18000000,20.1
1749266674,19.72000000,213.01000000,20.1
1749266674,19.71000000,221.52000000,20.1
1749266674,19.70000000,289.61000000,20.1
1749266674,19.69000000,1367.33000000,20.1
1749266674,19.68000000,105.26000000,20.1
1749266674,19.67000000,170.81000000,20.1
1749266674,19.66000000,25.75000000,20.1
1749266674,19.65000000,576.05000000,20.1
1749266674,19.64000000,4.22000000,20.1
1749266674,19.63000000,11.96000000,20.1
1749266674,19.62000000,11.54000000,20.1
1749266674,19.61000000,4.65000000,20.1
1749266674,19.60000000,54.30000000,20.1
1749266674,19.59000000,6.73000000,20.1
1749266674,19.58000000,16.29000000,20.1
1749266674,19.57000000,11.42000000,20.1
1749266674,19.56000000,1.95000000,20.1
1749266674,19.55000000,1.42000000,20.1
1749266674,19.54000000,19.46000000,20.1
1749266674,19.53000000,46.49000000,20.1
1749266674,19.52000000,13.19000000,20.1
1749266674,19.51000000,5.78000000,20.1
1749266674,19.50000000,63.96000000,20.1
1749266674,19.49000000,511.86000000,20.1
1749266674,19.48000000,0.77000000,20.1
1749266674,19.47000000,8.37000000,20.1
1749266674,19.46000000,9.06000000,20.1
1749266674,19.45000000,2.17000000,20.1
1749266674,19.44000000,4.68000000,20.1
1749266674,19.43000000,3.65000000,20.1
1749266674,19.42000000,26.66000000,20.1
1749266674,19.41000000,940.09000000,20.1
1749266674,19.40000000,142.34000000,20.1
1749266674,19.39000000,2.05000000,20.1
1749266674,19.38000000,13.79000000,20.1
1749266674,19.37000000,492.80000000,20.1
1749266674,19.36000000,36.63000000,20.1
1749266674,19.35000000,259.40000000,20.1
1749266674,19.34000000,10.28000000,20.1
1749266674,19.33000000,97.73000000,20.1
1749266674,19.32000000,471.38000000,20.1
1749266674,19.31000000,544.36000000,20.1
1749266674,19.30000000,477.98000000,20.1
1749266674,19.29000000,166.39000000,20.1
1749266674,19.28000000,8024.77000000,20.1
1749266674,19.27000000,1041.10000000,20.1
1749266674,19.26000000,123.19000000,20.1
1749266674,19.25000000,38.14000000,20.1
1749266674,19.24000000,3.82000000,20.1
1749266674,19.23000000,3.40000000,20.1
1749266674,19.22000000,90.49000000,20.1
1749266674,19.21000000,13210.20000000,20.1
1749266674,19.20000000,3252.57000000,20.1
1749266674,19.19000000,547.43000000,20.1
1749266674,19.18000000,14.90000000,20.1
1749266674,19.17000000,1.09000000,20.1
1749266674,19.16000000,17.30000000,20.1
1749266674,19.15000000,2.73000000,20.1
1749266674,19.14000000,11.64000000,20.1
1749266674,19.13000000,22.97000000,20.1
1749266674,19.12000000,2.61000000,20.1
1749266674,19.11000000,11.22000000,20.1
1749266976,20.10000000,981.25000000,20.11
1749266976,20.09000000,3915.08000000,20.11
1749266976,20.08000000,4153.63000000,20.11
1749266976,20.07000000,4225.47000000,20.11
1749266976,20.06000000,2460.03000000,20.11
1749266976,20.05000000,2680.08000000,20.11
1749266976,20.04000000,1124.72000000,20.11
1749266976,20.03000000,10473.59000000,20.11
1749266976,20.02000000,578.66000000,20.11
1749266976,20.01000000,2732.07000000,20.11
1749266976,20.00000000,3032.17000000,20.11
1749266976,19.99000000,346.31000000,20.11
1749266976,19.98000000,370.05000000,20.11
1749266976,19.97000000,376.32000000,20.11
1749266976,19.96000000,558.71000000,20.11
1749266976,19.95000000,13319.85000000,20.11
1749266976,19.94000000,382.01000000,20.11
1749266976,19.93000000,2384.21000000,20.11
1749266976,19.92000000,324.78000000,20.11
1749266976,19.91000000,624.93000000,20.11
1749266976,19.90000000,231.26000000,20.11
1749266976,19.89000000,215.28000000,20.11
1749266976,19.88000000,210.89000000,20.11
1749266976,19.87000000,223.09000000,20.11
1749266976,19.86000000,227.98000000,20.11
1749266976,19.85000000,267.33000000,20.11
1749266976,19.84000000,780.18000000,20.11
1749266976,19.83000000,218.83000000,20.11
1749266976,19.82000000,266.76000000,20.11
1749266976,19.81000000,792.44000000,20.11
1749266976,19.80000000,1541.50000000,20.11
1749266976,19.79000000,211.41000000,20.11
1749266976,19.78000000,220.73000000,20.11
1749266976,19.77000000,213.57000000,20.11
1749266976,19.76000000,328.69000000,20.11
1749266976,19.75000000,243.96000000,20.11
1749266976,19.74000000,230.82000000,20.11
1749266976,19.73000000,213.71000000,20.11
1749266976,19.72000000,234.73000000,20.11
1749266976,19.71000000,246.13000000,20.11
1749266976,19.70000000,260.64000000,20.11
1749266976,19.69000000,597.28000000,20.11
1749266976,19.68000000,3.93000000,20.11
1749266976,19.67000000,3.45000000,20.11
1749266976,19.66000000,535.76000000,20.11
1749266976,19.65000000,2.59000000,20.11
1749266976,19.64000000,4.22000000,20.11
1749266976,19.63000000,11.96000000,20.11
1749266976,19.62000000,11.54000000,20.11
1749266976,19.61000000,6.92000000,20.11
1749266976,19.60000000,56.66000000,20.11
1749266976,19.59000000,6.73000000,20.11
1749266976,19.58000000,18.31000000,20.11
1749266976,19.57000000,11.42000000,20.11
1749266976,19.56000000,1.95000000,20.11
1749266976,19.55000000,1.42000000,20.11
1749266976,19.54000000,19.46000000,20.11
1749266976,19.53000000,31.49000000,20.11
1749266976,19.52000000,13.19000000,20.11
1749266976,19.51000000,192.33000000,20.11
1749266976,19.50000000,38.37000000,20.11
1749266976,19.49000000,2.28000000,20.11
1749266976,19.48000000,0.51000000,20.11
1749266976,19.47000000,8.37000000,20.11
1749266976,19.46000000,9.06000000,20.11
1749266976,19.45000000,2.17000000,20.11
1749266976,19.44000000,4.68000000,20.11
1749266976,19.43000000,3.65000000,20.11
1749266976,19.42000000,26.66000000,20.11
1749266976,19.41000000,1127.60000000,20.11
1749266976,19.40000000,142.34000000,20.11
1749266976,19.39000000,2.05000000,20.11
1749266976,19.38000000,13.79000000,20.11
1749266976,19.37000000,492.79000000,20.11
1749266976,19.36000000,36.62000000,20.11
1749266976,19.35000000,259.39000000,20.11
1749266976,19.34000000,10.28000000,20.11
1749266976,19.33000000,343.47000000,20.11
1749266976,19.32000000,471.38000000,20.11
1749266976,19.31000000,732.85000000,20.11
1749266976,19.30000000,478.32000000,20.11
1749266976,19.29000000,173.61000000,20.11
1749266976,19.28000000,8024.77000000,20.11
1749266976,19.27000000,1041.10000000,20.11
1749266976,19.26000000,123.19000000,20.11
1749266976,19.25000000,38.14000000,20.11
1749266976,19.24000000,3.82000000,20.11
1749266976,19.23000000,3.40000000,20.11
1749266976,19.22000000,90.11000000,20.11
1749266976,19.21000000,13399.67000000,20.11
1749266976,19.20000000,3252.57000000,20.11
1749266976,19.19000000,547.43000000,20.11
1749266976,19.18000000,14.90000000,20.11
1749266976,19.17000000,1.09000000,20.11
1749266976,19.16000000,17.30000000,20.11
1749266976,19.15000000,2.73000000,20.11
1749266976,19.14000000,11.64000000,20.11
1749266976,19.13000000,22.97000000,20.11
1749266976,19.12000000,2.61000000,20.11
1749266976,19.11000000,11.22000000,20.11
1749267277,20.06000000,1426.39000000,20.06
1749267277,20.05000000,3056.44000000,20.06
1749267277,20.04000000,4339.88000000,20.06
1749267277,20.03000000,4826.80000000,20.06
1749267277,20.02000000,1893.24000000,20.06
1749267277,20.01000000,2543.75000000,20.06
1749267277,20.00000000,724.06000000,20.06
1749267277,19.99000000,10032.54000000,20.06
1749267277,19.98000000,2530.73000000,20.06
1749267277,19.97000000,3084.88000000,20.06
1749267277,19.96000000,448.55000000,20.06
1749267277,19.95000000,443.23000000,20.06
1749267277,19.94000000,406.91000000,20.06
1749267277,19.93000000,2384.21000000,20.06
1749267277,19.92000000,637.78000000,20.06
1749267277,19.91000000,13374.02000000,20.06
1749267277,19.90000000,389.58000000,20.06
1749267277,19.89000000,210.53000000,20.06
1749267277,19.88000000,524.15000000,20.06
1749267277,19.87000000,223.09000000,20.06
1749267277,19.86000000,399.80000000,20.06
1749267277,19.85000000,273.81000000,20.06
1749267277,19.84000000,526.46000000,20.06
1749267277,19.83000000,218.83000000,20.06
1749267277,19.82000000,216.40000000,20.06
1749267277,19.81000000,233.37000000,20.06
1749267277,19.80000000,2422.36000000,20.06
1749267277,19.79000000,211.41000000,20.06
1749267277,19.78000000,220.73000000,20.06
1749267277,19.77000000,264.06000000,20.06
1749267277,19.76000000,328.69000000,20.06
1749267277,19.75000000,228.96000000,20.06
1749267277,19.74000000,230.82000000,20.06
1749267277,19.73000000,213.71000000,20.06
1749267277,19.72000000,804.90000000,20.06
1749267277,19.71000000,246.13000000,20.06
1749267277,19.70000000,184.14000000,20.06
1749267277,19.69000000,157.53000000,20.06
1749267277,19.68000000,159.21000000,20.06
1749267277,19.67000000,158.79000000,20.06
1749267277,19.66000000,690.93000000,20.06
1749267277,19.65000000,599.42000000,20.06
1749267277,19.64000000,4.50000000,20.06
1749267277,19.63000000,11.96000000,20.06
1749267277,19.62000000,11.54000000,20.06
1749267277,19.61000000,6.92000000,20.06
1749267277,19.60000000,54.30000000,20.06
1749267277,19.59000000,6.73000000,20.06
1749267277,19.58000000,16.29000000,20.06
1749267277,19.57000000,11.42000000,20.06
1749267277,19.56000000,1.95000000,20.06
1749267277,19.55000000,3.78000000,20.06
1749267277,19.54000000,19.46000000,20.06
1749267277,19.53000000,33.51000000,20.06
1749267277,19.52000000,13.19000000,20.06
1749267277,19.51000000,207.33000000,20.06
1749267277,19.50000000,38.37000000,20.06
1749267277,19.49000000,2.54000000,20.06
1749267277,19.48000000,0.77000000,20.06
1749267277,19.47000000,8.63000000,20.06
1749267277,19.46000000,9.32000000,20.06
1749267277,19.45000000,2.43000000,20.06
1749267277,19.44000000,4.68000000,20.06
1749267277,19.43000000,3.65000000,20.06
1749267277,19.42000000,26.66000000,20.06
1749267277,19.41000000,1127.60000000,20.06
1749267277,19.40000000,142.34000000,20.06
1749267277,19.39000000,2.05000000,20.06
1749267277,19.38000000,13.79000000,20.06
1749267277,19.37000000,492.79000000,20.06
1749267277,19.36000000,36.88000000,20.06
1749267277,19.35000000,259.39000000,20.06
1749267277,19.34000000,10.78000000,20.06
1749267277,19.33000000,343.97000000,20.06
1749267277,19.32000000,471.88000000,20.06
1749267277,19.31000000,733.35000000,20.06
1749267277,19.30000000,468.32000000,20.06
1749267277,19.29000000,181.11000000,20.06
1749267277,19.28000000,8024.77000000,20.06
1749267277,19.27000000,1041.10000000,20.06
1749267277,19.26000000,122.93000000,20.06
1749267277,19.25000000,38.14000000,20.06
1749267277,19.24000000,3.82000000,20.06
1749267277,19.23000000,3.40000000,20.06
1749267277,19.22000000,83.35000000,20.06
1749267277,19.21000000,13399.67000000,20.06
1749267277,19.20000000,3242.57000000,20.06
1749267277,19.19000000,547.43000000,20.06
1749267277,19.18000000,14.90000000,20.06
1749267277,19.17000000,1.09000000,20.06
1749267277,19.16000000,17.30000000,20.06
1749267277,19.15000000,2.73000000,20.06
1749267277,19.14000000,11.64000000,20.06
1749267277,19.13000000,22.97000000,20.06
1749267277,19.12000000,2.61000000,20.06
1749267277,19.11000000,11.22000000,20.06
1749267277,19.10000000,985.75000000,20.06
1749267277,19.09000000,104.66000000,20.06
1749267277,19.08000000,7.48000000,20.06
1749267277,19.07000000,106.02000000,20.06
1749267579,20.08000000,1711.20000000,20.09
1749267579,20.07000000,4748.47000000,20.09
1749267579,20.06000000,5775.14000000,20.09
1749267579,20.05000000,7595.89000000,20.09
1749267579,20.04000000,4416.03000000,20.09
1749267579,20.03000000,1633.67000000,20.09
1749267579,20.02000000,1974.62000000,20.09
1749267579,20.01000000,9803.49000000,20.09
1749267579,20.00000000,797.06000000,20.09
1749267579,19.99000000,697.26000000,20.09
1749267579,19.98000000,2567.24000000,20.09
1749267579,19.97000000,2874.56000000,20.09
1749267579,19.96000000,724.78000000,20.09
1749267579,19.95000000,439.45000000,20.09
1749267579,19.94000000,13092.59000000,20.09
1749267579,19.93000000,2647.78000000,20.09
1749267579,19.92000000,324.78000000,20.09
1749267579,19.91000000,411.55000000,20.09
1749267579,19.90000000,415.10000000,20.09
1749267579,19.89000000,210.27000000,20.09
1749267579,19.88000000,210.89000000,20.09
1749267579,19.87000000,229.55000000,20.09
1749267579,19.86000000,393.34000000,20.09
1749267579,19.85000000,273.81000000,20.09
1749267579,19.84000000,213.46000000,20.09
1749267579,19.83000000,218.83000000,20.09
1749267579,19.82000000,216.40000000,20.09
1749267579,19.81000000,233.37000000,20.09
1749267579,19.80000000,2109.36000000,20.09
1749267579,19.79000000,211.41000000,20.09
1749267579,19.78000000,220.73000000,20.09
1749267579,19.77000000,264.06000000,20.09
1749267579,19.76000000,897.70000000,20.09
1749267579,19.75000000,228.96000000,20.09
1749267579,19.74000000,230.82000000,20.09
1749267579,19.73000000,213.71000000,20.09
1749267579,19.72000000,173.55000000,20.09
1749267579,19.71000000,169.63000000,20.09
1749267579,19.70000000,184.14000000,20.09
1749267579,19.69000000,157.53000000,20.09
1749267579,19.68000000,156.27000000,20.09
1749267579,19.67000000,30.15000000,20.09
1749267579,19.66000000,535.76000000,20.09
1749267579,19.65000000,574.79000000,20.09
1749267579,19.64000000,4.22000000,20.09
1749267579,19.63000000,11.96000000,20.09
1749267579,19.62000000,11.54000000,20.09
1749267579,19.61000000,6.92000000,20.09
1749267579,19.60000000,56.66000000,20.09
