timestamp,price,volume,current_price
1749260817,0.30680000,765.00000000,0.3069
1749260817,0.30670000,2643.42000000,0.3069
1749260817,0.30660000,5241.51000000,0.3069
1749260817,0.30650000,4448.87000000,0.3069
1749260817,0.30640000,11724.32000000,0.3069
1749260817,0.30630000,12111.72000000,0.3069
1749260817,0.30620000,6988.02000000,0.3069
1749260817,0.30610000,12312.51000000,0.3069
1749260817,0.30600000,1365.39000000,0.3069
1749260817,0.30590000,2050.64000000,0.3069
1749260817,0.30580000,1094.06000000,0.3069
1749260817,0.30570000,17387.71000000,0.3069
1749260817,0.30560000,2050.58000000,0.3069
1749260817,0.30550000,1093.62000000,0.3069
1749260817,0.30540000,31094.01000000,0.3069
1749260817,0.30530000,55043.34000000,0.3069
1749260817,0.30520000,2531.10000000,0.3069
1749260817,0.30510000,2337.83000000,0.3069
1749260817,0.30500000,3099.02000000,0.3069
1749260817,0.30490000,329.01000000,0.3069
1749260817,0.30480000,1180.78000000,0.3069
1749260817,0.30470000,8479.54000000,0.3069
1749260817,0.30460000,328.95000000,0.3069
1749260817,0.30450000,11666.21000000,0.3069
1749260817,0.30440000,12627.46000000,0.3069
1749260817,0.30430000,765.00000000,0.3069
1749260817,0.30420000,6152.70000000,0.3069
1749260817,0.30410000,956.63000000,0.3069
1749260817,0.30400000,765.00000000,0.3069
1749260817,0.30390000,12254.93000000,0.3069
1749260817,0.30380000,22768.30000000,0.3069
1749260817,0.30370000,61765.00000000,0.3069
1749260817,0.30360000,95232.07000000,0.3069
1749260817,0.30350000,956.63000000,0.3069
1749260817,0.30340000,1094.02000000,0.3069
1749260817,0.30330000,21826.62000000,0.3069
1749260817,0.30320000,956.63000000,0.3069
1749260817,0.30310000,765.00000000,0.3069
1749260817,0.30300000,2388.00000000,0.3069
1749260817,0.30290000,1229.48000000,0.3069
1749260817,0.30280000,765.00000000,0.3069
1749260817,0.30260000,2500.92000000,0.3069
1749260817,0.30250000,956.63000000,0.3069
1749260817,0.30240000,1190.59000000,0.3069
1749260817,0.30230000,4126.47000000,0.3069
1749260817,0.30220000,765.00000000,0.3069
1749260817,0.30210000,6504.71000000,0.3069
1749260817,0.30200000,765.00000000,0.3069
1749260817,0.30180000,7167.34000000,0.3069
1749260817,0.30160000,1851.97000000,0.3069
1749260817,0.30150000,956.63000000,0.3069
1749260817,0.30140000,21820.11000000,0.3069
1749260817,0.30120000,765.00000000,0.3069
1749260817,0.30110000,9914.82000000,0.3069
1749260817,0.30100000,46387.32000000,0.3069
1749260817,0.30060000,3320.86000000,0.3069
1749260817,0.30040000,1059.97000000,0.3069
1749260817,0.30000000,833.33000000,0.3069
1749260817,0.29920000,300.00000000,0.3069
1749260817,0.29870000,334.19000000,0.3069
1749260817,0.29820000,170.82000000,0.3069
1749260817,0.29790000,20.14000000,0.3069
1749260817,0.29780000,36.11000000,0.3069
1749260817,0.29770000,103.89000000,0.3069
1749260817,0.29760000,19.70000000,0.3069
1749260817,0.29710000,500.00000000,0.3069
1749260817,0.29690000,1706.38000000,0.3069
1749260817,0.29680000,17.18000000,0.3069
1749260817,0.29650000,71.66000000,0.3069
1749260817,0.29580000,97.55000000,0.3069
1749260817,0.29570000,1863.49000000,0.3069
1749260817,0.29540000,169.26000000,0.3069
1749260817,0.29530000,32.98000000,0.3069
1749260817,0.29500000,1813.88000000,0.3069
1749260817,0.29480000,38.38000000,0.3069
1749260817,0.29400000,204.08000000,0.3069
1749260817,0.29390000,574.70000000,0.3069
1749260817,0.29380000,103.14000000,0.3069
1749260817,0.29340000,1930.04000000,0.3069
1749260817,0.29330000,375.47000000,0.3069
1749260817,0.29310000,38.83000000,0.3069
1749260817,0.29300000,85.32000000,0.3069
1749260817,0.29150000,63.31000000,0.3069
1749260817,0.29140000,60.72000000,0.3069
1749260817,0.29000000,978.28000000,0.3069
1749260817,0.28990000,39.75000000,0.3069
1749260817,0.28940000,1295.84000000,0.3069
1749260817,0.28930000,21.80000000,0.3069
1749260817,0.28900000,1730.10000000,0.3069
1749260817,0.28880000,346.26000000,0.3069
1749260817,0.28870000,31.17000000,0.3069
1749260817,0.28830000,40.22000000,0.3069
1749260817,0.28810000,1868.93000000,0.3069
1749260817,0.28730000,99.80000000,0.3069
1749260817,0.28700000,24.39000000,0.3069
1749260817,0.28690000,174.27000000,0.3069
1749260817,0.28670000,40.69000000,0.3069
1749260817,0.28600000,1799.02000000,0.3069
1749260817,0.28560000,4201.68000000,0.3069
1749260817,0.28530000,17.53000000,0.3069
1749261133,0.30700000,3046.09000000,0.3072
1749261133,0.30690000,4187.59000000,0.3072
1749261133,0.30680000,18740.44000000,0.3072
1749261133,0.30670000,5513.90000000,0.3072
1749261133,0.30660000,2940.09000000,0.3072
1749261133,0.30650000,6325.82000000,0.3072
1749261133,0.30640000,4849.89000000,0.3072
1749261133,0.30630000,17166.32000000,0.3072
1749261133,0.30620000,1721.63000000,0.3072
1749261133,0.30610000,1274.34000000,0.3072
1749261133,0.30600000,1528.32000000,0.3072
1749261133,0.30590000,17963.23000000,0.3072
1749261133,0.30580000,84439.08000000,0.3072
1749261133,0.30570000,2199.84000000,0.3072
1749261133,0.30560000,1721.63000000,0.3072
1749261133,0.30550000,1375.14000000,0.3072
1749261133,0.30540000,765.00000000,0.3072
1749261133,0.30530000,956.63000000,0.3072
1749261133,0.30520000,3192.58000000,0.3072
1749261133,0.30500000,1721.63000000,0.3072
1749261133,0.30480000,765.00000000,0.3072
1749261133,0.30470000,1721.63000000,0.3072
1749261133,0.30460000,1076.26000000,0.3072
1749261133,0.30450000,11337.10000000,0.3072
1749261133,0.30440000,57316.33000000,0.3072
1749261133,0.30430000,852.00000000,0.3072
1749261133,0.30420000,6152.70000000,0.3072
1749261133,0.30410000,956.63000000,0.3072
1749261133,0.30400000,765.00000000,0.3072
1749261133,0.30390000,74557.12000000,0.3072
1749261133,0.30380000,22768.30000000,0.3072
1749261133,0.30360000,765.00000000,0.3072
1749261133,0.30350000,956.63000000,0.3072
1749261133,0.30340000,2746.60000000,0.3072
1749261133,0.30330000,21826.62000000,0.3072
1749261133,0.30320000,956.63000000,0.3072
1749261133,0.30310000,1189.59000000,0.3072
1749261133,0.30290000,956.63000000,0.3072
1749261133,0.30280000,765.00000000,0.3072
1749261133,0.30260000,787.32000000,0.3072
1749261133,0.30250000,2040.36000000,0.3072
1749261133,0.30240000,765.00000000,0.3072
1749261133,0.30230000,3274.89000000,0.3072
1749261133,0.30220000,765.00000000,0.3072
1749261133,0.30210000,6504.71000000,0.3072
1749261133,0.30200000,765.00000000,0.3072
1749261133,0.30180000,956.63000000,0.3072
1749261133,0.30160000,2123.79000000,0.3072
1749261133,0.30150000,956.63000000,0.3072
1749261133,0.30140000,21820.11000000,0.3072
1749261133,0.30110000,9914.82000000,0.3072
1749261133,0.30100000,45298.19000000,0.3072
1749261133,0.30060000,3320.86000000,0.3072
1749261133,0.30000000,833.33000000,0.3072
1749261133,0.29920000,300.00000000,0.3072
1749261133,0.29820000,170.82000000,0.3072
1749261133,0.29790000,20.14000000,0.3072
1749261133,0.29780000,36.11000000,0.3072
1749261133,0.29770000,103.89000000,0.3072
1749261133,0.29760000,19.70000000,0.3072
1749261133,0.29710000,500.00000000,0.3072
1749261133,0.29690000,1706.38000000,0.3072
1749261133,0.29680000,17.18000000,0.3072
1749261133,0.29650000,37.93000000,0.3072
1749261133,0.29640000,1859.09000000,0.3072
1749261133,0.29630000,33.75000000,0.3072
1749261133,0.29580000,97.55000000,0.3072
1749261133,0.29540000,741.67000000,0.3072
1749261133,0.29530000,32.98000000,0.3072
1749261133,0.29500000,1813.88000000,0.3072
1749261133,0.29480000,38.38000000,0.3072
1749261133,0.29400000,204.08000000,0.3072
1749261133,0.29380000,103.14000000,0.3072
1749261133,0.29340000,1930.04000000,0.3072
1749261133,0.29330000,375.47000000,0.3072
1749261133,0.29310000,38.83000000,0.3072
1749261133,0.29300000,85.32000000,0.3072
1749261133,0.29150000,63.31000000,0.3072
1749261133,0.29140000,60.72000000,0.3072
1749261133,0.29000000,978.28000000,0.3072
1749261133,0.28990000,39.75000000,0.3072
1749261133,0.28940000,1295.84000000,0.3072
1749261133,0.28930000,21.80000000,0.3072
1749261133,0.28900000,1730.10000000,0.3072
1749261133,0.28880000,346.26000000,0.3072
1749261133,0.28870000,31.17000000,0.3072
1749261133,0.28830000,40.22000000,0.3072
1749261133,0.28810000,1868.93000000,0.3072
1749261133,0.28730000,99.80000000,0.3072
1749261133,0.28700000,24.39000000,0.3072
1749261133,0.28690000,174.27000000,0.3072
1749261133,0.28670000,40.69000000,0.3072
1749261133,0.28600000,1799.02000000,0.3072
1749261133,0.28560000,4201.68000000,0.3072
1749261133,0.28530000,17.53000000,0.3072
1749261133,0.28510000,58.74000000,0.3072
1749261133,0.28500000,418.76000000,0.3072
1749261133,0.28360000,800.00000000,0.3072
1749261133,0.28350000,41.65000000,0.3072
1749261133,0.28340000,18.22000000,0.3072
1749261449,0.30710000,2312.07000000,0.3073
1749261449,0.30700000,4515.59000000,0.3073
1749261449,0.30690000,4184.49000000,0.3073
1749261449,0.30680000,18202.70000000,0.3073
1749261449,0.30670000,15002.05000000,0.3073
1749261449,0.30660000,6010.84000000,0.3073
1749261449,0.30650000,12786.99000000,0.3073
1749261449,0.30640000,1979.59000000,0.3073
1749261449,0.30630000,7544.31000000,0.3073
1749261449,0.30620000,3744.69000000,0.3073
1749261449,0.30610000,18145.37000000,0.3073
1749261449,0.30600000,1093.10000000,0.3073
1749261449,0.30590000,2049.73000000,0.3073
1749261449,0.30580000,31093.10000000,0.3073
1749261449,0.30570000,57850.37000000,0.3073
1749261449,0.30560000,2049.73000000,0.3073
1749261449,0.30550000,1375.14000000,0.3073
1749261449,0.30540000,1093.10000000,0.3073
1749261449,0.30530000,1284.73000000,0.3073
1749261449,0.30520000,1183.10000000,0.3073
1749261449,0.30500000,1721.63000000,0.3073
1749261449,0.30480000,765.00000000,0.3073
1749261449,0.30470000,1721.63000000,0.3073
1749261449,0.30460000,1076.26000000,0.3073
1749261449,0.30450000,11337.10000000,0.3073
1749261449,0.30440000,12627.46000000,0.3073
1749261449,0.30430000,765.00000000,0.3073
1749261449,0.30420000,50852.32000000,0.3073
1749261449,0.30410000,61956.63000000,0.3073
1749261449,0.30400000,50757.37000000,0.3073
1749261449,0.30390000,13557.12000000,0.3073
1749261449,0.30380000,22768.30000000,0.3073
1749261449,0.30360000,765.00000000,0.3073
1749261449,0.30350000,1229.09000000,0.3073
1749261449,0.30340000,2474.08000000,0.3073
1749261449,0.30330000,21826.62000000,0.3073
1749261449,0.30320000,956.63000000,0.3073
1749261449,0.30310000,1189.59000000,0.3073
1749261449,0.30290000,956.63000000,0.3073
1749261449,0.30280000,765.00000000,0.3073
1749261449,0.30260000,1870.69000000,0.3073
1749261449,0.30250000,956.63000000,0.3073
1749261449,0.30240000,895.25000000,0.3073
1749261449,0.30230000,3274.89000000,0.3073
1749261449,0.30220000,765.00000000,0.3073
1749261449,0.30210000,6504.71000000,0.3073
1749261449,0.30200000,765.00000000,0.3073
1749261449,0.30180000,956.63000000,0.3073
1749261449,0.30160000,2123.79000000,0.3073
1749261449,0.30150000,956.63000000,0.3073
1749261449,0.30140000,75491.74000000,0.3073
1749261449,0.30110000,956.63000000,0.3073
1749261449,0.30100000,498.33000000,0.3073
1749261449,0.30060000,3320.86000000,0.3073
1749261449,0.30000000,833.33000000,0.3073
1749261449,0.29920000,300.00000000,0.3073
1749261449,0.29820000,170.82000000,0.3073
1749261449,0.29790000,20.14000000,0.3073
1749261449,0.29780000,36.11000000,0.3073
1749261449,0.29770000,103.89000000,0.3073
1749261449,0.29760000,19.70000000,0.3073
1749261449,0.29710000,500.00000000,0.3073
1749261449,0.29690000,1706.38000000,0.3073
1749261449,0.29680000,17.18000000,0.3073
1749261449,0.29650000,37.93000000,0.3073
1749261449,0.29630000,1893.46000000,0.3073
1749261449,0.29580000,97.55000000,0.3073
1749261449,0.29540000,169.26000000,0.3073
1749261449,0.29530000,32.98000000,0.3073
1749261449,0.29500000,1813.88000000,0.3073
1749261449,0.29490000,573.44000000,0.3073
1749261449,0.29480000,38.38000000,0.3073
1749261449,0.29400000,204.08000000,0.3073
1749261449,0.29380000,103.14000000,0.3073
1749261449,0.29340000,1930.04000000,0.3073
1749261449,0.29330000,375.47000000,0.3073
1749261449,0.29310000,38.83000000,0.3073
1749261449,0.29300000,85.32000000,0.3073
1749261449,0.29150000,63.31000000,0.3073
1749261449,0.29140000,60.72000000,0.3073
1749261449,0.29000000,978.28000000,0.3073
1749261449,0.28990000,39.75000000,0.3073
1749261449,0.28940000,1295.84000000,0.3073
1749261449,0.28930000,21.80000000,0.3073
1749261449,0.28900000,1730.10000000,0.3073
1749261449,0.28880000,346.26000000,0.3073
1749261449,0.28870000,31.17000000,0.3073
1749261449,0.28830000,40.22000000,0.3073
1749261449,0.28810000,1868.93000000,0.3073
1749261449,0.28730000,99.80000000,0.3073
1749261449,0.28700000,24.39000000,0.3073
1749261449,0.28690000,174.27000000,0.3073
1749261449,0.28670000,40.69000000,0.3073
1749261449,0.28600000,1799.02000000,0.3073
1749261449,0.28560000,4201.68000000,0.3073
1749261449,0.28530000,17.53000000,0.3073
1749261449,0.28510000,58.74000000,0.3073
1749261449,0.28500000,418.76000000,0.3073
1749261449,0.28360000,800.00000000,0.3073
1749261449,0.28350000,41.65000000,0.3073
1749261765,0.30760000,765.00000000,0.3077
1749261765,0.30750000,809.64000000,0.3077
1749261765,0.30740000,2718.42000000,0.3077
1749261765,0.30730000,8234.00000000,0.3077
1749261765,0.30720000,14265.47000000,0.3077
1749261765,0.30710000,34055.86000000,0.3077
1749261765,0.30700000,16445.06000000,0.3077
1749261765,0.30690000,13839.79000000,0.3077
1749261765,0.30680000,6365.62000000,0.3077
1749261765,0.30670000,508.26000000,0.3077
1749261765,0.30660000,765.00000000,0.3077
1749261765,0.30650000,6863.19000000,0.3077
1749261765,0.30630000,16946.49000000,0.3077
1749261765,0.30620000,55306.49000000,0.3077
1749261765,0.30600000,765.00000000,0.3077
1749261765,0.30590000,1721.63000000,0.3077
1749261765,0.30580000,2769.88000000,0.3077
1749261765,0.30570000,1969.23000000,0.3077
1749261765,0.30560000,1721.63000000,0.3077
1749261765,0.30540000,765.00000000,0.3077
1749261765,0.30530000,956.63000000,0.3077
1749261765,0.30520000,765.00000000,0.3077
1749261765,0.30500000,1721.63000000,0.3077
1749261765,0.30480000,765.00000000,0.3077
1749261765,0.30470000,46343.63000000,0.3077
1749261765,0.30460000,1076.26000000,0.3077
1749261765,0.30450000,72337.10000000,0.3077
1749261765,0.30440000,12627.46000000,0.3077
1749261765,0.30430000,765.00000000,0.3077
1749261765,0.30420000,6152.70000000,0.3077
1749261765,0.30410000,956.63000000,0.3077
1749261765,0.30400000,765.00000000,0.3077
1749261765,0.30390000,11599.68000000,0.3077
1749261765,0.30380000,23040.42000000,0.3077
1749261765,0.30360000,765.00000000,0.3077
1749261765,0.30350000,956.63000000,0.3077
1749261765,0.30340000,765.00000000,0.3077
1749261765,0.30330000,21826.62000000,0.3077
1749261765,0.30320000,956.63000000,0.3077
1749261765,0.30310000,4031.24000000,0.3077
1749261765,0.30290000,956.63000000,0.3077
1749261765,0.30280000,765.00000000,0.3077
1749261765,0.30260000,787.32000000,0.3077
1749261765,0.30250000,956.63000000,0.3077
1749261765,0.30240000,895.25000000,0.3077
1749261765,0.30220000,765.00000000,0.3077
1749261765,0.30210000,6504.71000000,0.3077
1749261765,0.30190000,8931.32000000,0.3077
1749261765,0.30180000,45584.41000000,0.3077
1749261765,0.30160000,3210.76000000,0.3077
1749261765,0.30150000,4240.21000000,0.3077
1749261765,0.30140000,21820.11000000,0.3077
1749261765,0.30110000,956.63000000,0.3077
1749261765,0.30100000,498.33000000,0.3077
1749261765,0.30000000,833.33000000,0.3077
1749261765,0.29920000,300.00000000,0.3077
1749261765,0.29820000,170.82000000,0.3077
1749261765,0.29790000,20.14000000,0.3077
1749261765,0.29780000,36.11000000,0.3077
1749261765,0.29770000,103.89000000,0.3077
1749261765,0.29760000,19.70000000,0.3077
1749261765,0.29710000,500.00000000,0.3077
1749261765,0.29690000,1706.38000000,0.3077
1749261765,0.29680000,17.18000000,0.3077
1749261765,0.29650000,37.93000000,0.3077
1749261765,0.29630000,33.75000000,0.3077
1749261765,0.29580000,97.55000000,0.3077
1749261765,0.29540000,169.26000000,0.3077
1749261765,0.29530000,606.00000000,0.3077
1749261765,0.29500000,1813.88000000,0.3077
1749261765,0.29480000,38.38000000,0.3077
1749261765,0.29400000,204.08000000,0.3077
1749261765,0.29380000,103.14000000,0.3077
1749261765,0.29340000,1930.04000000,0.3077
1749261765,0.29330000,375.47000000,0.3077
1749261765,0.29310000,38.83000000,0.3077
1749261765,0.29300000,85.32000000,0.3077
1749261765,0.29150000,63.31000000,0.3077
1749261765,0.29140000,60.72000000,0.3077
1749261765,0.29000000,978.28000000,0.3077
1749261765,0.28990000,39.75000000,0.3077
1749261765,0.28940000,1295.84000000,0.3077
1749261765,0.28930000,21.80000000,0.3077
1749261765,0.28900000,1730.10000000,0.3077
1749261765,0.28880000,346.26000000,0.3077
1749261765,0.28870000,31.17000000,0.3077
1749261765,0.28830000,40.22000000,0.3077
1749261765,0.28810000,1868.93000000,0.3077
1749261765,0.28730000,99.80000000,0.3077
1749261765,0.28700000,24.39000000,0.3077
1749261765,0.28690000,174.27000000,0.3077
1749261765,0.28670000,40.69000000,0.3077
1749261765,0.28600000,1799.02000000,0.3077
1749261765,0.28560000,4201.68000000,0.3077
1749261765,0.28530000,17.53000000,0.3077
1749261765,0.28510000,58.74000000,0.3077
1749261765,0.28500000,418.76000000,0.3077
1749261765,0.28360000,800.00000000,0.3077
1749261765,0.28350000,41.65000000,0.3077
1749261765,0.28340000,18.22000000,0.3077
1749262068,0.30690000,765.00000000,0.3069
1749262068,0.30680000,5329.71000000,0.3069
1749262068,0.30670000,809.75000000,0.3069
1749262068,0.30660000,2108.24000000,0.3069
1749262068,0.30650000,3162.24000000,0.3069
1749262068,0.30640000,5357.37000000,0.3069
1749262068,0.30630000,9802.45000000,0.3069
1749262068,0.30620000,5982.64000000,0.3069
1749262068,0.30610000,4170.61000000,0.3069
1749262068,0.30600000,1093.10000000,0.3069
1749262068,0.30590000,11493.60000000,0.3069
1749262068,0.30580000,1092.83000000,0.3069
1749262068,0.30570000,27157.00000000,0.3069
1749262068,0.30560000,16721.63000000,0.3069
1749262068,0.30550000,978.87000000,0.3069
1749262068,0.30540000,1774.57000000,0.3069
1749262068,0.30530000,3987.02000000,0.3069
1749262068,0.30520000,1179.39000000,0.3069
1749262068,0.30510000,327.94000000,0.3069
1749262068,0.30500000,2507.77000000,0.3069
1749262068,0.30490000,327.94000000,0.3069
1749262068,0.30480000,84400.65000000,0.3069
1749262068,0.30470000,31721.63000000,0.3069
1749262068,0.30460000,1076.26000000,0.3069
1749262068,0.30450000,11337.10000000,0.3069
1749262068,0.30440000,12898.99000000,0.3069
1749262068,0.30430000,765.00000000,0.3069
1749262068,0.30420000,6152.70000000,0.3069
1749262068,0.30410000,956.63000000,0.3069
1749262068,0.30400000,765.00000000,0.3069
1749262068,0.30390000,11599.68000000,0.3069
1749262068,0.30380000,22768.30000000,0.3069
1749262068,0.30370000,765.00000000,0.3069
1749262068,0.30360000,3148.28000000,0.3069
1749262068,0.30350000,956.63000000,0.3069
1749262068,0.30340000,765.00000000,0.3069
1749262068,0.30330000,23536.27000000,0.3069
1749262068,0.30320000,956.63000000,0.3069
1749262068,0.30310000,37247.00000000,0.3069
1749262068,0.30290000,956.63000000,0.3069
1749262068,0.30280000,765.00000000,0.3069
1749262068,0.30260000,787.32000000,0.3069
1749262068,0.30250000,45672.56000000,0.3069
1749262068,0.30240000,895.25000000,0.3069
1749262068,0.30220000,4040.97000000,0.3069
1749262068,0.30210000,6504.71000000,0.3069
1749262068,0.30200000,765.00000000,0.3069
1749262068,0.30180000,956.63000000,0.3069
1749262068,0.30160000,3210.76000000,0.3069
1749262068,0.30150000,4240.21000000,0.3069
1749262068,0.30140000,21820.11000000,0.3069
1749262068,0.30110000,956.63000000,0.3069
1749262068,0.30100000,498.33000000,0.3069
1749262068,0.30000000,833.33000000,0.3069
1749262068,0.29920000,300.00000000,0.3069
1749262068,0.29840000,8943.91000000,0.3069
1749262068,0.29830000,44718.20000000,0.3069
1749262068,0.29820000,170.82000000,0.3069
1749262068,0.29790000,20.14000000,0.3069
1749262068,0.29780000,36.11000000,0.3069
1749262068,0.29770000,103.89000000,0.3069
1749262068,0.29760000,19.70000000,0.3069
1749262068,0.29750000,33.62000000,0.3069
1749262068,0.29710000,500.00000000,0.3069
1749262068,0.29690000,1706.38000000,0.3069
1749262068,0.29680000,17.18000000,0.3069
1749262068,0.29660000,1857.83000000,0.3069
1749262068,0.29650000,37.93000000,0.3069
1749262068,0.29580000,97.55000000,0.3069
1749262068,0.29540000,169.26000000,0.3069
1749262068,0.29530000,606.64000000,0.3069
1749262068,0.29500000,1813.88000000,0.3069
1749262068,0.29480000,38.38000000,0.3069
1749262068,0.29400000,204.08000000,0.3069
1749262068,0.29380000,103.14000000,0.3069
1749262068,0.29340000,1930.04000000,0.3069
1749262068,0.29330000,375.47000000,0.3069
1749262068,0.29310000,38.83000000,0.3069
1749262068,0.29300000,85.32000000,0.3069
1749262068,0.29150000,63.31000000,0.3069
1749262068,0.29140000,60.72000000,0.3069
1749262068,0.29000000,978.28000000,0.3069
1749262068,0.28990000,39.75000000,0.3069
1749262068,0.28940000,1295.84000000,0.3069
1749262068,0.28930000,21.80000000,0.3069
1749262068,0.28900000,1730.10000000,0.3069
1749262068,0.28880000,346.26000000,0.3069
1749262068,0.28870000,31.17000000,0.3069
1749262068,0.28830000,40.22000000,0.3069
1749262068,0.28810000,1868.93000000,0.3069
1749262068,0.28730000,99.80000000,0.3069
1749262068,0.28700000,24.39000000,0.3069
1749262068,0.28690000,174.27000000,0.3069
1749262068,0.28670000,40.69000000,0.3069
1749262068,0.28600000,1799.02000000,0.3069
1749262068,0.28560000,4201.68000000,0.3069
1749262068,0.28530000,17.53000000,0.3069
1749262068,0.28510000,58.74000000,0.3069
1749262068,0.28500000,418.76000000,0.3069
1749262068,0.28360000,800.00000000,0.3069
1749262374,0.30750000,765.00000000,0.3076
1749262374,0.30740000,2360.49000000,0.3076
1749262374,0.30730000,6282.83000000,0.3076
1749262374,0.30720000,6004.20000000,0.3076
1749262374,0.30710000,17174.90000000,0.3076
1749262374,0.30700000,18236.70000000,0.3076
1749262374,0.30690000,4115.99000000,0.3076
1749262374,0.30680000,8657.43000000,0.3076
1749262374,0.30670000,9704.24000000,0.3076
1749262374,0.30660000,765.00000000,0.3076
1749262374,0.30650000,2229.89000000,0.3076
1749262374,0.30630000,8408.00000000,0.3076
1749262374,0.30620000,17932.07000000,0.3076
1749262374,0.30610000,649.89000000,0.3076
1749262374,0.30600000,30765.00000000,0.3076
1749262374,0.30590000,4406.89000000,0.3076
1749262374,0.30580000,1549.09000000,0.3076
1749262374,0.30570000,54430.73000000,0.3076
1749262374,0.30560000,1721.63000000,0.3076
1749262374,0.30540000,765.00000000,0.3076
1749262374,0.30530000,956.63000000,0.3076
1749262374,0.30520000,1179.39000000,0.3076
1749262374,0.30500000,1721.63000000,0.3076
1749262374,0.30480000,765.00000000,0.3076
1749262374,0.30470000,1721.63000000,0.3076
1749262374,0.30460000,271.53000000,0.3076
1749262374,0.30450000,11337.10000000,0.3076
1749262374,0.30440000,73627.46000000,0.3076
1749262374,0.30430000,1842.32000000,0.3076
1749262374,0.30420000,50883.17000000,0.3076
1749262374,0.30410000,956.63000000,0.3076
1749262374,0.30400000,765.00000000,0.3076
1749262374,0.30390000,11599.68000000,0.3076
1749262374,0.30380000,22768.30000000,0.3076
1749262374,0.30370000,765.00000000,0.3076
1749262374,0.30360000,3148.28000000,0.3076
1749262374,0.30350000,956.63000000,0.3076
1749262374,0.30340000,765.00000000,0.3076
1749262374,0.30330000,21826.62000000,0.3076
1749262374,0.30320000,956.63000000,0.3076
1749262374,0.30310000,765.00000000,0.3076
1749262374,0.30290000,2668.63000000,0.3076
1749262374,0.30280000,765.00000000,0.3076
1749262374,0.30270000,1083.02000000,0.3076
1749262374,0.30260000,787.32000000,0.3076
1749262374,0.30250000,956.63000000,0.3076
1749262374,0.30240000,895.25000000,0.3076
1749262374,0.30220000,4040.97000000,0.3076
1749262374,0.30210000,6504.71000000,0.3076
1749262374,0.30200000,765.00000000,0.3076
1749262374,0.30180000,956.63000000,0.3076
1749262374,0.30160000,2123.79000000,0.3076
1749262374,0.30150000,4240.21000000,0.3076
1749262374,0.30140000,75464.15000000,0.3076
1749262374,0.30110000,956.63000000,0.3076
1749262374,0.30100000,498.33000000,0.3076
1749262374,0.30000000,833.33000000,0.3076
1749262374,0.29920000,300.00000000,0.3076
1749262374,0.29820000,170.82000000,0.3076
1749262374,0.29790000,20.14000000,0.3076
1749262374,0.29780000,36.11000000,0.3076
1749262374,0.29770000,103.89000000,0.3076
1749262374,0.29760000,19.70000000,0.3076
1749262374,0.29750000,33.62000000,0.3076
1749262374,0.29710000,500.00000000,0.3076
1749262374,0.29690000,1706.38000000,0.3076
1749262374,0.29680000,17.18000000,0.3076
1749262374,0.29650000,37.93000000,0.3076
1749262374,0.29640000,1859.09000000,0.3076
1749262374,0.29580000,97.55000000,0.3076
1749262374,0.29540000,742.76000000,0.3076
1749262374,0.29530000,32.98000000,0.3076
1749262374,0.29500000,1813.88000000,0.3076
1749262374,0.29480000,38.38000000,0.3076
1749262374,0.29400000,204.08000000,0.3076
1749262374,0.29380000,103.14000000,0.3076
1749262374,0.29340000,1930.04000000,0.3076
1749262374,0.29330000,375.47000000,0.3076
1749262374,0.29310000,38.83000000,0.3076
1749262374,0.29300000,85.32000000,0.3076
1749262374,0.29150000,63.31000000,0.3076
1749262374,0.29140000,60.72000000,0.3076
1749262374,0.29000000,978.28000000,0.3076
1749262374,0.28990000,39.75000000,0.3076
1749262374,0.28940000,1295.84000000,0.3076
1749262374,0.28930000,21.80000000,0.3076
1749262374,0.28900000,1730.10000000,0.3076
1749262374,0.28880000,346.26000000,0.3076
1749262374,0.28870000,31.17000000,0.3076
1749262374,0.28830000,40.22000000,0.3076
1749262374,0.28810000,1868.93000000,0.3076
1749262374,0.28730000,99.80000000,0.3076
1749262374,0.28700000,24.39000000,0.3076
1749262374,0.28690000,174.27000000,0.3076
1749262374,0.28670000,40.69000000,0.3076
1749262374,0.28600000,1799.02000000,0.3076
1749262374,0.28560000,4201.68000000,0.3076
1749262374,0.28530000,17.53000000,0.3076
1749262374,0.28510000,58.74000000,0.3076
1749262374,0.28500000,418.76000000,0.3076
1749262676,0.30860000,765.00000000,0.3085
1749262676,0.30850000,2330.62000000,0.3085
1749262676,0.30840000,5218.74000000,0.3085
1749262676,0.30830000,2979.82000000,0.3085
1749262676,0.30820000,8718.68000000,0.3085
1749262676,0.30810000,18504.44000000,0.3085
1749262676,0.30800000,22399.04000000,0.3085
1749262676,0.30790000,327.03000000,0.3085
1749262676,0.30780000,10269.93000000,0.3085
1749262676,0.30770000,6098.57000000,0.3085
1749262676,0.30760000,2906.80000000,0.3085
1749262676,0.30750000,1092.24000000,0.3085
1749262676,0.30740000,18296.40000000,0.3085
1749262676,0.30730000,1092.35000000,0.3085
1749262676,0.30720000,54513.00000000,0.3085
1749262676,0.30710000,32048.98000000,0.3085
1749262676,0.30700000,6507.68000000,0.3085
1749262676,0.30690000,3091.21000000,0.3085
1749262676,0.30680000,7395.22000000,0.3085
1749262676,0.30670000,327.35000000,0.3085
1749262676,0.30660000,1517.58000000,0.3085
1749262676,0.30650000,2048.98000000,0.3085
1749262676,0.30640000,21242.06000000,0.3085
1749262676,0.30630000,765.00000000,0.3085
1749262676,0.30620000,2048.45000000,0.3085
1749262676,0.30610000,1398.23000000,0.3085
1749262676,0.30600000,1092.24000000,0.3085
1749262676,0.30590000,1721.63000000,0.3085
1749262676,0.30580000,327.35000000,0.3085
1749262676,0.30570000,1035.73000000,0.3085
1749262676,0.30560000,1721.63000000,0.3085
1749262676,0.30540000,61765.00000000,0.3085
1749262676,0.30530000,956.63000000,0.3085
1749262676,0.30520000,45333.05000000,0.3085
1749262676,0.30500000,1721.63000000,0.3085
1749262676,0.30480000,765.00000000,0.3085
1749262676,0.30470000,1721.63000000,0.3085
1749262676,0.30450000,11337.10000000,0.3085
1749262676,0.30440000,13704.43000000,0.3085
1749262676,0.30430000,3142.80000000,0.3085
1749262676,0.30420000,6152.70000000,0.3085
1749262676,0.30410000,956.63000000,0.3085
1749262676,0.30400000,765.00000000,0.3085
1749262676,0.30390000,14857.33000000,0.3085
1749262676,0.30380000,22768.30000000,0.3085
1749262676,0.30370000,2472.49000000,0.3085
1749262676,0.30360000,765.00000000,0.3085
1749262676,0.30350000,956.63000000,0.3085
1749262676,0.30340000,765.00000000,0.3085
1749262676,0.30330000,21826.62000000,0.3085
1749262676,0.30320000,956.63000000,0.3085
1749262676,0.30310000,765.00000000,0.3085
1749262676,0.30290000,956.63000000,0.3085
1749262676,0.30280000,1042.48000000,0.3085
1749262676,0.30260000,22.32000000,0.3085
1749262676,0.30250000,956.63000000,0.3085
1749262676,0.30240000,10131.20000000,0.3085
1749262676,0.30230000,44561.76000000,0.3085
1749262676,0.30220000,3303.28000000,0.3085
1749262676,0.30210000,956.63000000,0.3085
1749262676,0.30100000,498.33000000,0.3085
1749262676,0.30000000,833.33000000,0.3085
1749262676,0.29920000,300.00000000,0.3085
1749262676,0.29820000,170.82000000,0.3085
1749262676,0.29790000,20.14000000,0.3085
1749262676,0.29780000,36.11000000,0.3085
1749262676,0.29770000,103.89000000,0.3085
1749262676,0.29760000,19.70000000,0.3085
1749262676,0.29750000,1885.83000000,0.3085
1749262676,0.29710000,500.00000000,0.3085
1749262676,0.29690000,1706.38000000,0.3085
1749262676,0.29680000,17.18000000,0.3085
1749262676,0.29650000,37.93000000,0.3085
1749262676,0.29590000,1911.70000000,0.3085
1749262676,0.29580000,97.55000000,0.3085
1749262676,0.29540000,742.80000000,0.3085
1749262676,0.29530000,32.98000000,0.3085
1749262676,0.29500000,1813.88000000,0.3085
1749262676,0.29480000,38.38000000,0.3085
1749262676,0.29400000,204.08000000,0.3085
1749262676,0.29380000,103.14000000,0.3085
1749262676,0.29330000,375.47000000,0.3085
1749262676,0.29310000,38.83000000,0.3085
1749262676,0.29300000,85.32000000,0.3085
1749262676,0.29150000,63.31000000,0.3085
1749262676,0.29140000,60.72000000,0.3085
1749262676,0.29000000,978.28000000,0.3085
1749262676,0.28990000,39.75000000,0.3085
1749262676,0.28940000,1295.84000000,0.3085
1749262676,0.28930000,21.80000000,0.3085
1749262676,0.28900000,1730.10000000,0.3085
1749262676,0.28880000,346.26000000,0.3085
1749262676,0.28870000,31.17000000,0.3085
1749262676,0.28830000,40.22000000,0.3085
1749262676,0.28810000,1868.93000000,0.3085
1749262676,0.28730000,99.80000000,0.3085
1749262676,0.28700000,24.39000000,0.3085
1749262676,0.28690000,174.27000000,0.3085
1749262676,0.28670000,40.69000000,0.3085
1749262676,0.28600000,1799.02000000,0.3085
1749262979,0.30840000,765.00000000,0.3085
1749262979,0.30830000,2596.58000000,0.3085
1749262979,0.30820000,7261.31000000,0.3085
1749262979,0.30810000,5534.02000000,0.3085
1749262979,0.30800000,15045.39000000,0.3085
1749262979,0.30790000,19049.02000000,0.3085
1749262979,0.30780000,4327.13000000,0.3085
1749262979,0.30770000,8981.72000000,0.3085
1749262979,0.30760000,8914.24000000,0.3085
1749262979,0.30750000,1271.37000000,0.3085
1749262979,0.30740000,1721.63000000,0.3085
1749262979,0.30730000,17014.95000000,0.3085
1749262979,0.30720000,54185.65000000,0.3085
1749262979,0.30710000,1721.63000000,0.3085
1749262979,0.30700000,36180.65000000,0.3085
1749262979,0.30690000,3545.14000000,0.3085
1749262979,0.30680000,6286.34000000,0.3085
1749262979,0.30670000,765.00000000,0.3085
1749262979,0.30660000,1190.23000000,0.3085
1749262979,0.30650000,1721.63000000,0.3085
1749262979,0.30640000,21242.06000000,0.3085
1749262979,0.30630000,765.00000000,0.3085
1749262979,0.30620000,1721.63000000,0.3085
1749262979,0.30600000,765.00000000,0.3085
1749262979,0.30590000,1721.63000000,0.3085
1749262979,0.30580000,270.58000000,0.3085
1749262979,0.30570000,765.00000000,0.3085
1749262979,0.30560000,1721.63000000,0.3085
1749262979,0.30550000,326.75000000,0.3085
1749262979,0.30540000,1838.44000000,0.3085
1749262979,0.30530000,61956.63000000,0.3085
1749262979,0.30520000,45333.05000000,0.3085
1749262979,0.30500000,1721.63000000,0.3085
1749262979,0.30480000,765.00000000,0.3085
1749262979,0.30470000,1721.63000000,0.3085
1749262979,0.30460000,422.49000000,0.3085
1749262979,0.30450000,11337.10000000,0.3085
1749262979,0.30440000,13704.43000000,0.3085
1749262979,0.30430000,765.00000000,0.3085
1749262979,0.30420000,6152.70000000,0.3085
1749262979,0.30410000,956.63000000,0.3085
1749262979,0.30400000,765.00000000,0.3085
1749262979,0.30390000,14433.84000000,0.3085
1749262979,0.30380000,22768.30000000,0.3085
1749262979,0.30360000,765.00000000,0.3085
1749262979,0.30350000,956.63000000,0.3085
1749262979,0.30340000,765.00000000,0.3085
1749262979,0.30330000,21826.62000000,0.3085
1749262979,0.30320000,956.63000000,0.3085
1749262979,0.30290000,956.63000000,0.3085
1749262979,0.30280000,1042.48000000,0.3085
1749262979,0.30260000,22.32000000,0.3085
1749262979,0.30250000,956.63000000,0.3085
1749262979,0.30240000,10339.33000000,0.3085
1749262979,0.30230000,44561.76000000,0.3085
1749262979,0.30220000,3303.28000000,0.3085
1749262979,0.30100000,498.33000000,0.3085
1749262979,0.30000000,833.33000000,0.3085
1749262979,0.29920000,300.00000000,0.3085
1749262979,0.29820000,170.82000000,0.3085
1749262979,0.29790000,20.14000000,0.3085
1749262979,0.29780000,36.11000000,0.3085
1749262979,0.29770000,103.89000000,0.3085
1749262979,0.29760000,19.70000000,0.3085
1749262979,0.29750000,1885.83000000,0.3085
1749262979,0.29710000,500.00000000,0.3085
1749262979,0.29690000,1706.38000000,0.3085
1749262979,0.29680000,17.18000000,0.3085
1749262979,0.29650000,37.93000000,0.3085
1749262979,0.29640000,572.29000000,0.3085
1749262979,0.29590000,1911.70000000,0.3085
1749262979,0.29580000,97.55000000,0.3085
1749262979,0.29540000,169.26000000,0.3085
1749262979,0.29530000,32.98000000,0.3085
1749262979,0.29500000,1813.88000000,0.3085
1749262979,0.29480000,38.38000000,0.3085
1749262979,0.29400000,204.08000000,0.3085
1749262979,0.29380000,103.14000000,0.3085
1749262979,0.29330000,375.47000000,0.3085
1749262979,0.29310000,38.83000000,0.3085
1749262979,0.29300000,85.32000000,0.3085
1749262979,0.29150000,63.31000000,0.3085
1749262979,0.29140000,60.72000000,0.3085
1749262979,0.29000000,978.28000000,0.3085
1749262979,0.28990000,39.75000000,0.3085
1749262979,0.28940000,1295.84000000,0.3085
1749262979,0.28930000,21.80000000,0.3085
1749262979,0.28900000,1730.10000000,0.3085
1749262979,0.28880000,346.26000000,0.3085
1749262979,0.28870000,31.17000000,0.3085
1749262979,0.28830000,40.22000000,0.3085
1749262979,0.28810000,1868.93000000,0.3085
1749262979,0.28730000,99.80000000,0.3085
1749262979,0.28700000,24.39000000,0.3085
1749262979,0.28690000,174.27000000,0.3085
1749262979,0.28670000,40.69000000,0.3085
1749262979,0.28600000,1799.02000000,0.3085
1749262979,0.28560000,4201.68000000,0.3085
1749262979,0.28530000,17.53000000,0.3085
1749262979,0.28510000,58.74000000,0.3085
1749263287,0.30880000,765.00000000,0.3089
1749263287,0.30870000,2367.01000000,0.3089
1749263287,0.30860000,7204.84000000,0.3089
1749263287,0.30850000,5184.20000000,0.3089
1749263287,0.30840000,14729.64000000,0.3089
1749263287,0.30830000,21731.13000000,0.3089
1749263287,0.30820000,4434.31000000,0.3089
1749263287,0.30810000,3581.63000000,0.3089
1749263287,0.30800000,11049.12000000,0.3089
1749263287,0.30790000,326.71000000,0.3089
1749263287,0.30780000,1598.08000000,0.3089
1749263287,0.30770000,23017.08000000,0.3089
1749263287,0.30760000,326.71000000,0.3089
1749263287,0.30750000,1091.56000000,0.3089
1749263287,0.30740000,2048.03000000,0.3089
1749263287,0.30730000,31091.71000000,0.3089
1749263287,0.30720000,54512.36000000,0.3089
1749263287,0.30710000,2048.34000000,0.3089
1749263287,0.30700000,7288.38000000,0.3089
1749263287,0.30690000,3090.57000000,0.3089
1749263287,0.30680000,6286.34000000,0.3089
1749263287,0.30670000,1091.71000000,0.3089
1749263287,0.30660000,1516.89000000,0.3089
1749263287,0.30650000,1721.63000000,0.3089
1749263287,0.30640000,21242.06000000,0.3089
1749263287,0.30630000,765.00000000,0.3089
1749263287,0.30620000,1721.63000000,0.3089
1749263287,0.30600000,765.00000000,0.3089
1749263287,0.30590000,1721.63000000,0.3089
1749263287,0.30580000,270.72000000,0.3089
1749263287,0.30570000,61765.00000000,0.3089
1749263287,0.30560000,13203.63000000,0.3089
1749263287,0.30540000,2165.30000000,0.3089
1749263287,0.30530000,956.63000000,0.3089
1749263287,0.30520000,45333.05000000,0.3089
1749263287,0.30500000,1721.63000000,0.3089
1749263287,0.30480000,765.00000000,0.3089
1749263287,0.30470000,1721.63000000,0.3089
1749263287,0.30460000,422.49000000,0.3089
1749263287,0.30450000,11337.10000000,0.3089
1749263287,0.30440000,13704.43000000,0.3089
1749263287,0.30430000,765.00000000,0.3089
1749263287,0.30420000,6152.70000000,0.3089
1749263287,0.30410000,956.63000000,0.3089
1749263287,0.30400000,765.00000000,0.3089
1749263287,0.30390000,14433.84000000,0.3089
1749263287,0.30380000,22768.30000000,0.3089
1749263287,0.30370000,765.00000000,0.3089
1749263287,0.30350000,956.63000000,0.3089
1749263287,0.30330000,21826.62000000,0.3089
1749263287,0.30320000,956.63000000,0.3089
1749263287,0.30290000,956.63000000,0.3089
1749263287,0.30280000,1042.48000000,0.3089
1749263287,0.30260000,22.32000000,0.3089
1749263287,0.30250000,956.63000000,0.3089
1749263287,0.30240000,10339.33000000,0.3089
1749263287,0.30230000,44561.76000000,0.3089
1749263287,0.30220000,3303.28000000,0.3089
1749263287,0.30100000,498.33000000,0.3089
1749263287,0.30000000,833.33000000,0.3089
1749263287,0.29920000,300.00000000,0.3089
1749263287,0.29820000,170.82000000,0.3089
1749263287,0.29790000,1869.87000000,0.3089
1749263287,0.29780000,36.11000000,0.3089
1749263287,0.29770000,103.89000000,0.3089
1749263287,0.29760000,19.70000000,0.3089
1749263287,0.29750000,33.62000000,0.3089
1749263287,0.29710000,500.00000000,0.3089
1749263287,0.29690000,1706.38000000,0.3089
1749263287,0.29680000,17.18000000,0.3089
1749263287,0.29650000,37.93000000,0.3089
1749263287,0.29640000,572.41000000,0.3089
1749263287,0.29590000,1911.70000000,0.3089
1749263287,0.29580000,97.55000000,0.3089
1749263287,0.29540000,169.26000000,0.3089
1749263287,0.29530000,32.98000000,0.3089
1749263287,0.29500000,1813.88000000,0.3089
1749263287,0.29480000,38.38000000,0.3089
1749263287,0.29400000,204.08000000,0.3089
1749263287,0.29380000,103.14000000,0.3089
1749263287,0.29330000,375.47000000,0.3089
1749263287,0.29310000,38.83000000,0.3089
1749263287,0.29300000,85.32000000,0.3089
1749263287,0.29150000,63.31000000,0.3089
1749263287,0.29140000,60.72000000,0.3089
1749263287,0.29000000,978.28000000,0.3089
1749263287,0.28990000,39.75000000,0.3089
1749263287,0.28940000,1295.84000000,0.3089
1749263287,0.28930000,21.80000000,0.3089
1749263287,0.28900000,1730.10000000,0.3089
1749263287,0.28880000,346.26000000,0.3089
1749263287,0.28870000,31.17000000,0.3089
1749263287,0.28830000,40.22000000,0.3089
1749263287,0.28810000,1868.93000000,0.3089
1749263287,0.28730000,99.80000000,0.3089
1749263287,0.28700000,24.39000000,0.3089
1749263287,0.28690000,174.27000000,0.3089
1749263287,0.28670000,40.69000000,0.3089
1749263287,0.28600000,1799.02000000,0.3089
1749263287,0.28560000,4201.68000000,0.3089
1749263589,0.30830000,765.00000000,0.3085
1749263589,0.30820000,2783.00000000,0.3085
1749263589,0.30810000,9721.85000000,0.3085
1749263589,0.30800000,14506.65000000,0.3085
1749263589,0.30790000,17082.16000000,0.3085
1749263589,0.30780000,2703.99000000,0.3085
1749263589,0.30770000,4995.78000000,0.3085
1749263589,0.30760000,16356.50000000,0.3085
1749263589,0.30750000,1271.95000000,0.3085
1749263589,0.30740000,1721.63000000,0.3085
1749263589,0.30730000,765.00000000,0.3085
1749263589,0.30720000,17208.85000000,0.3085
1749263589,0.30710000,2483.30000000,0.3085
1749263589,0.30700000,36180.65000000,0.3085
1749263589,0.30690000,2092.02000000,0.3085
1749263589,0.30680000,59804.14000000,0.3085
1749263589,0.30670000,2238.55000000,0.3085
1749263589,0.30660000,765.00000000,0.3085
1749263589,0.30650000,1721.63000000,0.3085
1749263589,0.30640000,23244.48000000,0.3085
1749263589,0.30630000,765.00000000,0.3085
1749263589,0.30620000,2137.02000000,0.3085
1749263589,0.30600000,765.00000000,0.3085
1749263589,0.30590000,1721.63000000,0.3085
1749263589,0.30580000,44488.59000000,0.3085
1749263589,0.30570000,765.00000000,0.3085
1749263589,0.30560000,1721.63000000,0.3085
1749263589,0.30540000,1838.44000000,0.3085
1749263589,0.30530000,56992.63000000,0.3085
1749263589,0.30520000,765.00000000,0.3085
1749263589,0.30500000,1721.63000000,0.3085
1749263589,0.30490000,271.42000000,0.3085
1749263589,0.30480000,765.00000000,0.3085
1749263589,0.30470000,1721.63000000,0.3085
1749263589,0.30460000,422.49000000,0.3085
1749263589,0.30450000,11337.10000000,0.3085
1749263589,0.30440000,12627.46000000,0.3085
1749263589,0.30430000,765.00000000,0.3085
1749263589,0.30420000,6152.70000000,0.3085
1749263589,0.30410000,956.63000000,0.3085
1749263589,0.30400000,765.00000000,0.3085
1749263589,0.30390000,14433.84000000,0.3085
1749263589,0.30380000,22768.30000000,0.3085
1749263589,0.30370000,1844.45000000,0.3085
1749263589,0.30350000,956.63000000,0.3085
1749263589,0.30340000,765.00000000,0.3085
1749263589,0.30330000,21826.62000000,0.3085
1749263589,0.30320000,956.63000000,0.3085
1749263589,0.30300000,53390.85000000,0.3085
1749263589,0.30290000,956.63000000,0.3085
1749263589,0.30280000,1042.48000000,0.3085
1749263589,0.30260000,22.32000000,0.3085
1749263589,0.30250000,956.63000000,0.3085
1749263589,0.30240000,1422.47000000,0.3085
1749263589,0.30220000,3303.28000000,0.3085
1749263589,0.30100000,498.33000000,0.3085
1749263589,0.30000000,833.33000000,0.3085
1749263589,0.29990000,60.01000000,0.3085
1749263589,0.29920000,300.00000000,0.3085
1749263589,0.29820000,170.82000000,0.3085
1749263589,0.29790000,20.14000000,0.3085
1749263589,0.29780000,36.11000000,0.3085
1749263589,0.29770000,103.89000000,0.3085
1749263589,0.29760000,19.70000000,0.3085
1749263589,0.29750000,33.62000000,0.3085
1749263589,0.29740000,1852.84000000,0.3085
1749263589,0.29710000,500.00000000,0.3085
1749263589,0.29690000,1706.38000000,0.3085
1749263589,0.29680000,17.18000000,0.3085
1749263589,0.29650000,37.93000000,0.3085
1749263589,0.29640000,572.79000000,0.3085
1749263589,0.29590000,1911.70000000,0.3085
1749263589,0.29580000,97.55000000,0.3085
1749263589,0.29540000,169.26000000,0.3085
1749263589,0.29530000,32.98000000,0.3085
1749263589,0.29500000,1813.88000000,0.3085
1749263589,0.29480000,38.38000000,0.3085
1749263589,0.29400000,204.08000000,0.3085
1749263589,0.29380000,103.14000000,0.3085
1749263589,0.29330000,375.47000000,0.3085
1749263589,0.29310000,38.83000000,0.3085
1749263589,0.29300000,85.32000000,0.3085
1749263589,0.29150000,63.31000000,0.3085
1749263589,0.29140000,60.72000000,0.3085
1749263589,0.29000000,978.28000000,0.3085
1749263589,0.28990000,39.75000000,0.3085
1749263589,0.28940000,1295.84000000,0.3085
1749263589,0.28930000,21.80000000,0.3085
1749263589,0.28900000,1730.10000000,0.3085
1749263589,0.28880000,346.26000000,0.3085
1749263589,0.28870000,31.17000000,0.3085
1749263589,0.28830000,40.22000000,0.3085
1749263589,0.28810000,1868.93000000,0.3085
1749263589,0.28730000,99.80000000,0.3085
1749263589,0.28700000,24.39000000,0.3085
1749263589,0.28690000,174.27000000,0.3085
1749263589,0.28670000,40.69000000,0.3085
1749263589,0.28600000,1799.02000000,0.3085
1749263589,0.28560000,4201.68000000,0.3085
1749263589,0.28530000,17.53000000,0.3085
1749263891,0.30920000,326.76000000,0.3093
1749263891,0.30910000,2279.09000000,0.3093
1749263891,0.30900000,4512.20000000,0.3093
1749263891,0.30890000,7365.39000000,0.3093
1749263891,0.30880000,4415.18000000,0.3093
1749263891,0.30870000,13962.04000000,0.3093
1749263891,0.30860000,18903.70000000,0.3093
1749263891,0.30850000,2574.49000000,0.3093
1749263891,0.30840000,11814.53000000,0.3093
1749263891,0.30830000,2660.11000000,0.3093
1749263891,0.30820000,1092.03000000,0.3093
1749263891,0.30810000,327.03000000,0.3093
1749263891,0.30800000,18465.40000000,0.3093
1749263891,0.30790000,327.03000000,0.3093
1749263891,0.30780000,1091.77000000,0.3093
1749263891,0.30770000,3823.56000000,0.3093
1749263891,0.30760000,37202.09000000,0.3093
1749263891,0.30750000,1091.77000000,0.3093
1749263891,0.30740000,2048.56000000,0.3093
1749263891,0.30730000,54455.25000000,0.3093
1749263891,0.30720000,1091.77000000,0.3093
1749263891,0.30710000,3250.35000000,0.3093
1749263891,0.30700000,6507.42000000,0.3093
1749263891,0.30690000,1091.77000000,0.3093
1749263891,0.30680000,6286.34000000,0.3093
1749263891,0.30670000,1091.93000000,0.3093
1749263891,0.30660000,1091.77000000,0.3093
1749263891,0.30650000,2048.40000000,0.3093
1749263891,0.30640000,21242.06000000,0.3093
1749263891,0.30630000,1091.93000000,0.3093
1749263891,0.30620000,1721.63000000,0.3093
1749263891,0.30610000,326.93000000,0.3093
1749263891,0.30600000,62035.57000000,0.3093
1749263891,0.30590000,13203.63000000,0.3093
1749263891,0.30580000,44488.59000000,0.3093
1749263891,0.30570000,765.00000000,0.3093
1749263891,0.30560000,1721.63000000,0.3093
1749263891,0.30540000,1838.44000000,0.3093
1749263891,0.30530000,956.63000000,0.3093
1749263891,0.30520000,765.00000000,0.3093
1749263891,0.30500000,1721.63000000,0.3093
1749263891,0.30480000,765.00000000,0.3093
1749263891,0.30470000,1721.63000000,0.3093
1749263891,0.30460000,422.49000000,0.3093
1749263891,0.30450000,11337.10000000,0.3093
1749263891,0.30440000,12627.46000000,0.3093
1749263891,0.30420000,5387.70000000,0.3093
1749263891,0.30410000,956.63000000,0.3093
1749263891,0.30390000,14433.84000000,0.3093
1749263891,0.30380000,22768.30000000,0.3093
1749263891,0.30370000,1079.45000000,0.3093
1749263891,0.30350000,956.63000000,0.3093
1749263891,0.30330000,21826.62000000,0.3093
1749263891,0.30320000,956.63000000,0.3093
1749263891,0.30310000,208.13000000,0.3093
1749263891,0.30300000,53390.85000000,0.3093
1749263891,0.30290000,956.63000000,0.3093
1749263891,0.30280000,1042.48000000,0.3093
1749263891,0.30260000,22.32000000,0.3093
1749263891,0.30250000,956.63000000,0.3093
1749263891,0.30240000,1232.13000000,0.3093
1749263891,0.30220000,3303.28000000,0.3093
1749263891,0.30100000,498.33000000,0.3093
1749263891,0.30000000,833.33000000,0.3093
1749263891,0.29990000,60.01000000,0.3093
1749263891,0.29920000,300.00000000,0.3093
1749263891,0.29830000,33.53000000,0.3093
1749263891,0.29820000,170.82000000,0.3093
1749263891,0.29790000,20.14000000,0.3093
1749263891,0.29780000,36.11000000,0.3093
1749263891,0.29770000,103.89000000,0.3093
1749263891,0.29760000,1871.29000000,0.3093
1749263891,0.29710000,500.00000000,0.3093
1749263891,0.29690000,1706.38000000,0.3093
1749263891,0.29680000,17.18000000,0.3093
1749263891,0.29650000,37.93000000,0.3093
1749263891,0.29590000,2485.48000000,0.3093
1749263891,0.29580000,97.55000000,0.3093
1749263891,0.29540000,169.26000000,0.3093
1749263891,0.29530000,32.98000000,0.3093
1749263891,0.29500000,1813.88000000,0.3093
1749263891,0.29480000,38.38000000,0.3093
1749263891,0.29400000,204.08000000,0.3093
1749263891,0.29380000,103.14000000,0.3093
1749263891,0.29330000,375.47000000,0.3093
1749263891,0.29310000,38.83000000,0.3093
1749263891,0.29300000,85.32000000,0.3093
1749263891,0.29150000,63.31000000,0.3093
1749263891,0.29140000,60.72000000,0.3093
1749263891,0.29000000,978.28000000,0.3093
1749263891,0.28990000,39.75000000,0.3093
1749263891,0.28940000,1295.84000000,0.3093
1749263891,0.28930000,21.80000000,0.3093
1749263891,0.28900000,1730.10000000,0.3093
1749263891,0.28880000,346.26000000,0.3093
1749263891,0.28870000,31.17000000,0.3093
1749263891,0.28830000,40.22000000,0.3093
1749263891,0.28810000,1868.93000000,0.3093
1749263891,0.28730000,99.80000000,0.3093
1749263891,0.28700000,24.39000000,0.3093
1749264192,0.30850000,765.00000000,0.3087
1749264192,0.30840000,3930.11000000,0.3087
1749264192,0.30830000,7395.28000000,0.3087
1749264192,0.30820000,2801.12000000,0.3087
1749264192,0.30810000,5706.57000000,0.3087
1749264192,0.30800000,11962.54000000,0.3087
1749264192,0.30790000,24000.00000000,0.3087
1749264192,0.30780000,765.00000000,0.3087
1749264192,0.30770000,13044.55000000,0.3087
1749264192,0.30750000,5999.00000000,0.3087
1749264192,0.30740000,1721.63000000,0.3087
1749264192,0.30730000,17019.28000000,0.3087
1749264192,0.30720000,1683.04000000,0.3087
1749264192,0.30710000,1721.63000000,0.3087
1749264192,0.30700000,60300.77000000,0.3087
1749264192,0.30690000,30765.00000000,0.3087
1749264192,0.30680000,6286.34000000,0.3087
1749264192,0.30670000,3547.66000000,0.3087
1749264192,0.30660000,765.00000000,0.3087
1749264192,0.30650000,2135.92000000,0.3087
1749264192,0.30640000,21242.06000000,0.3087
1749264192,0.30630000,765.00000000,0.3087
1749264192,0.30620000,1721.63000000,0.3087
1749264192,0.30600000,765.00000000,0.3087
1749264192,0.30590000,1721.63000000,0.3087
1749264192,0.30570000,765.00000000,0.3087
1749264192,0.30560000,1721.63000000,0.3087
1749264192,0.30540000,46399.10000000,0.3087
1749264192,0.30530000,1227.73000000,0.3087
1749264192,0.30520000,61765.00000000,0.3087
1749264192,0.30500000,1721.63000000,0.3087
1749264192,0.30490000,59.03000000,0.3087
1749264192,0.30480000,765.00000000,0.3087
1749264192,0.30470000,1721.63000000,0.3087
1749264192,0.30460000,2375.46000000,0.3087
1749264192,0.30450000,11759.73000000,0.3087
1749264192,0.30440000,12627.46000000,0.3087
1749264192,0.30430000,1704.12000000,0.3087
1749264192,0.30420000,5387.70000000,0.3087
1749264192,0.30410000,956.63000000,0.3087
1749264192,0.30400000,765.00000000,0.3087
1749264192,0.30390000,14433.84000000,0.3087
1749264192,0.30380000,22768.30000000,0.3087
1749264192,0.30370000,765.00000000,0.3087
1749264192,0.30350000,956.63000000,0.3087
1749264192,0.30340000,1845.52000000,0.3087
1749264192,0.30330000,21826.62000000,0.3087
1749264192,0.30320000,2037.86000000,0.3087
1749264192,0.30310000,973.13000000,0.3087
1749264192,0.30290000,956.63000000,0.3087
1749264192,0.30280000,1042.48000000,0.3087
1749264192,0.30260000,53448.23000000,0.3087
1749264192,0.30250000,956.63000000,0.3087
1749264192,0.30240000,148.04000000,0.3087
1749264192,0.30220000,3303.28000000,0.3087
1749264192,0.30100000,498.33000000,0.3087
1749264192,0.30000000,833.33000000,0.3087
1749264192,0.29920000,300.00000000,0.3087
1749264192,0.29830000,33.53000000,0.3087
1749264192,0.29820000,170.82000000,0.3087
1749264192,0.29790000,20.14000000,0.3087
1749264192,0.29780000,36.11000000,0.3087
1749264192,0.29770000,103.89000000,0.3087
1749264192,0.29760000,1871.29000000,0.3087
1749264192,0.29710000,500.00000000,0.3087
1749264192,0.29690000,1706.38000000,0.3087
1749264192,0.29680000,17.18000000,0.3087
1749264192,0.29650000,37.93000000,0.3087
1749264192,0.29590000,2485.57000000,0.3087
1749264192,0.29580000,97.55000000,0.3087
1749264192,0.29540000,169.26000000,0.3087
1749264192,0.29530000,32.98000000,0.3087
1749264192,0.29500000,1813.88000000,0.3087
1749264192,0.29480000,38.38000000,0.3087
1749264192,0.29400000,204.08000000,0.3087
1749264192,0.29380000,103.14000000,0.3087
1749264192,0.29330000,375.47000000,0.3087
1749264192,0.29310000,38.83000000,0.3087
1749264192,0.29300000,85.32000000,0.3087
1749264192,0.29150000,63.31000000,0.3087
1749264192,0.29140000,60.72000000,0.3087
1749264192,0.29000000,978.28000000,0.3087
1749264192,0.28990000,39.75000000,0.3087
1749264192,0.28940000,1295.84000000,0.3087
1749264192,0.28930000,21.80000000,0.3087
1749264192,0.28900000,1730.10000000,0.3087
1749264192,0.28880000,346.26000000,0.3087
1749264192,0.28870000,31.17000000,0.3087
1749264192,0.28830000,40.22000000,0.3087
1749264192,0.28810000,1868.93000000,0.3087
1749264192,0.28730000,99.80000000,0.3087
1749264192,0.28700000,24.39000000,0.3087
1749264192,0.28690000,174.27000000,0.3087
1749264192,0.28670000,40.69000000,0.3087
1749264192,0.28600000,1799.02000000,0.3087
1749264192,0.28560000,4201.68000000,0.3087
1749264192,0.28530000,17.53000000,0.3087
1749264192,0.28510000,58.74000000,0.3087
1749264192,0.28500000,418.76000000,0.3087
1749264192,0.28360000,800.00000000,0.3087
1749264494,0.30900000,765.00000000,0.3091
1749264494,0.30890000,3524.14000000,0.3091
1749264494,0.30880000,7110.80000000,0.3091
1749264494,0.30870000,11118.83000000,0.3091
1749264494,0.30860000,11884.58000000,0.3091
1749264494,0.30850000,16091.66000000,0.3091
1749264494,0.30840000,4552.84000000,0.3091
1749264494,0.30830000,12230.83000000,0.3091
1749264494,0.30820000,3158.35000000,0.3091
1749264494,0.30810000,1597.34000000,0.3091
1749264494,0.30800000,18531.77000000,0.3091
1749264494,0.30790000,326.82000000,0.3091
1749264494,0.30780000,1091.82000000,0.3091
1749264494,0.30770000,3851.25000000,0.3091
1749264494,0.30760000,53939.88000000,0.3091
1749264494,0.30750000,6325.82000000,0.3091
1749264494,0.30740000,1721.63000000,0.3091
1749264494,0.30730000,326.82000000,0.3091
1749264494,0.30720000,3088.49000000,0.3091
1749264494,0.30710000,2048.45000000,0.3091
1749264494,0.30700000,6931.11000000,0.3091
1749264494,0.30690000,1873.10000000,0.3091
1749264494,0.30680000,6613.16000000,0.3091
1749264494,0.30670000,765.00000000,0.3091
1749264494,0.30660000,1091.82000000,0.3091
1749264494,0.30650000,2048.50000000,0.3091
1749264494,0.30640000,21242.06000000,0.3091
1749264494,0.30630000,765.00000000,0.3091
1749264494,0.30620000,1721.63000000,0.3091
1749264494,0.30610000,44443.61000000,0.3091
1749264494,0.30600000,61765.00000000,0.3091
1749264494,0.30590000,36403.63000000,0.3091
1749264494,0.30580000,270.62000000,0.3091
1749264494,0.30570000,765.00000000,0.3091
1749264494,0.30560000,1721.63000000,0.3091
1749264494,0.30540000,1838.44000000,0.3091
1749264494,0.30530000,956.63000000,0.3091
1749264494,0.30520000,765.00000000,0.3091
1749264494,0.30500000,1721.63000000,0.3091
1749264494,0.30490000,59.03000000,0.3091
1749264494,0.30480000,765.00000000,0.3091
1749264494,0.30470000,1721.63000000,0.3091
1749264494,0.30450000,11337.10000000,0.3091
1749264494,0.30440000,12627.46000000,0.3091
1749264494,0.30420000,5387.70000000,0.3091
1749264494,0.30410000,956.63000000,0.3091
1749264494,0.30400000,765.00000000,0.3091
1749264494,0.30390000,14433.84000000,0.3091
1749264494,0.30380000,22768.30000000,0.3091
1749264494,0.30370000,765.00000000,0.3091
1749264494,0.30350000,956.63000000,0.3091
1749264494,0.30340000,1080.52000000,0.3091
1749264494,0.30330000,30716.11000000,0.3091
1749264494,0.30320000,46458.41000000,0.3091
1749264494,0.30290000,956.63000000,0.3091
1749264494,0.30280000,1042.48000000,0.3091
1749264494,0.30270000,208.13000000,0.3091
1749264494,0.30260000,22.32000000,0.3091
1749264494,0.30250000,956.63000000,0.3091
1749264494,0.30240000,148.04000000,0.3091
1749264494,0.30220000,3303.28000000,0.3091
1749264494,0.30100000,498.33000000,0.3091
1749264494,0.30000000,833.33000000,0.3091
1749264494,0.29920000,300.00000000,0.3091
1749264494,0.29830000,1880.78000000,0.3091
1749264494,0.29820000,170.82000000,0.3091
1749264494,0.29790000,20.14000000,0.3091
1749264494,0.29780000,36.11000000,0.3091
1749264494,0.29770000,103.89000000,0.3091
1749264494,0.29760000,19.70000000,0.3091
1749264494,0.29710000,500.00000000,0.3091
1749264494,0.29690000,1706.38000000,0.3091
1749264494,0.29680000,17.18000000,0.3091
1749264494,0.29650000,37.93000000,0.3091
1749264494,0.29640000,572.89000000,0.3091
1749264494,0.29590000,1911.70000000,0.3091
1749264494,0.29580000,97.55000000,0.3091
1749264494,0.29540000,169.26000000,0.3091
1749264494,0.29530000,32.98000000,0.3091
1749264494,0.29500000,1813.88000000,0.3091
1749264494,0.29480000,38.38000000,0.3091
1749264494,0.29400000,204.08000000,0.3091
1749264494,0.29380000,103.14000000,0.3091
1749264494,0.29330000,375.47000000,0.3091
1749264494,0.29310000,38.83000000,0.3091
1749264494,0.29300000,85.32000000,0.3091
1749264494,0.29150000,63.31000000,0.3091
1749264494,0.29140000,60.72000000,0.3091
1749264494,0.29000000,978.28000000,0.3091
1749264494,0.28990000,39.75000000,0.3091
1749264494,0.28940000,1295.84000000,0.3091
1749264494,0.28930000,21.80000000,0.3091
1749264494,0.28900000,1730.10000000,0.3091
1749264494,0.28880000,346.26000000,0.3091
1749264494,0.28870000,31.17000000,0.3091
1749264494,0.28830000,40.22000000,0.3091
1749264494,0.28810000,1868.93000000,0.3091
1749264494,0.28730000,99.80000000,0.3091
1749264494,0.28700000,24.39000000,0.3091
1749264494,0.28690000,174.27000000,0.3091
1749264795,0.30920000,765.00000000,0.309
1749264795,0.30910000,1606.89000000,0.309
1749264795,0.30900000,4169.65000000,0.309
1749264795,0.30890000,6370.32000000,0.309
1749264795,0.30880000,3852.88000000,0.309
1749264795,0.30870000,5167.29000000,0.309
1749264795,0.30860000,11564.74000000,0.309
1749264795,0.30850000,15404.50000000,0.309
1749264795,0.30840000,765.00000000,0.309
1749264795,0.30830000,7585.26000000,0.309
1749264795,0.30820000,765.00000000,0.309
1749264795,0.30810000,765.00000000,0.309
1749264795,0.30800000,18188.20000000,0.309
1749264795,0.30780000,765.00000000,0.309
1749264795,0.30770000,2481.16000000,0.309
1749264795,0.30760000,83613.06000000,0.309
1749264795,0.30750000,765.00000000,0.309
1749264795,0.30740000,2368.50000000,0.309
1749264795,0.30730000,676.83000000,0.309
1749264795,0.30720000,2761.67000000,0.309
1749264795,0.30710000,3192.71000000,0.309
1749264795,0.30700000,6604.24000000,0.309
1749264795,0.30690000,765.00000000,0.309
1749264795,0.30680000,6286.34000000,0.309
1749264795,0.30660000,765.00000000,0.309
1749264795,0.30650000,1721.63000000,0.309
1749264795,0.30640000,21242.06000000,0.309
1749264795,0.30630000,1035.40000000,0.309
1749264795,0.30620000,2792.27000000,0.309
1749264795,0.30610000,44443.61000000,0.309
1749264795,0.30600000,765.00000000,0.309
1749264795,0.30590000,1721.63000000,0.309
1749264795,0.30570000,765.00000000,0.309
1749264795,0.30560000,1721.63000000,0.309
1749264795,0.30540000,765.00000000,0.309
1749264795,0.30530000,956.63000000,0.309
1749264795,0.30520000,1186.57000000,0.309
1749264795,0.30500000,1721.63000000,0.309
1749264795,0.30490000,2432.15000000,0.309
1749264795,0.30480000,765.00000000,0.309
1749264795,0.30470000,1721.63000000,0.309
1749264795,0.30460000,1702.44000000,0.309
1749264795,0.30450000,11337.10000000,0.309
1749264795,0.30440000,12627.46000000,0.309
1749264795,0.30430000,1077.32000000,0.309
1749264795,0.30420000,5387.70000000,0.309
1749264795,0.30410000,956.63000000,0.309
1749264795,0.30400000,765.00000000,0.309
1749264795,0.30390000,14433.84000000,0.309
1749264795,0.30380000,22768.30000000,0.309
1749264795,0.30350000,956.63000000,0.309
1749264795,0.30340000,208.13000000,0.309
1749264795,0.30330000,30716.11000000,0.309
1749264795,0.30320000,46458.41000000,0.309
1749264795,0.30290000,956.63000000,0.309
1749264795,0.30280000,1042.48000000,0.309
1749264795,0.30270000,3297.82000000,0.309
1749264795,0.30260000,22.32000000,0.309
1749264795,0.30240000,148.04000000,0.309
1749264795,0.30100000,498.33000000,0.309
1749264795,0.30000000,833.33000000,0.309
1749264795,0.29920000,300.00000000,0.309
1749264795,0.29870000,33.48000000,0.309
1749264795,0.29820000,2018.68000000,0.309
1749264795,0.29780000,36.11000000,0.309
1749264795,0.29770000,103.89000000,0.309
1749264795,0.29760000,19.70000000,0.309
1749264795,0.29710000,500.00000000,0.309
1749264795,0.29690000,2278.34000000,0.309
1749264795,0.29680000,17.18000000,0.309
1749264795,0.29650000,37.93000000,0.309
1749264795,0.29590000,1911.70000000,0.309
1749264795,0.29580000,97.55000000,0.309
1749264795,0.29540000,169.26000000,0.309
1749264795,0.29530000,32.98000000,0.309
1749264795,0.29500000,1813.88000000,0.309
1749264795,0.29480000,38.38000000,0.309
1749264795,0.29400000,204.08000000,0.309
1749264795,0.29380000,103.14000000,0.309
1749264795,0.29330000,375.47000000,0.309
1749264795,0.29310000,38.83000000,0.309
1749264795,0.29300000,85.32000000,0.309
1749264795,0.29150000,63.31000000,0.309
1749264795,0.29140000,60.72000000,0.309
1749264795,0.29000000,978.28000000,0.309
1749264795,0.28990000,39.75000000,0.309
1749264795,0.28940000,1295.84000000,0.309
1749264795,0.28930000,21.80000000,0.309
1749264795,0.28900000,1730.10000000,0.309
1749264795,0.28880000,346.26000000,0.309
1749264795,0.28830000,40.22000000,0.309
1749264795,0.28810000,1868.93000000,0.309
1749264795,0.28730000,99.80000000,0.309
1749264795,0.28700000,24.39000000,0.309
1749264795,0.28690000,174.27000000,0.309
1749264795,0.28670000,40.69000000,0.309
1749264795,0.28600000,1799.02000000,0.309
1749264795,0.28560000,4201.68000000,0.309
1749264795,0.28530000,17.53000000,0.309
1749264795,0.28510000,58.74000000,0.309
1749265097,0.30960000,765.00000000,0.3099
1749265097,0.30950000,5246.86000000,0.3099
1749265097,0.30940000,2392.23000000,0.3099
1749265097,0.30930000,5800.39000000,0.3099
1749265097,0.30920000,11130.25000000,0.3099
1749265097,0.30910000,20475.43000000,0.3099
1749265097,0.30900000,2699.37000000,0.3099
1749265097,0.30890000,12796.49000000,0.3099
1749265097,0.30880000,5296.28000000,0.3099
1749265097,0.30870000,1090.98000000,0.3099
1749265097,0.30860000,17481.13000000,0.3099
1749265097,0.30850000,2920.67000000,0.3099
1749265097,0.30840000,1360.36000000,0.3099
1749265097,0.30830000,7299.76000000,0.3099
1749265097,0.30820000,84326.04000000,0.3099
1749265097,0.30810000,1090.98000000,0.3099
1749265097,0.30800000,2047.50000000,0.3099
1749265097,0.30790000,325.98000000,0.3099
1749265097,0.30780000,1766.60000000,0.3099
1749265097,0.30770000,4043.16000000,0.3099
1749265097,0.30760000,325.66000000,0.3099
1749265097,0.30750000,2289.62000000,0.3099
1749265097,0.30740000,2788.09000000,0.3099
1749265097,0.30720000,1034.85000000,0.3099
1749265097,0.30710000,1721.63000000,0.3099
1749265097,0.30700000,6180.65000000,0.3099
1749265097,0.30690000,765.00000000,0.3099
1749265097,0.30680000,6286.34000000,0.3099
1749265097,0.30670000,44370.47000000,0.3099
1749265097,0.30660000,765.00000000,0.3099
1749265097,0.30650000,62721.63000000,0.3099
1749265097,0.30640000,21242.06000000,0.3099
1749265097,0.30630000,765.00000000,0.3099
1749265097,0.30620000,1721.63000000,0.3099
1749265097,0.30600000,1836.34000000,0.3099
1749265097,0.30590000,2142.35000000,0.3099
1749265097,0.30570000,765.00000000,0.3099
1749265097,0.30560000,1721.63000000,0.3099
1749265097,0.30540000,765.00000000,0.3099
1749265097,0.30530000,956.63000000,0.3099
1749265097,0.30520000,765.00000000,0.3099
1749265097,0.30500000,1721.63000000,0.3099
1749265097,0.30490000,2432.15000000,0.3099
1749265097,0.30480000,4013.03000000,0.3099
1749265097,0.30470000,1721.63000000,0.3099
1749265097,0.30460000,1702.44000000,0.3099
1749265097,0.30450000,11337.10000000,0.3099
1749265097,0.30440000,11862.46000000,0.3099
1749265097,0.30420000,5387.70000000,0.3099
1749265097,0.30410000,956.63000000,0.3099
1749265097,0.30400000,1047.44000000,0.3099
1749265097,0.30390000,20054.66000000,0.3099
1749265097,0.30380000,67148.20000000,0.3099
1749265097,0.30350000,956.63000000,0.3099
1749265097,0.30340000,208.13000000,0.3099
1749265097,0.30330000,21826.62000000,0.3099
1749265097,0.30320000,2037.86000000,0.3099
1749265097,0.30270000,3297.82000000,0.3099
1749265097,0.30260000,22.32000000,0.3099
1749265097,0.30240000,148.04000000,0.3099
1749265097,0.30100000,498.33000000,0.3099
1749265097,0.30000000,833.33000000,0.3099
1749265097,0.29920000,300.00000000,0.3099
1749265097,0.29880000,1844.15000000,0.3099
1749265097,0.29870000,33.48000000,0.3099
1749265097,0.29820000,170.82000000,0.3099
1749265097,0.29780000,36.11000000,0.3099
1749265097,0.29770000,103.89000000,0.3099
1749265097,0.29760000,19.70000000,0.3099
1749265097,0.29710000,500.00000000,0.3099
1749265097,0.29700000,571.87000000,0.3099
1749265097,0.29690000,1706.38000000,0.3099
1749265097,0.29680000,17.18000000,0.3099
1749265097,0.29650000,37.93000000,0.3099
1749265097,0.29590000,1911.70000000,0.3099
1749265097,0.29580000,97.55000000,0.3099
1749265097,0.29540000,169.26000000,0.3099
1749265097,0.29530000,32.98000000,0.3099
1749265097,0.29500000,1813.88000000,0.3099
1749265097,0.29480000,38.38000000,0.3099
1749265097,0.29400000,204.08000000,0.3099
1749265097,0.29380000,103.14000000,0.3099
1749265097,0.29330000,375.47000000,0.3099
1749265097,0.29310000,38.83000000,0.3099
1749265097,0.29300000,85.32000000,0.3099
1749265097,0.29150000,63.31000000,0.3099
1749265097,0.29140000,60.72000000,0.3099
1749265097,0.29000000,978.28000000,0.3099
1749265097,0.28990000,39.75000000,0.3099
1749265097,0.28940000,1295.84000000,0.3099
1749265097,0.28930000,21.80000000,0.3099
1749265097,0.28900000,1730.10000000,0.3099
1749265097,0.28880000,346.26000000,0.3099
1749265097,0.28830000,40.22000000,0.3099
1749265097,0.28810000,1868.93000000,0.3099
1749265097,0.28730000,99.80000000,0.3099
1749265097,0.28700000,24.39000000,0.3099
1749265097,0.28690000,174.27000000,0.3099
1749265097,0.28670000,40.69000000,0.3099
1749265097,0.28600000,1799.02000000,0.3099
1749265401,0.31020000,765.00000000,0.3101
1749265401,0.31010000,3774.54000000,0.3101
1749265401,0.31000000,19894.97000000,0.3101
1749265401,0.30990000,32499.02000000,0.3101
1749265401,0.30980000,12125.46000000,0.3101
1749265401,0.30970000,7336.98000000,0.3101
1749265401,0.30960000,6275.82000000,0.3101
1749265401,0.30950000,9623.68000000,0.3101
1749265401,0.30940000,11485.77000000,0.3101
1749265401,0.30930000,6631.99000000,0.3101
1749265401,0.30920000,956.63000000,0.3101
1749265401,0.30910000,765.00000000,0.3101
1749265401,0.30900000,16817.48000000,0.3101
1749265401,0.30890000,1721.63000000,0.3101
1749265401,0.30880000,765.00000000,0.3101
1749265401,0.30870000,53957.93000000,0.3101
1749265401,0.30860000,2947.04000000,0.3101
1749265401,0.30850000,777.22000000,0.3101
1749265401,0.30840000,765.00000000,0.3101
1749265401,0.30830000,1721.63000000,0.3101
1749265401,0.30810000,765.00000000,0.3101
1749265401,0.30800000,1994.90000000,0.3101
1749265401,0.30790000,417.87000000,0.3101
1749265401,0.30780000,765.00000000,0.3101
1749265401,0.30770000,1721.63000000,0.3101
1749265401,0.30760000,21471.11000000,0.3101
1749265401,0.30750000,765.00000000,0.3101
1749265401,0.30740000,2788.09000000,0.3101
1749265401,0.30720000,45074.49000000,0.3101
1749265401,0.30710000,1721.63000000,0.3101
1749265401,0.30700000,6180.65000000,0.3101
1749265401,0.30690000,765.00000000,0.3101
1749265401,0.30680000,6286.34000000,0.3101
1749265401,0.30660000,765.00000000,0.3101
1749265401,0.30650000,1803.05000000,0.3101
1749265401,0.30640000,21242.06000000,0.3101
1749265401,0.30630000,765.00000000,0.3101
1749265401,0.30620000,1721.63000000,0.3101
1749265401,0.30600000,1836.34000000,0.3101
1749265401,0.30590000,2142.35000000,0.3101
1749265401,0.30570000,765.00000000,0.3101
1749265401,0.30560000,1721.63000000,0.3101
1749265401,0.30540000,894.70000000,0.3101
1749265401,0.30530000,956.63000000,0.3101
1749265401,0.30520000,765.00000000,0.3101
1749265401,0.30500000,1721.63000000,0.3101
1749265401,0.30490000,59.03000000,0.3101
1749265401,0.30480000,3248.03000000,0.3101
1749265401,0.30470000,956.63000000,0.3101
1749265401,0.30450000,10572.10000000,0.3101
1749265401,0.30440000,20727.83000000,0.3101
1749265401,0.30430000,44313.21000000,0.3101
1749265401,0.30420000,3254.43000000,0.3101
1749265401,0.30410000,956.63000000,0.3101
1749265401,0.30400000,1047.44000000,0.3101
1749265401,0.30390000,1078.74000000,0.3101
1749265401,0.30380000,956.63000000,0.3101
1749265401,0.30350000,956.63000000,0.3101
1749265401,0.30340000,208.13000000,0.3101
1749265401,0.30260000,22.32000000,0.3101
1749265401,0.30240000,17.79000000,0.3101
1749265401,0.30100000,498.33000000,0.3101
1749265401,0.30000000,833.33000000,0.3101
1749265401,0.29920000,300.00000000,0.3101
1749265401,0.29870000,33.48000000,0.3101
1749265401,0.29820000,740.51000000,0.3101
1749265401,0.29780000,36.11000000,0.3101
1749265401,0.29770000,103.89000000,0.3101
1749265401,0.29760000,19.70000000,0.3101
1749265401,0.29710000,500.00000000,0.3101
1749265401,0.29690000,1706.38000000,0.3101
1749265401,0.29680000,17.18000000,0.3101
1749265401,0.29650000,37.93000000,0.3101
1749265401,0.29590000,1911.70000000,0.3101
1749265401,0.29580000,97.55000000,0.3101
1749265401,0.29540000,169.26000000,0.3101
1749265401,0.29530000,32.98000000,0.3101
1749265401,0.29500000,1813.88000000,0.3101
1749265401,0.29480000,38.38000000,0.3101
1749265401,0.29400000,204.08000000,0.3101
1749265401,0.29380000,103.14000000,0.3101
1749265401,0.29330000,375.47000000,0.3101
1749265401,0.29310000,38.83000000,0.3101
1749265401,0.29300000,85.32000000,0.3101
1749265401,0.29150000,63.31000000,0.3101
1749265401,0.29140000,60.72000000,0.3101
1749265401,0.29000000,978.28000000,0.3101
1749265401,0.28990000,39.75000000,0.3101
1749265401,0.28940000,1295.84000000,0.3101
1749265401,0.28930000,21.80000000,0.3101
1749265401,0.28900000,1730.10000000,0.3101
1749265401,0.28880000,346.26000000,0.3101
1749265401,0.28830000,40.22000000,0.3101
1749265401,0.28810000,1868.93000000,0.3101
1749265401,0.28730000,99.80000000,0.3101
1749265401,0.28700000,24.39000000,0.3101
1749265401,0.28690000,174.27000000,0.3101
1749265401,0.28670000,40.69000000,0.3101
1749265401,0.28600000,1799.02000000,0.3101
1749265401,0.28560000,4201.68000000,0.3101
1749265708,0.31040000,765.00000000,0.3105
1749265708,0.31030000,448.82000000,0.3105
1749265708,0.31020000,3155.81000000,0.3105
1749265708,0.31010000,7268.38000000,0.3105
1749265708,0.31000000,30235.92000000,0.3105
1749265708,0.30990000,43011.61000000,0.3105
1749265708,0.30980000,6544.99000000,0.3105
1749265708,0.30970000,12195.52000000,0.3105
1749265708,0.30960000,5099.35000000,0.3105
1749265708,0.30950000,1593.61000000,0.3105
1749265708,0.30940000,11810.70000000,0.3105
1749265708,0.30930000,6452.94000000,0.3105
1749265708,0.30920000,17623.50000000,0.3105
1749265708,0.30910000,324.93000000,0.3105
1749265708,0.30900000,1089.93000000,0.3105
1749265708,0.30890000,32046.61000000,0.3105
1749265708,0.30880000,1089.93000000,0.3105
1749265708,0.30870000,54602.01000000,0.3105
1749265708,0.30860000,3724.01000000,0.3105
1749265708,0.30850000,1011.89000000,0.3105
1749265708,0.30840000,1514.38000000,0.3105
1749265708,0.30830000,1721.63000000,0.3105
1749265708,0.30820000,324.82000000,0.3105
1749265708,0.30810000,1090.08000000,0.3105
1749265708,0.30800000,1721.63000000,0.3105
1749265708,0.30780000,765.00000000,0.3105
1749265708,0.30770000,1721.63000000,0.3105
1749265708,0.30760000,21744.93000000,0.3105
1749265708,0.30750000,765.00000000,0.3105
1749265708,0.30740000,2788.09000000,0.3105
1749265708,0.30730000,61000.00000000,0.3105
1749265708,0.30720000,49756.49000000,0.3105
1749265708,0.30710000,1721.63000000,0.3105
1749265708,0.30700000,6180.65000000,0.3105
1749265708,0.30690000,765.00000000,0.3105
1749265708,0.30680000,6286.34000000,0.3105
1749265708,0.30670000,765.00000000,0.3105
1749265708,0.30660000,1184.75000000,0.3105
1749265708,0.30650000,1721.63000000,0.3105
1749265708,0.30640000,21242.06000000,0.3105
1749265708,0.30630000,765.00000000,0.3105
1749265708,0.30620000,1721.63000000,0.3105
1749265708,0.30600000,1836.34000000,0.3105
1749265708,0.30590000,1721.63000000,0.3105
1749265708,0.30570000,765.00000000,0.3105
1749265708,0.30560000,4961.15000000,0.3105
1749265708,0.30540000,894.70000000,0.3105
1749265708,0.30530000,956.63000000,0.3105
1749265708,0.30520000,765.00000000,0.3105
1749265708,0.30500000,956.63000000,0.3105
1749265708,0.30490000,59.03000000,0.3105
1749265708,0.30470000,956.63000000,0.3105
1749265708,0.30460000,1076.26000000,0.3105
1749265708,0.30450000,10572.10000000,0.3105
1749265708,0.30440000,20727.83000000,0.3105
1749265708,0.30430000,44313.21000000,0.3105
1749265708,0.30420000,3254.43000000,0.3105
1749265708,0.30410000,956.63000000,0.3105
1749265708,0.30400000,1047.44000000,0.3105
1749265708,0.30380000,956.63000000,0.3105
1749265708,0.30350000,956.63000000,0.3105
1749265708,0.30340000,208.13000000,0.3105
1749265708,0.30260000,22.32000000,0.3105
1749265708,0.30240000,17.79000000,0.3105
1749265708,0.30100000,498.33000000,0.3105
1749265708,0.30000000,833.33000000,0.3105
1749265708,0.29930000,1841.07000000,0.3105
1749265708,0.29920000,300.00000000,0.3105
1749265708,0.29870000,33.48000000,0.3105
1749265708,0.29840000,1931.58000000,0.3105
1749265708,0.29820000,740.54000000,0.3105
1749265708,0.29780000,36.11000000,0.3105
1749265708,0.29770000,103.89000000,0.3105
1749265708,0.29760000,19.70000000,0.3105
1749265708,0.29710000,500.00000000,0.3105
1749265708,0.29690000,1706.38000000,0.3105
1749265708,0.29680000,17.18000000,0.3105
1749265708,0.29650000,37.93000000,0.3105
1749265708,0.29580000,97.55000000,0.3105
1749265708,0.29540000,169.26000000,0.3105
1749265708,0.29530000,32.98000000,0.3105
1749265708,0.29500000,1813.88000000,0.3105
1749265708,0.29480000,38.38000000,0.3105
1749265708,0.29400000,204.08000000,0.3105
1749265708,0.29380000,103.14000000,0.3105
1749265708,0.29330000,375.47000000,0.3105
1749265708,0.29310000,38.83000000,0.3105
1749265708,0.29300000,85.32000000,0.3105
1749265708,0.29150000,63.31000000,0.3105
1749265708,0.29140000,60.72000000,0.3105
1749265708,0.29000000,978.28000000,0.3105
1749265708,0.28990000,39.75000000,0.3105
1749265708,0.28940000,1295.84000000,0.3105
1749265708,0.28930000,21.80000000,0.3105
1749265708,0.28900000,1730.10000000,0.3105
1749265708,0.28880000,346.26000000,0.3105
1749265708,0.28830000,40.22000000,0.3105
1749265708,0.28810000,1868.93000000,0.3105
1749265708,0.28730000,99.80000000,0.3105
1749265708,0.28700000,24.39000000,0.3105
1749266010,0.31160000,1523.33000000,0.3116
1749266010,0.31150000,3837.55000000,0.3116
1749266010,0.31140000,12140.48000000,0.3116
1749266010,0.31130000,13544.96000000,0.3116
1749266010,0.31120000,5108.90000000,0.3116
1749266010,0.31110000,2788.81000000,0.3116
1749266010,0.31100000,3236.14000000,0.3116
1749266010,0.31090000,3416.21000000,0.3116
1749266010,0.31070000,9763.58000000,0.3116
1749266010,0.31060000,10705.19000000,0.3116
1749266010,0.31050000,16856.41000000,0.3116
1749266010,0.31040000,765.00000000,0.3116
1749266010,0.31030000,1655.49000000,0.3116
1749266010,0.31020000,765.00000000,0.3116
1749266010,0.31010000,2756.52000000,0.3116
1749266010,0.31000000,6314.70000000,0.3116
1749266010,0.30990000,22236.11000000,0.3116
1749266010,0.30970000,765.00000000,0.3116
1749266010,0.30960000,1721.63000000,0.3116
1749266010,0.30950000,54041.41000000,0.3116
1749266010,0.30940000,11485.77000000,0.3116
1749266010,0.30930000,765.00000000,0.3116
1749266010,0.30920000,956.63000000,0.3116
1749266010,0.30900000,765.00000000,0.3116
1749266010,0.30890000,3185.74000000,0.3116
1749266010,0.30880000,1061.62000000,0.3116
1749266010,0.30870000,765.00000000,0.3116
1749266010,0.30860000,1563.83000000,0.3116
1749266010,0.30840000,765.00000000,0.3116
1749266010,0.30830000,12700.08000000,0.3116
1749266010,0.30810000,765.00000000,0.3116
1749266010,0.30800000,1721.63000000,0.3116
1749266010,0.30780000,765.00000000,0.3116
1749266010,0.30770000,1721.63000000,0.3116
1749266010,0.30760000,22536.87000000,0.3116
1749266010,0.30750000,3464.15000000,0.3116
1749266010,0.30740000,1721.63000000,0.3116
1749266010,0.30720000,44804.94000000,0.3116
1749266010,0.30710000,1721.63000000,0.3116
1749266010,0.30700000,6180.65000000,0.3116
1749266010,0.30690000,765.00000000,0.3116
1749266010,0.30680000,6286.34000000,0.3116
1749266010,0.30670000,765.00000000,0.3116
1749266010,0.30660000,1184.75000000,0.3116
1749266010,0.30650000,1721.63000000,0.3116
1749266010,0.30640000,24473.13000000,0.3116
1749266010,0.30630000,765.00000000,0.3116
1749266010,0.30620000,1721.63000000,0.3116
1749266010,0.30590000,2028.32000000,0.3116
1749266010,0.30560000,1162.81000000,0.3116
1749266010,0.30540000,1168.10000000,0.3116
1749266010,0.30530000,956.63000000,0.3116
1749266010,0.30520000,3243.77000000,0.3116
1749266010,0.30500000,956.63000000,0.3116
1749266010,0.30490000,59.03000000,0.3116
1749266010,0.30300000,8816.16000000,0.3116
1749266010,0.30290000,44064.27000000,0.3116
1749266010,0.30260000,22.32000000,0.3116
1749266010,0.30240000,17.79000000,0.3116
1749266010,0.30140000,81.04000000,0.3116
1749266010,0.30100000,498.33000000,0.3116
1749266010,0.30080000,1816.75000000,0.3116
1749266010,0.30000000,833.33000000,0.3116
1749266010,0.29920000,300.00000000,0.3116
1749266010,0.29840000,2501.00000000,0.3116
1749266010,0.29820000,204.36000000,0.3116
1749266010,0.29780000,36.11000000,0.3116
1749266010,0.29770000,103.89000000,0.3116
1749266010,0.29760000,19.70000000,0.3116
1749266010,0.29710000,500.00000000,0.3116
1749266010,0.29690000,1706.38000000,0.3116
1749266010,0.29680000,17.18000000,0.3116
1749266010,0.29650000,37.93000000,0.3116
1749266010,0.29580000,97.55000000,0.3116
1749266010,0.29540000,169.26000000,0.3116
1749266010,0.29500000,1813.88000000,0.3116
1749266010,0.29480000,38.38000000,0.3116
1749266010,0.29400000,204.08000000,0.3116
1749266010,0.29380000,103.14000000,0.3116
1749266010,0.29330000,375.47000000,0.3116
1749266010,0.29310000,38.83000000,0.3116
1749266010,0.29300000,85.32000000,0.3116
1749266010,0.29150000,63.31000000,0.3116
1749266010,0.29140000,60.72000000,0.3116
1749266010,0.29000000,978.28000000,0.3116
1749266010,0.28990000,39.75000000,0.3116
1749266010,0.28940000,1295.84000000,0.3116
1749266010,0.28930000,21.80000000,0.3116
1749266010,0.28900000,1730.10000000,0.3116
1749266010,0.28880000,346.26000000,0.3116
1749266010,0.28830000,40.22000000,0.3116
1749266010,0.28810000,1868.93000000,0.3116
1749266010,0.28730000,99.80000000,0.3116
1749266010,0.28700000,24.39000000,0.3116
1749266010,0.28690000,174.27000000,0.3116
1749266010,0.28670000,40.69000000,0.3116
1749266010,0.28600000,1799.02000000,0.3116
1749266010,0.28560000,4201.68000000,0.3116
1749266010,0.28530000,17.53000000,0.3116
1749266010,0.28510000,58.74000000,0.3116
1749266312,0.31360000,5278.55000000,0.3137
1749266312,0.31350000,3944.65000000,0.3137
1749266312,0.31340000,4618.58000000,0.3137
1749266312,0.31330000,15186.14000000,0.3137
1749266312,0.31320000,20614.09000000,0.3137
1749266312,0.31310000,20424.60000000,0.3137
1749266312,0.31300000,21537.82000000,0.3137
1749266312,0.31290000,24394.11000000,0.3137
1749266312,0.31280000,32528.46000000,0.3137
1749266312,0.31270000,3236.17000000,0.3137
1749266312,0.31260000,323.16000000,0.3137
1749266312,0.31250000,9089.51000000,0.3137
1749266312,0.31240000,1351.46000000,0.3137
1749266312,0.31230000,31279.79000000,0.3137
1749266312,0.31220000,323.16000000,0.3137
1749266312,0.31210000,323.16000000,0.3137
1749266312,0.31200000,2560.55000000,0.3137
1749266312,0.31190000,2042.68000000,0.3137
1749266312,0.31180000,1610.69000000,0.3137
1749266312,0.31170000,1088.16000000,0.3137
1749266312,0.31160000,1100.34000000,0.3137
1749266312,0.31150000,10126.76000000,0.3137
1749266312,0.31140000,53691.01000000,0.3137
1749266312,0.31130000,8190.27000000,0.3137
1749266312,0.31110000,441.80000000,0.3137
1749266312,0.31100000,956.63000000,0.3137
1749266312,0.31090000,765.00000000,0.3137
1749266312,0.31070000,1181.53000000,0.3137
1749266312,0.31060000,10705.19000000,0.3137
1749266312,0.31050000,33047.00000000,0.3137
1749266312,0.31040000,2535.11000000,0.3137
1749266312,0.31030000,1711.65000000,0.3137
1749266312,0.31020000,1601.09000000,0.3137
1749266312,0.31010000,32.19000000,0.3137
1749266312,0.31000000,6314.70000000,0.3137
1749266312,0.30990000,22236.11000000,0.3137
1749266312,0.30970000,765.00000000,0.3137
1749266312,0.30960000,1881.51000000,0.3137
1749266312,0.30950000,1054.58000000,0.3137
1749266312,0.30940000,12545.33000000,0.3137
1749266312,0.30930000,765.00000000,0.3137
1749266312,0.30920000,956.63000000,0.3137
1749266312,0.30910000,44580.70000000,0.3137
1749266312,0.30900000,3968.88000000,0.3137
1749266312,0.30890000,1721.63000000,0.3137
1749266312,0.30870000,765.00000000,0.3137
1749266312,0.30860000,1762.88000000,0.3137
1749266312,0.30840000,947.82000000,0.3137
1749266312,0.30830000,1830.97000000,0.3137
1749266312,0.30740000,765.00000000,0.3137
1749266312,0.30730000,3640.33000000,0.3137
1749266312,0.30720000,1067.15000000,0.3137
1749266312,0.30630000,765.00000000,0.3137
1749266312,0.30560000,206.18000000,0.3137
1749266312,0.30520000,1978.84000000,0.3137
1749266312,0.30500000,327.29000000,0.3137
1749266312,0.30480000,8763.73000000,0.3137
1749266312,0.30470000,43816.51000000,0.3137
1749266312,0.30280000,1804.75000000,0.3137
1749266312,0.30260000,22.32000000,0.3137
1749266312,0.30240000,17.79000000,0.3137
1749266312,0.30140000,81.04000000,0.3137
1749266312,0.30130000,54.53000000,0.3137
1749266312,0.30100000,2453.40000000,0.3137
1749266312,0.30000000,833.33000000,0.3137
1749266312,0.29990000,566.60000000,0.3137
1749266312,0.29920000,300.00000000,0.3137
1749266312,0.29820000,167.67000000,0.3137
1749266312,0.29780000,36.11000000,0.3137
1749266312,0.29770000,103.89000000,0.3137
1749266312,0.29760000,19.70000000,0.3137
1749266312,0.29710000,500.00000000,0.3137
1749266312,0.29690000,1706.38000000,0.3137
1749266312,0.29680000,17.18000000,0.3137
1749266312,0.29650000,37.93000000,0.3137
1749266312,0.29580000,97.55000000,0.3137
1749266312,0.29540000,169.26000000,0.3137
1749266312,0.29510000,338.27000000,0.3137
1749266312,0.29500000,1813.88000000,0.3137
1749266312,0.29480000,38.38000000,0.3137
1749266312,0.29400000,204.08000000,0.3137
1749266312,0.29380000,103.14000000,0.3137
1749266312,0.29330000,375.47000000,0.3137
1749266312,0.29310000,38.83000000,0.3137
1749266312,0.29300000,85.32000000,0.3137
1749266312,0.29150000,63.31000000,0.3137
1749266312,0.29140000,60.72000000,0.3137
1749266312,0.29000000,978.28000000,0.3137
1749266312,0.28990000,39.75000000,0.3137
1749266312,0.28940000,1295.84000000,0.3137
1749266312,0.28930000,21.80000000,0.3137
1749266312,0.28900000,1730.10000000,0.3137
1749266312,0.28880000,346.26000000,0.3137
1749266312,0.28830000,40.22000000,0.3137
1749266312,0.28810000,1868.93000000,0.3137
1749266312,0.28730000,99.80000000,0.3137
1749266312,0.28700000,24.39000000,0.3137
1749266312,0.28690000,174.27000000,0.3137
1749266312,0.28670000,40.69000000,0.3137
1749266312,0.28600000,1799.02000000,0.3137
1749266623,0.31110000,1323.59000000,0.3113
1749266623,0.31100000,5022.57000000,0.3113
1749266623,0.31090000,8536.77000000,0.3113
1749266623,0.31080000,765.00000000,0.3113
1749266623,0.31070000,1897.06000000,0.3113
1749266623,0.31060000,3717.90000000,0.3113
1749266623,0.31050000,3873.49000000,0.3113
1749266623,0.31040000,8899.19000000,0.3113
1749266623,0.31030000,956.63000000,0.3113
1749266623,0.31020000,106.51000000,0.3113
1749266623,0.31010000,765.00000000,0.3113
1749266623,0.31000000,54892.39000000,0.3113
1749266623,0.30990000,22236.11000000,0.3113
1749266623,0.30980000,773.96000000,0.3113
1749266623,0.30970000,3392.23000000,0.3113
1749266623,0.30960000,2672.81000000,0.3113
1749266623,0.30950000,9272.74000000,0.3113
1749266623,0.30930000,765.00000000,0.3113
1749266623,0.30920000,956.63000000,0.3113
1749266623,0.30910000,1292.09000000,0.3113
1749266623,0.30900000,4127.01000000,0.3113
1749266623,0.30890000,1721.63000000,0.3113
1749266623,0.30870000,7196.04000000,0.3113
1749266623,0.30860000,25515.06000000,0.3113
1749266623,0.30850000,45181.54000000,0.3113
1749266623,0.30840000,10927.87000000,0.3113
1749266623,0.30830000,2207.58000000,0.3113
1749266623,0.30820000,21589.20000000,0.3113
1749266623,0.30810000,5337.73000000,0.3113
1749266623,0.30800000,765.00000000,0.3113
1749266623,0.30790000,956.63000000,0.3113
1749266623,0.30780000,2157.74000000,0.3113
1749266623,0.30770000,1234.20000000,0.3113
1749266623,0.30760000,12551.46000000,0.3113
1749266623,0.30750000,1066.11000000,0.3113
1749266623,0.30740000,846.18000000,0.3113
1749266623,0.30730000,2830.05000000,0.3113
1749266623,0.30720000,10451.34000000,0.3113
1749266623,0.30710000,3574.30000000,0.3113
1749266623,0.30700000,388.31000000,0.3113
1749266623,0.30690000,765.00000000,0.3113
1749266623,0.30680000,2705.31000000,0.3113
1749266623,0.30670000,797.54000000,0.3113
1749266623,0.30660000,4045.84000000,0.3113
1749266623,0.30650000,956.63000000,0.3113
1749266623,0.30610000,765.00000000,0.3113
1749266623,0.30600000,813.11000000,0.3113
1749266623,0.30590000,956.63000000,0.3113
1749266623,0.30580000,9850.45000000,0.3113
1749266623,0.30570000,19053.56000000,0.3113
1749266623,0.30560000,44320.67000000,0.3113
1749266623,0.30550000,765.00000000,0.3113
1749266623,0.30540000,5229.86000000,0.3113
1749266623,0.30530000,1073.79000000,0.3113
1749266623,0.30520000,956.63000000,0.3113
1749266623,0.30510000,3244.83000000,0.3113
1749266623,0.30490000,5844.53000000,0.3113
1749266623,0.30470000,1052.47000000,0.3113
1749266623,0.30460000,1638.62000000,0.3113
1749266623,0.30450000,48.76000000,0.3113
1749266623,0.30420000,164.07000000,0.3113
1749266623,0.30400000,3940.46000000,0.3113
1749266623,0.30350000,328.91000000,0.3113
1749266623,0.30310000,192.71000000,0.3113
1749266623,0.30260000,187.27000000,0.3113
1749266623,0.30240000,17.79000000,0.3113
1749266623,0.30200000,330.54000000,0.3113
1749266623,0.30140000,81.04000000,0.3113
1749266623,0.30130000,54.53000000,0.3113
1749266623,0.30100000,498.33000000,0.3113
1749266623,0.30000000,833.33000000,0.3113
1749266623,0.29920000,867.99000000,0.3113
1749266623,0.29850000,1955.25000000,0.3113
1749266623,0.29820000,167.67000000,0.3113
1749266623,0.29780000,36.11000000,0.3113
1749266623,0.29770000,103.89000000,0.3113
1749266623,0.29760000,19.70000000,0.3113
1749266623,0.29710000,500.00000000,0.3113
1749266623,0.29690000,1706.38000000,0.3113
1749266623,0.29680000,17.18000000,0.3113
1749266623,0.29650000,37.93000000,0.3113
1749266623,0.29580000,97.55000000,0.3113
1749266623,0.29550000,203.37000000,0.3113
1749266623,0.29540000,169.26000000,0.3113
1749266623,0.29500000,1813.88000000,0.3113
1749266623,0.29480000,38.38000000,0.3113
1749266623,0.29400000,204.08000000,0.3113
1749266623,0.29380000,103.14000000,0.3113
1749266623,0.29330000,375.47000000,0.3113
1749266623,0.29310000,38.83000000,0.3113
1749266623,0.29300000,85.32000000,0.3113
1749266623,0.29150000,63.31000000,0.3113
1749266623,0.29140000,60.72000000,0.3113
1749266623,0.29000000,978.28000000,0.3113
1749266623,0.28990000,39.75000000,0.3113
1749266623,0.28940000,1295.84000000,0.3113
1749266623,0.28930000,21.80000000,0.3113
1749266623,0.28900000,1730.10000000,0.3113
1749266623,0.28880000,346.26000000,0.3113
1749266623,0.28830000,40.22000000,0.3113
1749266924,0.31080000,23.37000000,0.3109
1749266924,0.31070000,368.37000000,0.3109
1749266924,0.31060000,2344.28000000,0.3109
1749266924,0.31050000,5007.61000000,0.3109
1749266924,0.31040000,4039.65000000,0.3109
1749266924,0.31030000,3745.25000000,0.3109
1749266924,0.31020000,2429.64000000,0.3109
1749266924,0.31010000,12920.15000000,0.3109
1749266924,0.31000000,3510.39000000,0.3109
1749266924,0.30990000,26977.13000000,0.3109
1749266924,0.30980000,1868.81000000,0.3109
1749266924,0.30970000,2528.86000000,0.3109
1749266924,0.30960000,55480.09000000,0.3109
1749266924,0.30950000,1864.01000000,0.3109
1749266924,0.30940000,4730.31000000,0.3109
1749266924,0.30930000,9148.78000000,0.3109
1749266924,0.30920000,2945.87000000,0.3109
1749266924,0.30910000,324.35000000,0.3109
1749266924,0.30900000,1089.35000000,0.3109
1749266924,0.30890000,1721.63000000,0.3109
1749266924,0.30880000,527.27000000,0.3109
1749266924,0.30870000,7196.04000000,0.3109
1749266924,0.30860000,25515.06000000,0.3109
1749266924,0.30850000,3885.23000000,0.3109
1749266924,0.30840000,11218.06000000,0.3109
1749266924,0.30830000,2784.97000000,0.3109
1749266924,0.30820000,23828.16000000,0.3109
1749266924,0.30810000,5820.12000000,0.3109
1749266924,0.30800000,50030.98000000,0.3109
1749266924,0.30790000,1280.84000000,0.3109
1749266924,0.30780000,6658.77000000,0.3109
1749266924,0.30770000,3568.95000000,0.3109
1749266924,0.30760000,9850.45000000,0.3109
1749266924,0.30750000,765.00000000,0.3109
1749266924,0.30740000,1560.03000000,0.3109
1749266924,0.30730000,1218.49000000,0.3109
1749266924,0.30720000,6333.28000000,0.3109
1749266924,0.30710000,765.00000000,0.3109
1749266924,0.30700000,2356.90000000,0.3109
1749266924,0.30670000,765.00000000,0.3109
1749266924,0.30660000,5340.38000000,0.3109
1749266924,0.30650000,956.63000000,0.3109
1749266924,0.30640000,765.00000000,0.3109
1749266924,0.30630000,325.90000000,0.3109
1749266924,0.30620000,893.32000000,0.3109
1749266924,0.30610000,1835.99000000,0.3109
1749266924,0.30590000,2009.63000000,0.3109
1749266924,0.30580000,9850.45000000,0.3109
1749266924,0.30570000,1578.97000000,0.3109
1749266924,0.30560000,206.18000000,0.3109
1749266924,0.30550000,765.00000000,0.3109
1749266924,0.30530000,3269.73000000,0.3109
1749266924,0.30520000,9785.06000000,0.3109
1749266924,0.30510000,44171.70000000,0.3109
1749266924,0.30490000,327.40000000,0.3109
1749266924,0.30450000,1639.16000000,0.3109
1749266924,0.30390000,49.27000000,0.3109
1749266924,0.30330000,164.85000000,0.3109
1749266924,0.30320000,329.23000000,0.3109
1749266924,0.30300000,194.38000000,0.3109
1749266924,0.30260000,22.32000000,0.3109
1749266924,0.30240000,17.79000000,0.3109
1749266924,0.30170000,4301.37000000,0.3109
1749266924,0.30140000,81.04000000,0.3109
1749266924,0.30130000,54.53000000,0.3109
1749266924,0.30100000,498.33000000,0.3109
1749266924,0.30010000,1836.17000000,0.3109
1749266924,0.30000000,833.33000000,0.3109
1749266924,0.29940000,666.83000000,0.3109
1749266924,0.29920000,300.00000000,0.3109
1749266924,0.29850000,1955.25000000,0.3109
1749266924,0.29840000,569.62000000,0.3109
1749266924,0.29820000,134.13000000,0.3109
1749266924,0.29780000,36.11000000,0.3109
1749266924,0.29770000,103.89000000,0.3109
1749266924,0.29760000,19.70000000,0.3109
1749266924,0.29710000,500.00000000,0.3109
1749266924,0.29690000,1706.38000000,0.3109
1749266924,0.29680000,17.18000000,0.3109
1749266924,0.29650000,71.66000000,0.3109
1749266924,0.29580000,97.55000000,0.3109
1749266924,0.29540000,169.26000000,0.3109
1749266924,0.29500000,1813.88000000,0.3109
1749266924,0.29480000,38.38000000,0.3109
1749266924,0.29400000,204.08000000,0.3109
1749266924,0.29380000,103.14000000,0.3109
1749266924,0.29330000,375.47000000,0.3109
1749266924,0.29310000,38.83000000,0.3109
1749266924,0.29300000,85.32000000,0.3109
1749266924,0.29150000,63.31000000,0.3109
1749266924,0.29140000,60.72000000,0.3109
1749266924,0.29000000,978.28000000,0.3109
1749266924,0.28990000,39.75000000,0.3109
1749266924,0.28940000,1295.84000000,0.3109
1749266924,0.28930000,21.80000000,0.3109
1749266924,0.28900000,1730.10000000,0.3109
1749266924,0.28880000,346.26000000,0.3109
1749266924,0.28830000,40.22000000,0.3109
1749266924,0.28810000,1868.93000000,0.3109
1749266924,0.28730000,99.80000000,0.3109
1749267226,0.31060000,2178.72000000,0.3107
1749267226,0.31050000,6073.43000000,0.3107
1749267226,0.31040000,4442.24000000,0.3107
1749267226,0.31030000,7954.63000000,0.3107
1749267226,0.31020000,9054.16000000,0.3107
1749267226,0.31010000,6000.57000000,0.3107
1749267226,0.31000000,1224.79000000,0.3107
1749267226,0.30990000,31076.80000000,0.3107
1749267226,0.30980000,105.14000000,0.3107
1749267226,0.30970000,1519.92000000,0.3107
1749267226,0.30960000,1800.24000000,0.3107
1749267226,0.30950000,765.00000000,0.3107
1749267226,0.30940000,6595.29000000,0.3107
1749267226,0.30930000,765.00000000,0.3107
1749267226,0.30920000,55736.00000000,0.3107
1749267226,0.30910000,9058.43000000,0.3107
1749267226,0.30900000,2755.13000000,0.3107
1749267226,0.30890000,1721.63000000,0.3107
1749267226,0.30870000,7196.04000000,0.3107
1749267226,0.30860000,25515.06000000,0.3107
1749267226,0.30850000,1186.03000000,0.3107
1749267226,0.30840000,10927.87000000,0.3107
1749267226,0.30830000,1721.63000000,0.3107
1749267226,0.30820000,21265.31000000,0.3107
1749267226,0.30810000,5337.73000000,0.3107
1749267226,0.30800000,3421.36000000,0.3107
1749267226,0.30790000,1447.34000000,0.3107
1749267226,0.30780000,2405.53000000,0.3107
1749267226,0.30770000,47661.96000000,0.3107
1749267226,0.30760000,11732.70000000,0.3107
1749267226,0.30750000,765.00000000,0.3107
1749267226,0.30740000,3334.52000000,0.3107
1749267226,0.30730000,765.00000000,0.3107
1749267226,0.30720000,9180.32000000,0.3107
1749267226,0.30710000,1179.77000000,0.3107
1749267226,0.30700000,5060.45000000,0.3107
1749267226,0.30690000,3328.86000000,0.3107
1749267226,0.30670000,765.00000000,0.3107
1749267226,0.30660000,5340.38000000,0.3107
1749267226,0.30650000,956.63000000,0.3107
1749267226,0.30640000,1953.26000000,0.3107
1749267226,0.30620000,893.32000000,0.3107
1749267226,0.30610000,765.00000000,0.3107
1749267226,0.30590000,2335.96000000,0.3107
1749267226,0.30580000,9850.45000000,0.3107
1749267226,0.30570000,765.00000000,0.3107
1749267226,0.30560000,206.18000000,0.3107
1749267226,0.30550000,765.00000000,0.3107
1749267226,0.30530000,1073.79000000,0.3107
1749267226,0.30520000,956.63000000,0.3107
1749267226,0.30490000,8844.98000000,0.3107
1749267226,0.30480000,44248.58000000,0.3107
1749267226,0.30440000,327.94000000,0.3107
1749267226,0.30430000,3253.36000000,0.3107
1749267226,0.30420000,1640.78000000,0.3107
1749267226,0.30330000,164.85000000,0.3107
1749267226,0.30290000,329.56000000,0.3107
1749267226,0.30260000,22.32000000,0.3107
1749267226,0.30240000,17.79000000,0.3107
1749267226,0.30140000,81.04000000,0.3107
1749267226,0.30130000,385.84000000,0.3107
1749267226,0.30120000,3977.09000000,0.3107
1749267226,0.30100000,498.33000000,0.3107
1749267226,0.30000000,833.33000000,0.3107
1749267226,0.29980000,1838.00000000,0.3107
1749267226,0.29920000,300.00000000,0.3107
1749267226,0.29910000,667.50000000,0.3107
1749267226,0.29850000,1955.25000000,0.3107
1749267226,0.29840000,569.78000000,0.3107
1749267226,0.29820000,134.13000000,0.3107
1749267226,0.29780000,36.11000000,0.3107
1749267226,0.29770000,103.89000000,0.3107
1749267226,0.29760000,19.70000000,0.3107
1749267226,0.29710000,500.00000000,0.3107
1749267226,0.29690000,1706.38000000,0.3107
1749267226,0.29680000,17.18000000,0.3107
1749267226,0.29650000,71.66000000,0.3107
1749267226,0.29580000,97.55000000,0.3107
1749267226,0.29540000,169.26000000,0.3107
1749267226,0.29500000,1813.88000000,0.3107
1749267226,0.29480000,38.38000000,0.3107
1749267226,0.29400000,204.08000000,0.3107
1749267226,0.29380000,103.14000000,0.3107
1749267226,0.29330000,375.47000000,0.3107
1749267226,0.29310000,38.83000000,0.3107
1749267226,0.29300000,85.32000000,0.3107
1749267226,0.29150000,63.31000000,0.3107
1749267226,0.29140000,60.72000000,0.3107
1749267226,0.29000000,978.28000000,0.3107
1749267226,0.28990000,39.75000000,0.3107
1749267226,0.28940000,1295.84000000,0.3107
1749267226,0.28930000,21.80000000,0.3107
1749267226,0.28900000,1730.10000000,0.3107
1749267226,0.28880000,346.26000000,0.3107
1749267226,0.28830000,40.22000000,0.3107
1749267226,0.28810000,1868.93000000,0.3107
1749267226,0.28730000,99.80000000,0.3107
1749267226,0.28700000,24.39000000,0.3107
1749267226,0.28690000,174.27000000,0.3107
1749267226,0.28670000,1433.44000000,0.3107
1749267527,0.31090000,765.00000000,0.3109
1749267527,0.31080000,44.18000000,0.3109
1749267527,0.31070000,2665.07000000,0.3109
1749267527,0.31060000,4259.05000000,0.3109
1749267527,0.31050000,765.00000000,0.3109
1749267527,0.31040000,3683.82000000,0.3109
1749267527,0.31030000,8181.49000000,0.3109
1749267527,0.31020000,7295.17000000,0.3109
1749267527,0.31010000,17072.18000000,0.3109
1749267527,0.31000000,3667.12000000,0.3109
1749267527,0.30990000,22236.11000000,0.3109
1749267527,0.30980000,428.36000000,0.3109
1749267527,0.30970000,3389.44000000,0.3109
1749267527,0.30960000,2124.49000000,0.3109
1749267527,0.30950000,3077.16000000,0.3109
1749267527,0.30940000,13755.15000000,0.3109
1749267527,0.30930000,1089.51000000,0.3109
1749267527,0.30920000,55713.55000000,0.3109
1749267527,0.30910000,997.25000000,0.3109
1749267527,0.30900000,1089.51000000,0.3109
1749267527,0.30890000,1721.63000000,0.3109
1749267527,0.30880000,324.51000000,0.3109
1749267527,0.30870000,8697.08000000,0.3109
1749267527,0.30860000,25515.06000000,0.3109
1749267527,0.30850000,1186.03000000,0.3109
1749267527,0.30840000,10927.87000000,0.3109
1749267527,0.30830000,1721.63000000,0.3109
1749267527,0.30820000,21265.31000000,0.3109
1749267527,0.30810000,5337.73000000,0.3109
1749267527,0.30800000,3598.63000000,0.3109
1749267527,0.30790000,1272.49000000,0.3109
1749267527,0.30780000,2405.53000000,0.3109
1749267527,0.30770000,47661.96000000,0.3109
1749267527,0.30760000,9850.45000000,0.3109
1749267527,0.30750000,765.00000000,0.3109
1749267527,0.30740000,3334.52000000,0.3109
1749267527,0.30730000,765.00000000,0.3109
1749267527,0.30720000,9108.83000000,0.3109
1749267527,0.30710000,3574.46000000,0.3109
1749267527,0.30700000,5060.45000000,0.3109
1749267527,0.30670000,765.00000000,0.3109
1749267527,0.30660000,5340.38000000,0.3109
1749267527,0.30650000,956.63000000,0.3109
1749267527,0.30640000,1834.94000000,0.3109
1749267527,0.30620000,893.32000000,0.3109
1749267527,0.30610000,765.00000000,0.3109
1749267527,0.30590000,2009.63000000,0.3109
1749267527,0.30580000,9850.45000000,0.3109
1749267527,0.30570000,765.00000000,0.3109
1749267527,0.30560000,206.18000000,0.3109
1749267527,0.30540000,1371.20000000,0.3109
1749267527,0.30530000,1073.79000000,0.3109
1749267527,0.30520000,956.63000000,0.3109
1749267527,0.30490000,8844.98000000,0.3109
1749267527,0.30480000,44199.46000000,0.3109
1749267527,0.30430000,3253.36000000,0.3109
1749267527,0.30330000,164.85000000,0.3109
1749267527,0.30260000,22.32000000,0.3109
1749267527,0.30240000,17.79000000,0.3109
1749267527,0.30140000,81.04000000,0.3109
1749267527,0.30130000,54.53000000,0.3109
1749267527,0.30100000,498.33000000,0.3109
1749267527,0.30010000,1836.17000000,0.3109
1749267527,0.30000000,833.33000000,0.3109
1749267527,0.29920000,300.00000000,0.3109
1749267527,0.29850000,1955.25000000,0.3109
1749267527,0.29840000,572.23000000,0.3109
1749267527,0.29820000,134.13000000,0.3109
1749267527,0.29780000,36.11000000,0.3109
1749267527,0.29770000,103.89000000,0.3109
1749267527,0.29760000,19.70000000,0.3109
1749267527,0.29710000,500.00000000,0.3109
1749267527,0.29690000,1706.38000000,0.3109
1749267527,0.29680000,17.18000000,0.3109
1749267527,0.29650000,71.66000000,0.3109
1749267527,0.29580000,97.55000000,0.3109
1749267527,0.29540000,169.26000000,0.3109
1749267527,0.29500000,1813.88000000,0.3109
1749267527,0.29480000,38.38000000,0.3109
1749267527,0.29400000,204.08000000,0.3109
1749267527,0.29380000,103.14000000,0.3109
1749267527,0.29330000,375.47000000,0.3109
1749267527,0.29310000,38.83000000,0.3109
1749267527,0.29300000,85.32000000,0.3109
1749267527,0.29150000,63.31000000,0.3109
1749267527,0.29140000,60.72000000,0.3109
1749267527,0.29000000,978.28000000,0.3109
1749267527,0.28990000,39.75000000,0.3109
1749267527,0.28940000,1295.84000000,0.3109
1749267527,0.28930000,21.80000000,0.3109
1749267527,0.28900000,1730.10000000,0.3109
1749267527,0.28880000,346.26000000,0.3109
1749267527,0.28830000,40.22000000,0.3109
1749267527,0.28810000,1868.93000000,0.3109
1749267527,0.28730000,99.80000000,0.3109
1749267527,0.28710000,1390.81000000,0.3109
1749267527,0.28700000,24.39000000,0.3109
1749267527,0.28690000,174.27000000,0.3109
1749267527,0.28670000,40.69000000,0.3109
1749267527,0.28600000,1799.02000000,0.3109
1749267829,0.31140000,765.00000000,0.3115
1749267829,0.31130000,44.10000000,0.3115
1749267829,0.31120000,3198.00000000,0.3115
1749267829,0.31110000,5177.00000000,0.3115
1749267829,0.31100000,2861.98000000,0.3115
