timestamp,price,volume,current_price
1749258430,0.30810000,809.57000000,0.3086
1749258430,0.30800000,8303.06000000,0.3086
1749258430,0.30790000,3765.00000000,0.3086
1749258430,0.30780000,4037.46000000,0.3086
1749258430,0.30770000,2361.08000000,0.3086
1749258430,0.30760000,19715.33000000,0.3086
1749258430,0.30750000,11711.40000000,0.3086
1749258430,0.30740000,3525.67000000,0.3086
1749258430,0.30730000,2409.42000000,0.3086
1749258430,0.30720000,1169.79000000,0.3086
1749258430,0.30710000,995.46000000,0.3086
1749258430,0.30700000,1366.11000000,0.3086
1749258430,0.30690000,31092.56000000,0.3086
1749258430,0.30680000,55417.10000000,0.3086
1749258430,0.30670000,9792.61000000,0.3086
1749258430,0.30660000,1590.68000000,0.3086
1749258430,0.30650000,327.56000000,0.3086
1749258430,0.30640000,1172.04000000,0.3086
1749258430,0.30630000,6713.13000000,0.3086
1749258430,0.30620000,408.35000000,0.3086
1749258430,0.30610000,1092.46000000,0.3086
1749258430,0.30600000,2049.73000000,0.3086
1749258430,0.30590000,328.26000000,0.3086
1749258430,0.30580000,1092.51000000,0.3086
1749258430,0.30570000,1092.51000000,0.3086
1749258430,0.30560000,2049.89000000,0.3086
1749258430,0.30550000,10792.27000000,0.3086
1749258430,0.30540000,1092.88000000,0.3086
1749258430,0.30530000,46273.58000000,0.3086
1749258430,0.30520000,84296.67000000,0.3086
1749258430,0.30510000,61000.00000000,0.3086
1749258430,0.30500000,2048.92000000,0.3086
1749258430,0.30490000,6189.65000000,0.3086
1749258430,0.30480000,1840.55000000,0.3086
1749258430,0.30470000,1721.63000000,0.3086
1749258430,0.30460000,2375.46000000,0.3086
1749258430,0.30450000,765.00000000,0.3086
1749258430,0.30440000,12627.46000000,0.3086
1749258430,0.30430000,1093.04000000,0.3086
1749258430,0.30420000,7857.29000000,0.3086
1749258430,0.30410000,956.63000000,0.3086
1749258430,0.30400000,765.00000000,0.3086
1749258430,0.30390000,11444.00000000,0.3086
1749258430,0.30380000,22768.30000000,0.3086
1749258430,0.30370000,765.00000000,0.3086
1749258430,0.30360000,1093.80000000,0.3086
1749258430,0.30350000,4218.57000000,0.3086
1749258430,0.30340000,765.00000000,0.3086
1749258430,0.30330000,21826.62000000,0.3086
1749258430,0.30320000,956.63000000,0.3086
1749258430,0.30310000,765.00000000,0.3086
1749258430,0.30290000,956.63000000,0.3086
1749258430,0.30280000,87.63000000,0.3086
1749258430,0.30270000,2431.95000000,0.3086
1749258430,0.30260000,22.32000000,0.3086
1749258430,0.30250000,9866.90000000,0.3086
1749258430,0.30240000,44575.13000000,0.3086
1749258430,0.30180000,159.76000000,0.3086
1749258430,0.30170000,330.87000000,0.3086
1749258430,0.30160000,3309.85000000,0.3086
1749258430,0.30140000,82.12000000,0.3086
1749258430,0.30100000,427.57000000,0.3086
1749258430,0.30020000,332.52000000,0.3086
1749258430,0.30000000,833.33000000,0.3086
1749258430,0.29920000,300.00000000,0.3086
1749258430,0.29880000,2021.22000000,0.3086
1749258430,0.29860000,334.31000000,0.3086
1749258430,0.29820000,170.82000000,0.3086
1749258430,0.29780000,36.11000000,0.3086
1749258430,0.29770000,103.89000000,0.3086
1749258430,0.29760000,19.70000000,0.3086
1749258430,0.29710000,500.00000000,0.3086
1749258430,0.29690000,1706.38000000,0.3086
1749258430,0.29680000,17.18000000,0.3086
1749258430,0.29650000,37.93000000,0.3086
1749258430,0.29640000,1859.09000000,0.3086
1749258430,0.29630000,4782.31000000,0.3086
1749258430,0.29600000,403.03000000,0.3086
1749258430,0.29590000,1955.81000000,0.3086
1749258430,0.29580000,668.30000000,0.3086
1749258430,0.29540000,169.26000000,0.3086
1749258430,0.29530000,32.98000000,0.3086
1749258430,0.29500000,1813.88000000,0.3086
1749258430,0.29480000,38.38000000,0.3086
1749258430,0.29400000,204.08000000,0.3086
1749258430,0.29380000,103.14000000,0.3086
1749258430,0.29330000,409.57000000,0.3086
1749258430,0.29310000,38.83000000,0.3086
1749258430,0.29300000,85.32000000,0.3086
1749258430,0.29150000,63.31000000,0.3086
1749258430,0.29140000,60.72000000,0.3086
1749258430,0.29000000,978.28000000,0.3086
1749258430,0.28990000,39.75000000,0.3086
1749258430,0.28940000,1295.84000000,0.3086
1749258430,0.28930000,21.80000000,0.3086
1749258430,0.28900000,1730.10000000,0.3086
1749258430,0.28880000,346.26000000,0.3086
1749258430,0.28830000,40.22000000,0.3086
1749258430,0.28810000,1868.93000000,0.3086
1749258430,0.28730000,99.80000000,0.3086
1749258770,0.30770000,765.00000000,0.3078
1749258770,0.30760000,2504.37000000,0.3078
1749258770,0.30750000,4219.16000000,0.3078
1749258770,0.30740000,765.00000000,0.3078
1749258770,0.30730000,14840.98000000,0.3078
1749258770,0.30720000,19725.02000000,0.3078
1749258770,0.30710000,17087.87000000,0.3078
1749258770,0.30700000,6028.67000000,0.3078
1749258770,0.30690000,9695.96000000,0.3078
1749258770,0.30680000,2037.16000000,0.3078
1749258770,0.30670000,1721.63000000,0.3078
1749258770,0.30660000,765.00000000,0.3078
1749258770,0.30650000,81.16000000,0.3078
1749258770,0.30640000,765.00000000,0.3078
1749258770,0.30630000,60728.71000000,0.3078
1749258770,0.30620000,32003.79000000,0.3078
1749258770,0.30610000,1444.94000000,0.3078
1749258770,0.30600000,1802.79000000,0.3078
1749258770,0.30570000,765.00000000,0.3078
1749258770,0.30560000,2145.27000000,0.3078
1749258770,0.30550000,10546.00000000,0.3078
1749258770,0.30540000,765.00000000,0.3078
1749258770,0.30530000,1721.63000000,0.3078
1749258770,0.30520000,22222.52000000,0.3078
1749258770,0.30500000,1802.86000000,0.3078
1749258770,0.30490000,6189.65000000,0.3078
1749258770,0.30480000,45493.59000000,0.3078
1749258770,0.30470000,1721.63000000,0.3078
1749258770,0.30460000,64451.72000000,0.3078
1749258770,0.30450000,52719.84000000,0.3078
1749258770,0.30440000,12627.46000000,0.3078
1749258770,0.30430000,1093.04000000,0.3078
1749258770,0.30420000,7857.29000000,0.3078
1749258770,0.30410000,956.63000000,0.3078
1749258770,0.30400000,1114.00000000,0.3078
1749258770,0.30390000,11176.19000000,0.3078
1749258770,0.30380000,22768.30000000,0.3078
1749258770,0.30360000,765.00000000,0.3078
1749258770,0.30350000,4299.81000000,0.3078
1749258770,0.30340000,765.00000000,0.3078
1749258770,0.30330000,21826.62000000,0.3078
1749258770,0.30320000,956.63000000,0.3078
1749258770,0.30310000,765.00000000,0.3078
1749258770,0.30300000,81.24000000,0.3078
1749258770,0.30290000,956.63000000,0.3078
1749258770,0.30280000,765.00000000,0.3078
1749258770,0.30270000,1059.95000000,0.3078
1749258770,0.30260000,22.32000000,0.3078
1749258770,0.30250000,1037.87000000,0.3078
1749258770,0.30240000,1810.39000000,0.3078
1749258770,0.30230000,159.50000000,0.3078
1749258770,0.30200000,9142.82000000,0.3078
1749258770,0.30190000,44625.75000000,0.3078
1749258770,0.30160000,3309.85000000,0.3078
1749258770,0.30140000,82.12000000,0.3078
1749258770,0.30100000,498.33000000,0.3078
1749258770,0.30000000,833.33000000,0.3078
1749258770,0.29920000,300.00000000,0.3078
1749258770,0.29820000,170.82000000,0.3078
1749258770,0.29780000,36.11000000,0.3078
1749258770,0.29770000,103.89000000,0.3078
1749258770,0.29760000,19.70000000,0.3078
1749258770,0.29710000,500.00000000,0.3078
1749258770,0.29700000,1855.33000000,0.3078
1749258770,0.29690000,1706.38000000,0.3078
1749258770,0.29680000,17.18000000,0.3078
1749258770,0.29650000,37.93000000,0.3078
1749258770,0.29630000,4782.31000000,0.3078
1749258770,0.29600000,403.03000000,0.3078
1749258770,0.29590000,1955.81000000,0.3078
1749258770,0.29580000,97.55000000,0.3078
1749258770,0.29540000,740.78000000,0.3078
1749258770,0.29530000,32.98000000,0.3078
1749258770,0.29500000,1813.88000000,0.3078
1749258770,0.29480000,38.38000000,0.3078
1749258770,0.29400000,204.08000000,0.3078
1749258770,0.29380000,103.14000000,0.3078
1749258770,0.29330000,409.57000000,0.3078
1749258770,0.29310000,38.83000000,0.3078
1749258770,0.29300000,85.32000000,0.3078
1749258770,0.29150000,63.31000000,0.3078
1749258770,0.29140000,60.72000000,0.3078
1749258770,0.29000000,978.28000000,0.3078
1749258770,0.28990000,39.75000000,0.3078
1749258770,0.28940000,1295.84000000,0.3078
1749258770,0.28930000,21.80000000,0.3078
1749258770,0.28900000,1730.10000000,0.3078
1749258770,0.28880000,346.26000000,0.3078
1749258770,0.28830000,40.22000000,0.3078
1749258770,0.28810000,1868.93000000,0.3078
1749258770,0.28730000,99.80000000,0.3078
1749258770,0.28700000,24.39000000,0.3078
1749258770,0.28690000,174.27000000,0.3078
1749258770,0.28670000,40.69000000,0.3078
1749258770,0.28600000,1799.02000000,0.3078
1749258770,0.28560000,4201.68000000,0.3078
1749258770,0.28530000,17.53000000,0.3078
1749258770,0.28510000,58.74000000,0.3078
1749258770,0.28500000,418.76000000,0.3078
1749258770,0.28360000,800.00000000,0.3078
1749259073,0.30750000,73.80000000,0.3074
1749259073,0.30740000,745.80000000,0.3074
1749259073,0.30730000,8415.05000000,0.3074
1749259073,0.30720000,14900.89000000,0.3074
1749259073,0.30710000,35157.37000000,0.3074
1749259073,0.30700000,3167.58000000,0.3074
1749259073,0.30690000,7670.70000000,0.3074
1749259073,0.30680000,9373.12000000,0.3074
1749259073,0.30670000,2556.75000000,0.3074
1749259073,0.30660000,1092.46000000,0.3074
1749259073,0.30650000,408.19000000,0.3074
1749259073,0.30640000,54633.37000000,0.3074
1749259073,0.30630000,7495.56000000,0.3074
1749259073,0.30620000,30327.24000000,0.3074
1749259073,0.30610000,1092.24000000,0.3074
1749259073,0.30600000,2482.96000000,0.3074
1749259073,0.30590000,327.24000000,0.3074
1749259073,0.30580000,1092.67000000,0.3074
1749259073,0.30570000,3525.47000000,0.3074
1749259073,0.30560000,2049.30000000,0.3074
1749259073,0.30550000,10546.00000000,0.3074
1749259073,0.30540000,765.00000000,0.3074
1749259073,0.30530000,1721.63000000,0.3074
1749259073,0.30520000,22222.52000000,0.3074
1749259073,0.30500000,2877.71000000,0.3074
1749259073,0.30490000,6189.65000000,0.3074
1749259073,0.30480000,852.63000000,0.3074
1749259073,0.30470000,1721.63000000,0.3074
1749259073,0.30460000,47053.16000000,0.3074
1749259073,0.30450000,61846.23000000,0.3074
1749259073,0.30440000,12627.46000000,0.3074
1749259073,0.30430000,765.00000000,0.3074
1749259073,0.30420000,7857.29000000,0.3074
1749259073,0.30410000,956.63000000,0.3074
1749259073,0.30400000,1118.25000000,0.3074
1749259073,0.30390000,12254.93000000,0.3074
1749259073,0.30380000,22768.30000000,0.3074
1749259073,0.30360000,765.00000000,0.3074
1749259073,0.30350000,4299.81000000,0.3074
1749259073,0.30340000,765.00000000,0.3074
1749259073,0.30330000,21826.62000000,0.3074
1749259073,0.30320000,956.63000000,0.3074
1749259073,0.30310000,765.00000000,0.3074
1749259073,0.30300000,81.02000000,0.3074
1749259073,0.30290000,956.63000000,0.3074
1749259073,0.30280000,765.00000000,0.3074
1749259073,0.30270000,2443.38000000,0.3074
1749259073,0.30260000,9091.00000000,0.3074
1749259073,0.30250000,45583.19000000,0.3074
1749259073,0.30200000,217.46000000,0.3074
1749259073,0.30160000,3309.85000000,0.3074
1749259073,0.30140000,82.12000000,0.3074
1749259073,0.30100000,498.33000000,0.3074
1749259073,0.30000000,833.33000000,0.3074
1749259073,0.29920000,300.00000000,0.3074
1749259073,0.29820000,170.82000000,0.3074
1749259073,0.29780000,36.11000000,0.3074
1749259073,0.29770000,103.89000000,0.3074
1749259073,0.29760000,19.70000000,0.3074
1749259073,0.29750000,1852.21000000,0.3074
1749259073,0.29710000,500.00000000,0.3074
1749259073,0.29690000,1706.38000000,0.3074
1749259073,0.29680000,17.18000000,0.3074
1749259073,0.29650000,37.93000000,0.3074
1749259073,0.29630000,4782.31000000,0.3074
1749259073,0.29600000,403.03000000,0.3074
1749259073,0.29590000,1955.81000000,0.3074
1749259073,0.29580000,97.55000000,0.3074
1749259073,0.29540000,740.78000000,0.3074
1749259073,0.29530000,32.98000000,0.3074
1749259073,0.29500000,1813.88000000,0.3074
1749259073,0.29480000,38.38000000,0.3074
1749259073,0.29400000,204.08000000,0.3074
1749259073,0.29380000,103.14000000,0.3074
1749259073,0.29330000,409.57000000,0.3074
1749259073,0.29310000,38.83000000,0.3074
1749259073,0.29300000,85.32000000,0.3074
1749259073,0.29150000,63.31000000,0.3074
1749259073,0.29140000,60.72000000,0.3074
1749259073,0.29000000,978.28000000,0.3074
1749259073,0.28990000,39.75000000,0.3074
1749259073,0.28940000,1295.84000000,0.3074
1749259073,0.28930000,21.80000000,0.3074
1749259073,0.28900000,1730.10000000,0.3074
1749259073,0.28880000,346.26000000,0.3074
1749259073,0.28830000,40.22000000,0.3074
1749259073,0.28810000,1868.93000000,0.3074
1749259073,0.28730000,99.80000000,0.3074
1749259073,0.28700000,24.39000000,0.3074
1749259073,0.28690000,174.27000000,0.3074
1749259073,0.28670000,40.69000000,0.3074
1749259073,0.28600000,1799.02000000,0.3074
1749259073,0.28560000,4201.68000000,0.3074
1749259073,0.28530000,17.53000000,0.3074
1749259073,0.28510000,58.74000000,0.3074
1749259073,0.28500000,418.76000000,0.3074
1749259073,0.28360000,800.00000000,0.3074
1749259073,0.28350000,41.65000000,0.3074
1749259073,0.28340000,18.22000000,0.3074
1749259073,0.28230000,177.11000000,0.3074
