timestamp,price,volume,current_price
1749260789,2.40400000,216.22000000,2.404
1749260789,2.40300000,1286.59000000,2.404
1749260789,2.40200000,3189.26000000,2.404
1749260789,2.40100000,3330.08000000,2.404
1749260789,2.40000000,4340.32000000,2.404
1749260789,2.39900000,2466.86000000,2.404
1749260789,2.39800000,500.41000000,2.404
1749260789,2.39700000,1554.40000000,2.404
1749260789,2.39600000,335.98000000,2.404
1749260789,2.39500000,833.28000000,2.404
1749260789,2.39400000,317.00000000,2.404
1749260789,2.39300000,488.75000000,2.404
1749260789,2.39200000,373.61000000,2.404
1749260789,2.39100000,927.27000000,2.404
1749260789,2.39000000,909.86000000,2.404
1749260789,2.38900000,2435.15000000,2.404
1749260789,2.38800000,305.11000000,2.404
1749260789,2.38700000,299.23000000,2.404
1749260789,2.38600000,102.15000000,2.404
1749260789,2.38500000,308.12000000,2.404
1749260789,2.38400000,102.15000000,2.404
1749260789,2.38300000,542.46000000,2.404
1749260789,2.38200000,308.12000000,2.404
1749260789,2.38100000,104.67000000,2.404
1749260789,2.38000000,533.25000000,2.404
1749260789,2.37900000,594.54000000,2.404
1749260789,2.37800000,944.21000000,2.404
1749260789,2.37700000,178.93000000,2.404
1749260789,2.37600000,91.94000000,2.404
1749260789,2.37500000,436.46000000,2.404
1749260789,2.37400000,112.26000000,2.404
1749260789,2.37300000,102.16000000,2.404
1749260789,2.37200000,99.00000000,2.404
1749260789,2.37100000,101.18000000,2.404
1749260789,2.37000000,3821.82000000,2.404
1749260789,2.36700000,27.13000000,2.404
1749260789,2.36600000,99.00000000,2.404
1749260789,2.36500000,16.72000000,2.404
1749260789,2.36400000,385.17000000,2.404
1749260789,2.36200000,330.49000000,2.404
1749260789,2.36100000,383.13000000,2.404
1749260789,2.36000000,135.71000000,2.404
1749260789,2.35900000,101.18000000,2.404
1749260789,2.35700000,99.00000000,2.404
1749260789,2.35000000,269.21000000,2.404
1749260789,2.34900000,10.01000000,2.404
1749260789,2.34700000,4.66000000,2.404
1749260789,2.34600000,2.52000000,2.404
1749260789,2.34400000,34.83000000,2.404
1749260789,2.34300000,7.59000000,2.404
1749260789,2.34000000,4.00000000,2.404
1749260789,2.33500000,16.65000000,2.404
1749260789,2.33400000,2.57000000,2.404
1749260789,2.33300000,2.85000000,2.404
1749260789,2.33200000,5.00000000,2.404
1749260789,2.33000000,5.00000000,2.404
1749260789,2.32900000,2.52000000,2.404
1749260789,2.32700000,35.08000000,2.404
1749260789,2.32500000,35.51000000,2.404
1749260789,2.32400000,2.30000000,2.404
1749260789,2.32300000,2.18000000,2.404
1749260789,2.31900000,144.07000000,2.404
1749260789,2.31500000,21.59000000,2.404
1749260789,2.31200000,2.52000000,2.404
1749260789,2.31100000,41.85000000,2.404
1749260789,2.31000000,119.46000000,2.404
1749260789,2.30900000,6.50000000,2.404
1749260789,2.30800000,2.25000000,2.404
1749260789,2.30700000,10.42000000,2.404
1749260789,2.30400000,2.48000000,2.404
1749260789,2.30200000,8.70000000,2.404
1749260789,2.30000000,294.71000000,2.404
1749260789,2.29700000,7.15000000,2.404
1749260789,2.29600000,7.59000000,2.404
1749260789,2.29500000,38.09000000,2.404
1749260789,2.28900000,14.47000000,2.404
1749260789,2.28700000,2.85000000,2.404
1749260789,2.28000000,4.59000000,2.404
1749260789,2.27900000,35.82000000,2.404
1749260789,2.27800000,2.52000000,2.404
1749260789,2.27500000,32.95000000,2.404
1749260789,2.27300000,25.27000000,2.404
1749260789,2.27200000,13.05000000,2.404
1749260789,2.27000000,37.54000000,2.404
1749260789,2.26400000,219.30000000,2.404
1749260789,2.26300000,36.08000000,2.404
1749260789,2.26200000,13.30000000,2.404
1749260789,2.26100000,4.44000000,2.404
1749260789,2.26000000,92.52000000,2.404
1749260789,2.25900000,22.15000000,2.404
1749260789,2.25800000,4.43000000,2.404
1749260789,2.25700000,4.20000000,2.404
1749260789,2.25100000,244.32000000,2.404
1749260789,2.25000000,614.77000000,2.404
1749260789,2.24700000,36.33000000,2.404
1749260789,2.24500000,2.52000000,2.404
1749260789,2.24200000,240.33000000,2.404
1749260789,2.24100000,5.26000000,2.404
1749260789,2.24000000,120.00000000,2.404
1749260789,2.23800000,3.00000000,2.404
1749261110,2.40300000,1741.03000000,2.403
1749261110,2.40200000,2689.31000000,2.403
1749261110,2.40100000,4322.63000000,2.403
1749261110,2.40000000,1140.34000000,2.403
1749261110,2.39900000,1324.24000000,2.403
1749261110,2.39800000,2442.24000000,2.403
1749261110,2.39700000,1712.24000000,2.403
1749261110,2.39600000,601.13000000,2.403
1749261110,2.39500000,763.95000000,2.403
1749261110,2.39400000,605.61000000,2.403
1749261110,2.39300000,906.30000000,2.403
1749261110,2.39200000,1066.83000000,2.403
1749261110,2.39100000,466.76000000,2.403
1749261110,2.39000000,612.41000000,2.403
1749261110,2.38900000,2432.56000000,2.403
1749261110,2.38800000,102.14000000,2.403
1749261110,2.38700000,673.07000000,2.403
1749261110,2.38600000,102.15000000,2.403
1749261110,2.38500000,308.12000000,2.403
1749261110,2.38400000,102.15000000,2.403
1749261110,2.38300000,533.22000000,2.403
1749261110,2.38200000,1114.87000000,2.403
1749261110,2.38100000,107.80000000,2.403
1749261110,2.38000000,533.25000000,2.403
1749261110,2.37900000,594.54000000,2.403
1749261110,2.37800000,944.21000000,2.403
1749261110,2.37700000,178.93000000,2.403
1749261110,2.37600000,91.94000000,2.403
1749261110,2.37500000,52.46000000,2.403
1749261110,2.37400000,112.26000000,2.403
1749261110,2.37300000,121.65000000,2.403
1749261110,2.37200000,99.00000000,2.403
1749261110,2.37100000,117.86000000,2.403
1749261110,2.37000000,1326.58000000,2.403
1749261110,2.36900000,2251.32000000,2.403
1749261110,2.36700000,488.75000000,2.403
1749261110,2.36400000,2.52000000,2.403
1749261110,2.36300000,302.26000000,2.403
1749261110,2.36200000,26.26000000,2.403
1749261110,2.36000000,420.00000000,2.403
1749261110,2.35900000,2.18000000,2.403
1749261110,2.35000000,269.21000000,2.403
1749261110,2.34900000,10.01000000,2.403
1749261110,2.34700000,4.66000000,2.403
1749261110,2.34600000,2.52000000,2.403
1749261110,2.34400000,34.83000000,2.403
1749261110,2.34300000,7.59000000,2.403
1749261110,2.34000000,4.00000000,2.403
1749261110,2.33500000,16.65000000,2.403
1749261110,2.33400000,2.57000000,2.403
1749261110,2.33300000,2.85000000,2.403
1749261110,2.33200000,5.00000000,2.403
1749261110,2.33000000,5.00000000,2.403
1749261110,2.32900000,2.52000000,2.403
1749261110,2.32700000,35.08000000,2.403
1749261110,2.32500000,35.51000000,2.403
1749261110,2.32400000,2.30000000,2.403
1749261110,2.32300000,2.18000000,2.403
1749261110,2.31900000,144.07000000,2.403
1749261110,2.31500000,21.59000000,2.403
1749261110,2.31200000,2.52000000,2.403
1749261110,2.31100000,41.85000000,2.403
1749261110,2.31000000,119.44000000,2.403
1749261110,2.30900000,6.50000000,2.403
1749261110,2.30800000,2.25000000,2.403
1749261110,2.30700000,10.42000000,2.403
1749261110,2.30400000,2.48000000,2.403
1749261110,2.30200000,8.70000000,2.403
1749261110,2.30000000,294.71000000,2.403
1749261110,2.29700000,7.15000000,2.403
1749261110,2.29600000,7.59000000,2.403
1749261110,2.29500000,38.09000000,2.403
1749261110,2.28900000,14.47000000,2.403
1749261110,2.28700000,2.85000000,2.403
1749261110,2.28000000,4.59000000,2.403
1749261110,2.27900000,35.82000000,2.403
1749261110,2.27800000,2.52000000,2.403
1749261110,2.27500000,32.95000000,2.403
1749261110,2.27300000,25.27000000,2.403
1749261110,2.27200000,13.05000000,2.403
1749261110,2.27000000,37.54000000,2.403
1749261110,2.26400000,219.30000000,2.403
1749261110,2.26300000,36.08000000,2.403
1749261110,2.26200000,13.30000000,2.403
1749261110,2.26100000,4.44000000,2.403
1749261110,2.26000000,92.52000000,2.403
1749261110,2.25900000,22.15000000,2.403
1749261110,2.25800000,4.43000000,2.403
1749261110,2.25700000,4.20000000,2.403
1749261110,2.25100000,244.32000000,2.403
1749261110,2.25000000,614.77000000,2.403
1749261110,2.24700000,36.33000000,2.403
1749261110,2.24500000,2.52000000,2.403
1749261110,2.24200000,240.33000000,2.403
1749261110,2.24100000,5.26000000,2.403
1749261110,2.24000000,120.00000000,2.403
1749261110,2.23800000,3.00000000,2.403
1749261110,2.23100000,38.85000000,2.403
1749261110,2.23000000,1024.29000000,2.403
1749261110,2.22900000,2.52000000,2.403
1749261427,2.40300000,27.63000000,2.403
1749261427,2.40200000,1270.60000000,2.403
1749261427,2.40100000,3528.35000000,2.403
1749261427,2.40000000,3210.79000000,2.403
1749261427,2.39900000,3754.88000000,2.403
1749261427,2.39800000,1088.06000000,2.403
1749261427,2.39700000,905.09000000,2.403
1749261427,2.39600000,1348.57000000,2.403
1749261427,2.39500000,890.32000000,2.403
1749261427,2.39400000,696.47000000,2.403
1749261427,2.39300000,990.82000000,2.403
1749261427,2.39200000,889.21000000,2.403
1749261427,2.39100000,466.76000000,2.403
1749261427,2.39000000,612.41000000,2.403
1749261427,2.38900000,2432.66000000,2.403
1749261427,2.38800000,279.76000000,2.403
1749261427,2.38700000,850.72000000,2.403
1749261427,2.38600000,102.15000000,2.403
1749261427,2.38500000,308.12000000,2.403
1749261427,2.38400000,102.15000000,2.403
1749261427,2.38300000,533.22000000,2.403
1749261427,2.38200000,308.12000000,2.403
1749261427,2.38100000,107.80000000,2.403
1749261427,2.38000000,960.25000000,2.403
1749261427,2.37900000,594.54000000,2.403
1749261427,2.37800000,944.21000000,2.403
1749261427,2.37700000,178.93000000,2.403
1749261427,2.37600000,91.94000000,2.403
1749261427,2.37500000,433.33000000,2.403
1749261427,2.37400000,112.26000000,2.403
1749261427,2.37300000,121.65000000,2.403
1749261427,2.37200000,99.00000000,2.403
1749261427,2.37100000,117.86000000,2.403
1749261427,2.37000000,1326.58000000,2.403
1749261427,2.36900000,2251.96000000,2.403
1749261427,2.36700000,106.59000000,2.403
1749261427,2.36400000,2.52000000,2.403
1749261427,2.36300000,99.00000000,2.403
1749261427,2.36200000,508.23000000,2.403
1749261427,2.36000000,622.41000000,2.403
1749261427,2.35900000,2.18000000,2.403
1749261427,2.35000000,269.21000000,2.403
1749261427,2.34900000,10.01000000,2.403
1749261427,2.34700000,4.66000000,2.403
1749261427,2.34600000,2.52000000,2.403
1749261427,2.34400000,34.83000000,2.403
1749261427,2.34300000,7.59000000,2.403
1749261427,2.34000000,4.00000000,2.403
1749261427,2.33500000,16.65000000,2.403
1749261427,2.33400000,2.57000000,2.403
1749261427,2.33300000,2.85000000,2.403
1749261427,2.33200000,5.00000000,2.403
1749261427,2.33000000,5.00000000,2.403
1749261427,2.32900000,2.52000000,2.403
1749261427,2.32700000,35.08000000,2.403
1749261427,2.32500000,35.51000000,2.403
1749261427,2.32400000,2.30000000,2.403
1749261427,2.32300000,2.18000000,2.403
1749261427,2.31900000,144.07000000,2.403
1749261427,2.31500000,21.59000000,2.403
1749261427,2.31200000,2.52000000,2.403
1749261427,2.31100000,41.85000000,2.403
1749261427,2.31000000,119.44000000,2.403
1749261427,2.30900000,6.50000000,2.403
1749261427,2.30800000,2.25000000,2.403
1749261427,2.30700000,10.42000000,2.403
1749261427,2.30400000,2.48000000,2.403
1749261427,2.30200000,8.70000000,2.403
1749261427,2.30000000,294.71000000,2.403
1749261427,2.29700000,7.15000000,2.403
1749261427,2.29600000,7.59000000,2.403
1749261427,2.29500000,38.09000000,2.403
1749261427,2.28900000,14.47000000,2.403
1749261427,2.28700000,2.85000000,2.403
1749261427,2.28000000,4.59000000,2.403
1749261427,2.27900000,35.82000000,2.403
1749261427,2.27800000,2.52000000,2.403
1749261427,2.27500000,32.95000000,2.403
1749261427,2.27300000,25.27000000,2.403
1749261427,2.27200000,13.05000000,2.403
1749261427,2.27000000,37.54000000,2.403
1749261427,2.26400000,219.30000000,2.403
1749261427,2.26300000,36.08000000,2.403
1749261427,2.26200000,13.30000000,2.403
1749261427,2.26100000,4.44000000,2.403
1749261427,2.26000000,92.52000000,2.403
1749261427,2.25900000,22.15000000,2.403
1749261427,2.25800000,4.43000000,2.403
1749261427,2.25700000,4.20000000,2.403
1749261427,2.25100000,244.32000000,2.403
1749261427,2.25000000,614.77000000,2.403
1749261427,2.24700000,36.33000000,2.403
1749261427,2.24500000,2.52000000,2.403
1749261427,2.24200000,240.33000000,2.403
1749261427,2.24100000,5.26000000,2.403
1749261427,2.24000000,120.00000000,2.403
1749261427,2.23800000,3.00000000,2.403
1749261427,2.23100000,38.85000000,2.403
1749261427,2.23000000,1024.29000000,2.403
1749261427,2.22900000,2.52000000,2.403
1749261739,2.40000000,77.94000000,2.4
1749261739,2.39900000,542.46000000,2.4
1749261739,2.39800000,1781.70000000,2.4
1749261739,2.39700000,2787.35000000,2.4
1749261739,2.39600000,4203.78000000,2.4
1749261739,2.39500000,1423.96000000,2.4
1749261739,2.39400000,528.21000000,2.4
1749261739,2.39300000,345.59000000,2.4
1749261739,2.39200000,3301.88000000,2.4
1749261739,2.39100000,382.21000000,2.4
1749261739,2.39000000,730.75000000,2.4
1749261739,2.38900000,787.48000000,2.4
1749261739,2.38800000,393.25000000,2.4
1749261739,2.38700000,437.53000000,2.4
1749261739,2.38600000,102.15000000,2.4
1749261739,2.38500000,308.12000000,2.4
1749261739,2.38400000,2078.76000000,2.4
1749261739,2.38300000,533.22000000,2.4
1749261739,2.38200000,308.12000000,2.4
1749261739,2.38100000,479.46000000,2.4
1749261739,2.38000000,533.25000000,2.4
1749261739,2.37900000,594.54000000,2.4
1749261739,2.37800000,1371.21000000,2.4
1749261739,2.37700000,178.93000000,2.4
1749261739,2.37600000,91.94000000,2.4
1749261739,2.37500000,55.59000000,2.4
1749261739,2.37400000,493.29000000,2.4
1749261739,2.37300000,121.65000000,2.4
1749261739,2.37200000,99.00000000,2.4
1749261739,2.37100000,101.18000000,2.4
1749261739,2.37000000,1326.58000000,2.4
1749261739,2.36900000,99.00000000,2.4
1749261739,2.36700000,106.59000000,2.4
1749261739,2.36500000,2155.62000000,2.4
1749261739,2.36400000,2.52000000,2.4
1749261739,2.36300000,99.00000000,2.4
1749261739,2.36200000,508.23000000,2.4
1749261739,2.36000000,519.00000000,2.4
1749261739,2.35900000,2.18000000,2.4
1749261739,2.35700000,211.09000000,2.4
1749261739,2.35000000,368.21000000,2.4
1749261739,2.34900000,10.01000000,2.4
1749261739,2.34700000,4.66000000,2.4
1749261739,2.34600000,2.52000000,2.4
1749261739,2.34400000,34.83000000,2.4
1749261739,2.34300000,7.59000000,2.4
1749261739,2.34000000,4.00000000,2.4
1749261739,2.33500000,16.65000000,2.4
1749261739,2.33400000,2.57000000,2.4
1749261739,2.33300000,2.85000000,2.4
1749261739,2.33200000,5.00000000,2.4
1749261739,2.33000000,5.00000000,2.4
1749261739,2.32900000,2.52000000,2.4
1749261739,2.32700000,35.08000000,2.4
1749261739,2.32500000,35.51000000,2.4
1749261739,2.32400000,2.30000000,2.4
1749261739,2.32300000,2.18000000,2.4
1749261739,2.31900000,144.07000000,2.4
1749261739,2.31500000,21.59000000,2.4
1749261739,2.31200000,2.52000000,2.4
1749261739,2.31100000,41.85000000,2.4
1749261739,2.31000000,119.46000000,2.4
1749261739,2.30900000,6.50000000,2.4
1749261739,2.30800000,2.25000000,2.4
1749261739,2.30700000,10.42000000,2.4
1749261739,2.30400000,2.48000000,2.4
1749261739,2.30000000,294.71000000,2.4
1749261739,2.29700000,7.15000000,2.4
1749261739,2.29600000,7.59000000,2.4
1749261739,2.29500000,38.09000000,2.4
1749261739,2.28900000,14.47000000,2.4
1749261739,2.28700000,2.85000000,2.4
1749261739,2.28000000,4.59000000,2.4
1749261739,2.27900000,35.82000000,2.4
1749261739,2.27800000,2.52000000,2.4
1749261739,2.27500000,32.95000000,2.4
1749261739,2.27300000,25.27000000,2.4
1749261739,2.27200000,13.05000000,2.4
1749261739,2.27000000,37.54000000,2.4
1749261739,2.26400000,219.30000000,2.4
1749261739,2.26300000,36.08000000,2.4
1749261739,2.26200000,13.30000000,2.4
1749261739,2.26100000,4.44000000,2.4
1749261739,2.26000000,92.52000000,2.4
1749261739,2.25900000,22.15000000,2.4
1749261739,2.25800000,4.43000000,2.4
1749261739,2.25700000,4.20000000,2.4
1749261739,2.25100000,244.32000000,2.4
1749261739,2.25000000,614.77000000,2.4
1749261739,2.24700000,36.33000000,2.4
1749261739,2.24500000,2.52000000,2.4
1749261739,2.24200000,240.33000000,2.4
1749261739,2.24100000,5.26000000,2.4
1749261739,2.24000000,120.00000000,2.4
1749261739,2.23800000,3.00000000,2.4
1749261739,2.23100000,38.85000000,2.4
1749261739,2.23000000,1024.29000000,2.4
1749261739,2.22900000,2.52000000,2.4
1749261739,2.22800000,319.33000000,2.4
1749261739,2.22700000,232.13000000,2.4
1749262046,2.39600000,703.59000000,2.396
1749262046,2.39500000,2798.53000000,2.396
1749262046,2.39400000,3384.19000000,2.396
1749262046,2.39300000,3891.60000000,2.396
1749262046,2.39200000,1287.72000000,2.396
1749262046,2.39100000,894.22000000,2.396
1749262046,2.39000000,937.01000000,2.396
1749262046,2.38900000,1272.72000000,2.396
1749262046,2.38800000,576.29000000,2.396
1749262046,2.38700000,2144.36000000,2.396
1749262046,2.38600000,1397.55000000,2.396
1749262046,2.38500000,791.75000000,2.396
1749262046,2.38400000,384.49000000,2.396
1749262046,2.38300000,293.48000000,2.396
1749262046,2.38200000,2465.09000000,2.396
1749262046,2.38100000,657.48000000,2.396
1749262046,2.38000000,711.35000000,2.396
1749262046,2.37900000,594.54000000,2.396
1749262046,2.37800000,944.21000000,2.396
1749262046,2.37700000,749.57000000,2.396
1749262046,2.37600000,91.94000000,2.396
1749262046,2.37500000,55.59000000,2.396
1749262046,2.37400000,920.29000000,2.396
1749262046,2.37300000,102.16000000,2.396
1749262046,2.37200000,99.00000000,2.396
1749262046,2.37100000,101.18000000,2.396
1749262046,2.37000000,1380.86000000,2.396
1749262046,2.36900000,118.52000000,2.396
1749262046,2.36800000,16.70000000,2.396
1749262046,2.36700000,106.59000000,2.396
1749262046,2.36400000,2.52000000,2.396
1749262046,2.36300000,99.00000000,2.396
1749262046,2.36200000,2283.93000000,2.396
1749262046,2.36100000,99.00000000,2.396
1749262046,2.36000000,135.71000000,2.396
1749262046,2.35900000,2.18000000,2.396
1749262046,2.35700000,99.00000000,2.396
1749262046,2.35600000,482.95000000,2.396
1749262046,2.35400000,305.82000000,2.396
1749262046,2.35300000,384.44000000,2.396
1749262046,2.35000000,368.21000000,2.396
1749262046,2.34900000,10.01000000,2.396
1749262046,2.34700000,4.66000000,2.396
1749262046,2.34600000,2.52000000,2.396
1749262046,2.34400000,34.83000000,2.396
1749262046,2.34300000,7.59000000,2.396
1749262046,2.34000000,4.00000000,2.396
1749262046,2.33500000,16.65000000,2.396
1749262046,2.33400000,2.57000000,2.396
1749262046,2.33300000,2.85000000,2.396
1749262046,2.33200000,5.00000000,2.396
1749262046,2.33000000,5.00000000,2.396
1749262046,2.32900000,2.52000000,2.396
1749262046,2.32700000,35.08000000,2.396
1749262046,2.32500000,35.51000000,2.396
1749262046,2.32400000,2.30000000,2.396
1749262046,2.32300000,2.18000000,2.396
1749262046,2.31900000,144.07000000,2.396
1749262046,2.31500000,21.59000000,2.396
1749262046,2.31200000,2.52000000,2.396
1749262046,2.31100000,41.85000000,2.396
1749262046,2.31000000,100.00000000,2.396
1749262046,2.30900000,6.50000000,2.396
1749262046,2.30800000,2.25000000,2.396
1749262046,2.30700000,10.42000000,2.396
1749262046,2.30400000,2.48000000,2.396
1749262046,2.30000000,294.71000000,2.396
1749262046,2.29700000,7.15000000,2.396
1749262046,2.29600000,7.59000000,2.396
1749262046,2.29500000,38.09000000,2.396
1749262046,2.28900000,14.47000000,2.396
1749262046,2.28700000,2.85000000,2.396
1749262046,2.28000000,4.59000000,2.396
1749262046,2.27900000,35.82000000,2.396
1749262046,2.27800000,2.52000000,2.396
1749262046,2.27500000,32.95000000,2.396
1749262046,2.27300000,25.27000000,2.396
1749262046,2.27200000,13.05000000,2.396
1749262046,2.27000000,37.54000000,2.396
1749262046,2.26400000,219.30000000,2.396
1749262046,2.26300000,36.08000000,2.396
1749262046,2.26200000,13.30000000,2.396
1749262046,2.26100000,4.44000000,2.396
1749262046,2.26000000,92.52000000,2.396
1749262046,2.25900000,22.15000000,2.396
1749262046,2.25800000,4.43000000,2.396
1749262046,2.25700000,4.20000000,2.396
1749262046,2.25100000,244.32000000,2.396
1749262046,2.25000000,614.77000000,2.396
1749262046,2.24700000,36.33000000,2.396
1749262046,2.24500000,2.52000000,2.396
1749262046,2.24200000,240.33000000,2.396
1749262046,2.24100000,5.26000000,2.396
1749262046,2.24000000,120.00000000,2.396
1749262046,2.23800000,3.00000000,2.396
1749262046,2.23100000,38.85000000,2.396
1749262046,2.23000000,1024.29000000,2.396
1749262046,2.22900000,2.52000000,2.396
1749262046,2.22800000,319.33000000,2.396
1749262046,2.22700000,232.13000000,2.396
1749262347,2.40300000,99.00000000,2.403
1749262347,2.40200000,510.74000000,2.403
1749262347,2.40100000,915.04000000,2.403
1749262347,2.40000000,1235.88000000,2.403
1749262347,2.39900000,2629.43000000,2.403
1749262347,2.39800000,2841.98000000,2.403
1749262347,2.39700000,2870.77000000,2.403
1749262347,2.39600000,335.50000000,2.403
1749262347,2.39500000,1584.82000000,2.403
1749262347,2.39400000,420.33000000,2.403
1749262347,2.39300000,2143.15000000,2.403
1749262347,2.39200000,509.37000000,2.403
1749262347,2.39100000,382.21000000,2.403
1749262347,2.39000000,765.33000000,2.403
1749262347,2.38900000,976.96000000,2.403
1749262347,2.38800000,305.11000000,2.403
1749262347,2.38700000,2366.53000000,2.403
1749262347,2.38600000,624.78000000,2.403
1749262347,2.38500000,685.42000000,2.403
1749262347,2.38400000,206.50000000,2.403
1749262347,2.38300000,115.46000000,2.403
1749262347,2.38200000,308.12000000,2.403
1749262347,2.38100000,104.67000000,2.403
1749262347,2.38000000,960.25000000,2.403
1749262347,2.37900000,73.51000000,2.403
1749262347,2.37800000,944.21000000,2.403
1749262347,2.37700000,749.57000000,2.403
1749262347,2.37600000,91.94000000,2.403
1749262347,2.37500000,55.59000000,2.403
1749262347,2.37400000,493.29000000,2.403
1749262347,2.37300000,102.16000000,2.403
1749262347,2.37200000,99.00000000,2.403
1749262347,2.37100000,101.18000000,2.403
1749262347,2.37000000,1380.86000000,2.403
1749262347,2.36900000,118.52000000,2.403
1749262347,2.36800000,2171.30000000,2.403
1749262347,2.36700000,106.59000000,2.403
1749262347,2.36400000,385.17000000,2.403
1749262347,2.36300000,99.00000000,2.403
1749262347,2.36200000,125.26000000,2.403
1749262347,2.36100000,99.00000000,2.403
1749262347,2.36000000,135.71000000,2.403
1749262347,2.35900000,2.18000000,2.403
1749262347,2.35800000,383.62000000,2.403
1749262347,2.35700000,320.50000000,2.403
1749262347,2.35000000,269.21000000,2.403
1749262347,2.34700000,4.66000000,2.403
1749262347,2.34600000,2.52000000,2.403
1749262347,2.34400000,34.83000000,2.403
1749262347,2.34300000,7.59000000,2.403
1749262347,2.34000000,4.00000000,2.403
1749262347,2.33500000,16.65000000,2.403
1749262347,2.33400000,2.57000000,2.403
1749262347,2.33300000,2.85000000,2.403
1749262347,2.33200000,5.00000000,2.403
1749262347,2.33000000,5.00000000,2.403
1749262347,2.32900000,2.52000000,2.403
1749262347,2.32700000,35.08000000,2.403
1749262347,2.32500000,35.51000000,2.403
1749262347,2.32400000,2.30000000,2.403
1749262347,2.32300000,2.18000000,2.403
1749262347,2.31900000,144.07000000,2.403
1749262347,2.31500000,21.59000000,2.403
1749262347,2.31200000,2.52000000,2.403
1749262347,2.31100000,41.85000000,2.403
1749262347,2.31000000,100.00000000,2.403
1749262347,2.30900000,25.96000000,2.403
1749262347,2.30800000,2.25000000,2.403
1749262347,2.30700000,10.42000000,2.403
1749262347,2.30400000,2.48000000,2.403
1749262347,2.30000000,294.71000000,2.403
1749262347,2.29700000,7.15000000,2.403
1749262347,2.29600000,7.59000000,2.403
1749262347,2.29500000,38.09000000,2.403
1749262347,2.28900000,14.47000000,2.403
1749262347,2.28700000,2.85000000,2.403
1749262347,2.28000000,4.59000000,2.403
1749262347,2.27900000,35.82000000,2.403
1749262347,2.27800000,2.52000000,2.403
1749262347,2.27500000,32.95000000,2.403
1749262347,2.27300000,25.27000000,2.403
1749262347,2.27200000,13.05000000,2.403
1749262347,2.27000000,37.54000000,2.403
1749262347,2.26400000,219.30000000,2.403
1749262347,2.26300000,36.08000000,2.403
1749262347,2.26200000,13.30000000,2.403
1749262347,2.26100000,4.44000000,2.403
1749262347,2.26000000,92.52000000,2.403
1749262347,2.25900000,22.15000000,2.403
1749262347,2.25800000,4.43000000,2.403
1749262347,2.25700000,4.20000000,2.403
1749262347,2.25100000,244.32000000,2.403
1749262347,2.25000000,614.77000000,2.403
1749262347,2.24700000,36.33000000,2.403
1749262347,2.24500000,2.52000000,2.403
1749262347,2.24200000,240.33000000,2.403
1749262347,2.24100000,5.26000000,2.403
1749262347,2.24000000,120.00000000,2.403
1749262347,2.23800000,3.00000000,2.403
1749262347,2.23100000,38.85000000,2.403
1749262649,2.40500000,68.17000000,2.405
1749262649,2.40400000,814.71000000,2.405
1749262649,2.40300000,1491.19000000,2.405
1749262649,2.40200000,3586.31000000,2.405
1749262649,2.40100000,3746.29000000,2.405
1749262649,2.40000000,4444.17000000,2.405
1749262649,2.39900000,697.61000000,2.405
1749262649,2.39800000,1365.78000000,2.405
1749262649,2.39700000,823.30000000,2.405
1749262649,2.39600000,489.95000000,2.405
1749262649,2.39500000,1245.84000000,2.405
1749262649,2.39400000,889.20000000,2.405
1749262649,2.39300000,713.92000000,2.405
1749262649,2.39200000,839.98000000,2.405
1749262649,2.39100000,554.15000000,2.405
1749262649,2.39000000,2330.95000000,2.405
1749262649,2.38900000,462.31000000,2.405
1749262649,2.38800000,105.27000000,2.405
1749262649,2.38700000,302.36000000,2.405
1749262649,2.38600000,295.06000000,2.405
1749262649,2.38500000,308.12000000,2.405
1749262649,2.38400000,102.15000000,2.405
1749262649,2.38300000,960.22000000,2.405
1749262649,2.38200000,687.87000000,2.405
1749262649,2.38100000,107.80000000,2.405
1749262649,2.38000000,518.07000000,2.405
1749262649,2.37900000,73.51000000,2.405
1749262649,2.37800000,1465.46000000,2.405
1749262649,2.37700000,330.76000000,2.405
1749262649,2.37600000,91.94000000,2.405
1749262649,2.37500000,126.12000000,2.405
1749262649,2.37400000,128.92000000,2.405
1749262649,2.37300000,102.16000000,2.405
1749262649,2.37200000,99.00000000,2.405
1749262649,2.37100000,2252.00000000,2.405
1749262649,2.37000000,1326.58000000,2.405
1749262649,2.36900000,480.84000000,2.405
1749262649,2.36700000,106.59000000,2.405
1749262649,2.36400000,2.52000000,2.405
1749262649,2.36200000,26.26000000,2.405
1749262649,2.36100000,215.58000000,2.405
1749262649,2.36000000,36.71000000,2.405
1749262649,2.35900000,2.18000000,2.405
1749262649,2.35800000,383.62000000,2.405
1749262649,2.35000000,269.21000000,2.405
1749262649,2.34700000,4.66000000,2.405
1749262649,2.34600000,2.52000000,2.405
1749262649,2.34400000,34.83000000,2.405
1749262649,2.34300000,7.59000000,2.405
1749262649,2.34000000,4.00000000,2.405
1749262649,2.33500000,16.65000000,2.405
1749262649,2.33400000,2.57000000,2.405
1749262649,2.33300000,2.85000000,2.405
1749262649,2.33200000,5.00000000,2.405
1749262649,2.33000000,5.00000000,2.405
1749262649,2.32900000,2.52000000,2.405
1749262649,2.32700000,35.08000000,2.405
1749262649,2.32500000,35.51000000,2.405
1749262649,2.32400000,2.30000000,2.405
1749262649,2.32300000,2.18000000,2.405
1749262649,2.31900000,144.07000000,2.405
1749262649,2.31500000,21.59000000,2.405
1749262649,2.31400000,19.42000000,2.405
1749262649,2.31200000,2.52000000,2.405
1749262649,2.31100000,41.85000000,2.405
1749262649,2.31000000,100.00000000,2.405
1749262649,2.30900000,6.50000000,2.405
1749262649,2.30800000,2.25000000,2.405
1749262649,2.30700000,10.42000000,2.405
1749262649,2.30400000,2.48000000,2.405
1749262649,2.30000000,294.71000000,2.405
1749262649,2.29700000,7.15000000,2.405
1749262649,2.29600000,7.59000000,2.405
1749262649,2.29500000,38.09000000,2.405
1749262649,2.28900000,14.47000000,2.405
1749262649,2.28700000,2.85000000,2.405
1749262649,2.28000000,4.59000000,2.405
1749262649,2.27900000,35.82000000,2.405
1749262649,2.27800000,2.52000000,2.405
1749262649,2.27500000,32.95000000,2.405
1749262649,2.27300000,25.27000000,2.405
1749262649,2.27200000,13.05000000,2.405
1749262649,2.27000000,37.54000000,2.405
1749262649,2.26400000,219.30000000,2.405
1749262649,2.26300000,36.08000000,2.405
1749262649,2.26200000,13.30000000,2.405
1749262649,2.26100000,4.44000000,2.405
1749262649,2.26000000,92.52000000,2.405
1749262649,2.25900000,22.15000000,2.405
1749262649,2.25800000,4.43000000,2.405
1749262649,2.25700000,4.20000000,2.405
1749262649,2.25100000,244.32000000,2.405
1749262649,2.25000000,614.77000000,2.405
1749262649,2.24700000,36.33000000,2.405
1749262649,2.24500000,2.52000000,2.405
1749262649,2.24200000,240.33000000,2.405
1749262649,2.24100000,5.26000000,2.405
1749262649,2.24000000,120.00000000,2.405
1749262649,2.23800000,3.00000000,2.405
1749262649,2.23100000,38.85000000,2.405
1749262951,2.40400000,99.00000000,2.404
1749262951,2.40300000,1302.76000000,2.404
1749262951,2.40200000,2135.66000000,2.404
1749262951,2.40100000,2498.66000000,2.404
1749262951,2.40000000,3849.12000000,2.404
1749262951,2.39900000,2264.26000000,2.404
1749262951,2.39800000,381.39000000,2.404
1749262951,2.39700000,956.38000000,2.404
1749262951,2.39600000,2695.83000000,2.404
1749262951,2.39500000,722.96000000,2.404
1749262951,2.39400000,518.84000000,2.404
1749262951,2.39300000,768.69000000,2.404
1749262951,2.39200000,664.43000000,2.404
1749262951,2.39100000,773.03000000,2.404
1749262951,2.39000000,181.37000000,2.404
1749262951,2.38900000,2258.17000000,2.404
1749262951,2.38800000,105.27000000,2.404
1749262951,2.38700000,299.23000000,2.404
1749262951,2.38600000,117.33000000,2.404
1749262951,2.38500000,308.12000000,2.404
1749262951,2.38400000,102.15000000,2.404
1749262951,2.38300000,533.22000000,2.404
1749262951,2.38200000,687.87000000,2.404
1749262951,2.38100000,534.80000000,2.404
1749262951,2.38000000,518.07000000,2.404
1749262951,2.37900000,73.51000000,2.404
1749262951,2.37800000,1465.46000000,2.404
1749262951,2.37700000,330.76000000,2.404
1749262951,2.37600000,91.94000000,2.404
1749262951,2.37500000,126.12000000,2.404
1749262951,2.37400000,128.92000000,2.404
1749262951,2.37300000,102.16000000,2.404
1749262951,2.37200000,99.00000000,2.404
1749262951,2.37100000,101.18000000,2.404
1749262951,2.37000000,1326.58000000,2.404
1749262951,2.36900000,2252.51000000,2.404
1749262951,2.36700000,106.59000000,2.404
1749262951,2.36400000,385.17000000,2.404
1749262951,2.36200000,26.26000000,2.404
1749262951,2.36000000,36.71000000,2.404
1749262951,2.35900000,2.18000000,2.404
1749262951,2.35800000,596.11000000,2.404
1749262951,2.35000000,269.21000000,2.404
1749262951,2.34700000,4.66000000,2.404
1749262951,2.34600000,2.52000000,2.404
1749262951,2.34400000,34.83000000,2.404
1749262951,2.34300000,7.59000000,2.404
1749262951,2.34000000,4.00000000,2.404
1749262951,2.33500000,16.65000000,2.404
1749262951,2.33400000,2.57000000,2.404
1749262951,2.33300000,2.85000000,2.404
1749262951,2.33200000,5.00000000,2.404
1749262951,2.33000000,5.00000000,2.404
1749262951,2.32900000,2.52000000,2.404
1749262951,2.32700000,35.08000000,2.404
1749262951,2.32500000,35.51000000,2.404
1749262951,2.32400000,2.30000000,2.404
1749262951,2.32300000,2.18000000,2.404
1749262951,2.31900000,144.07000000,2.404
1749262951,2.31500000,21.59000000,2.404
1749262951,2.31200000,2.52000000,2.404
1749262951,2.31100000,41.85000000,2.404
1749262951,2.31000000,119.44000000,2.404
1749262951,2.30900000,6.50000000,2.404
1749262951,2.30800000,2.25000000,2.404
1749262951,2.30700000,10.42000000,2.404
1749262951,2.30400000,2.48000000,2.404
1749262951,2.30000000,294.71000000,2.404
1749262951,2.29700000,7.15000000,2.404
1749262951,2.29600000,7.59000000,2.404
1749262951,2.29500000,38.09000000,2.404
1749262951,2.28900000,14.47000000,2.404
1749262951,2.28700000,2.85000000,2.404
1749262951,2.28000000,4.59000000,2.404
1749262951,2.27900000,35.82000000,2.404
1749262951,2.27800000,2.52000000,2.404
1749262951,2.27500000,32.95000000,2.404
1749262951,2.27300000,25.27000000,2.404
1749262951,2.27200000,13.05000000,2.404
1749262951,2.27000000,37.54000000,2.404
1749262951,2.26400000,219.30000000,2.404
1749262951,2.26300000,36.08000000,2.404
1749262951,2.26200000,13.30000000,2.404
1749262951,2.26100000,4.44000000,2.404
1749262951,2.26000000,92.52000000,2.404
1749262951,2.25900000,22.15000000,2.404
1749262951,2.25800000,4.43000000,2.404
1749262951,2.25700000,4.20000000,2.404
1749262951,2.25100000,244.32000000,2.404
1749262951,2.25000000,614.77000000,2.404
1749262951,2.24700000,36.33000000,2.404
1749262951,2.24500000,2.52000000,2.404
1749262951,2.24200000,240.33000000,2.404
1749262951,2.24100000,5.26000000,2.404
1749262951,2.24000000,120.00000000,2.404
1749262951,2.23800000,3.00000000,2.404
1749262951,2.23100000,38.85000000,2.404
1749262951,2.23000000,1024.29000000,2.404
1749262951,2.22900000,2.52000000,2.404
1749262951,2.22800000,319.33000000,2.404
1749263257,2.40800000,135.40000000,2.409
1749263257,2.40700000,1160.54000000,2.409
1749263257,2.40600000,1458.21000000,2.409
1749263257,2.40500000,2554.51000000,2.409
1749263257,2.40400000,3931.14000000,2.409
1749263257,2.40300000,1941.58000000,2.409
1749263257,2.40200000,583.61000000,2.409
1749263257,2.40100000,2380.48000000,2.409
1749263257,2.40000000,556.31000000,2.409
1749263257,2.39900000,687.01000000,2.409
1749263257,2.39800000,2293.92000000,2.409
1749263257,2.39700000,665.82000000,2.409
1749263257,2.39600000,865.94000000,2.409
1749263257,2.39500000,1551.20000000,2.409
1749263257,2.39400000,603.25000000,2.409
1749263257,2.39300000,2458.88000000,2.409
1749263257,2.39200000,232.60000000,2.409
1749263257,2.39100000,289.14000000,2.409
1749263257,2.39000000,181.37000000,2.409
1749263257,2.38900000,284.58000000,2.409
1749263257,2.38800000,102.14000000,2.409
1749263257,2.38700000,299.23000000,2.409
1749263257,2.38600000,534.76000000,2.409
1749263257,2.38500000,308.12000000,2.409
1749263257,2.38400000,529.15000000,2.409
1749263257,2.38300000,115.46000000,2.409
1749263257,2.38200000,687.87000000,2.409
1749263257,2.38100000,107.80000000,2.409
1749263257,2.38000000,1092.95000000,2.409
1749263257,2.37900000,73.51000000,2.409
1749263257,2.37800000,944.21000000,2.409
1749263257,2.37700000,330.76000000,2.409
1749263257,2.37600000,91.94000000,2.409
1749263257,2.37500000,71.94000000,2.409
1749263257,2.37400000,2278.90000000,2.409
1749263257,2.37300000,102.16000000,2.409
1749263257,2.37200000,99.00000000,2.409
1749263257,2.37100000,482.70000000,2.409
1749263257,2.37000000,1326.58000000,2.409
1749263257,2.36900000,99.00000000,2.409
1749263257,2.36700000,7.59000000,2.409
1749263257,2.36400000,2.52000000,2.409
1749263257,2.36300000,382.81000000,2.409
1749263257,2.36200000,26.26000000,2.409
1749263257,2.36000000,36.71000000,2.409
1749263257,2.35900000,2.18000000,2.409
1749263257,2.35800000,212.49000000,2.409
1749263257,2.35000000,269.21000000,2.409
1749263257,2.34700000,4.66000000,2.409
1749263257,2.34600000,2.52000000,2.409
1749263257,2.34400000,34.83000000,2.409
1749263257,2.34300000,7.59000000,2.409
1749263257,2.34000000,4.00000000,2.409
1749263257,2.33500000,16.65000000,2.409
1749263257,2.33400000,2.57000000,2.409
1749263257,2.33300000,2.85000000,2.409
1749263257,2.33200000,5.00000000,2.409
1749263257,2.33000000,5.00000000,2.409
1749263257,2.32900000,2.52000000,2.409
1749263257,2.32700000,35.08000000,2.409
1749263257,2.32500000,35.51000000,2.409
1749263257,2.32400000,2.30000000,2.409
1749263257,2.32300000,2.18000000,2.409
1749263257,2.31900000,144.07000000,2.409
1749263257,2.31500000,21.59000000,2.409
1749263257,2.31400000,19.42000000,2.409
1749263257,2.31200000,2.52000000,2.409
1749263257,2.31100000,41.85000000,2.409
1749263257,2.31000000,100.00000000,2.409
1749263257,2.30900000,6.50000000,2.409
1749263257,2.30800000,2.25000000,2.409
1749263257,2.30700000,10.42000000,2.409
1749263257,2.30400000,2.48000000,2.409
1749263257,2.30000000,294.71000000,2.409
1749263257,2.29700000,7.15000000,2.409
1749263257,2.29600000,7.59000000,2.409
1749263257,2.29500000,38.09000000,2.409
1749263257,2.28900000,14.47000000,2.409
1749263257,2.28700000,2.85000000,2.409
1749263257,2.28000000,4.59000000,2.409
1749263257,2.27900000,35.82000000,2.409
1749263257,2.27800000,2.52000000,2.409
1749263257,2.27500000,32.95000000,2.409
1749263257,2.27300000,25.27000000,2.409
1749263257,2.27200000,13.05000000,2.409
1749263257,2.27000000,37.54000000,2.409
1749263257,2.26400000,219.30000000,2.409
1749263257,2.26300000,36.08000000,2.409
1749263257,2.26200000,13.30000000,2.409
1749263257,2.26100000,4.44000000,2.409
1749263257,2.26000000,92.52000000,2.409
1749263257,2.25900000,22.15000000,2.409
1749263257,2.25800000,4.43000000,2.409
1749263257,2.25700000,4.20000000,2.409
1749263257,2.25100000,244.32000000,2.409
1749263257,2.25000000,614.77000000,2.409
1749263257,2.24700000,36.33000000,2.409
1749263257,2.24500000,2.52000000,2.409
1749263257,2.24200000,240.33000000,2.409
1749263257,2.24100000,5.26000000,2.409
1749263564,2.40500000,711.34000000,2.405
1749263564,2.40400000,3111.53000000,2.405
1749263564,2.40300000,3473.71000000,2.405
1749263564,2.40200000,2564.29000000,2.405
1749263564,2.40100000,1522.26000000,2.405
1749263564,2.40000000,472.56000000,2.405
1749263564,2.39900000,2492.07000000,2.405
1749263564,2.39800000,1874.34000000,2.405
1749263564,2.39700000,844.97000000,2.405
1749263564,2.39600000,384.93000000,2.405
1749263564,2.39500000,1003.34000000,2.405
1749263564,2.39400000,425.89000000,2.405
1749263564,2.39300000,449.55000000,2.405
1749263564,2.39200000,684.75000000,2.405
1749263564,2.39100000,289.14000000,2.405
1749263564,2.39000000,2153.79000000,2.405
1749263564,2.38900000,284.58000000,2.405
1749263564,2.38800000,102.14000000,2.405
1749263564,2.38700000,299.23000000,2.405
1749263564,2.38600000,534.76000000,2.405
1749263564,2.38500000,308.12000000,2.405
1749263564,2.38400000,102.15000000,2.405
1749263564,2.38300000,115.46000000,2.405
1749263564,2.38200000,1114.87000000,2.405
1749263564,2.38100000,107.80000000,2.405
1749263564,2.38000000,1092.95000000,2.405
1749263564,2.37900000,73.51000000,2.405
1749263564,2.37800000,944.21000000,2.405
1749263564,2.37700000,330.76000000,2.405
1749263564,2.37600000,91.94000000,2.405
1749263564,2.37500000,71.94000000,2.405
1749263564,2.37400000,128.92000000,2.405
1749263564,2.37300000,102.16000000,2.405
1749263564,2.37200000,99.00000000,2.405
1749263564,2.37100000,2252.78000000,2.405
1749263564,2.37000000,1326.58000000,2.405
1749263564,2.36900000,99.00000000,2.405
1749263564,2.36700000,7.59000000,2.405
1749263564,2.36600000,382.32000000,2.405
1749263564,2.36400000,2.52000000,2.405
1749263564,2.36300000,382.81000000,2.405
1749263564,2.36200000,26.26000000,2.405
1749263564,2.36000000,36.71000000,2.405
1749263564,2.35900000,222.79000000,2.405
1749263564,2.35000000,269.21000000,2.405
1749263564,2.34700000,4.66000000,2.405
1749263564,2.34600000,2.52000000,2.405
1749263564,2.34400000,34.83000000,2.405
1749263564,2.34300000,7.59000000,2.405
1749263564,2.34000000,4.00000000,2.405
1749263564,2.33500000,16.65000000,2.405
1749263564,2.33400000,2.57000000,2.405
1749263564,2.33300000,2.85000000,2.405
1749263564,2.33200000,5.00000000,2.405
1749263564,2.33000000,5.00000000,2.405
1749263564,2.32900000,2.52000000,2.405
1749263564,2.32700000,35.08000000,2.405
1749263564,2.32500000,35.51000000,2.405
1749263564,2.32400000,2.30000000,2.405
1749263564,2.32300000,2.18000000,2.405
1749263564,2.31900000,144.07000000,2.405
1749263564,2.31500000,21.59000000,2.405
1749263564,2.31400000,19.42000000,2.405
1749263564,2.31200000,2.52000000,2.405
1749263564,2.31100000,41.85000000,2.405
1749263564,2.31000000,100.00000000,2.405
1749263564,2.30900000,6.50000000,2.405
1749263564,2.30800000,2.25000000,2.405
1749263564,2.30700000,10.42000000,2.405
1749263564,2.30400000,2.48000000,2.405
1749263564,2.30000000,294.71000000,2.405
1749263564,2.29700000,7.15000000,2.405
1749263564,2.29600000,7.59000000,2.405
1749263564,2.29500000,38.09000000,2.405
1749263564,2.28900000,14.47000000,2.405
1749263564,2.28700000,2.85000000,2.405
1749263564,2.28600000,13.26000000,2.405
1749263564,2.28000000,4.59000000,2.405
1749263564,2.27900000,35.82000000,2.405
1749263564,2.27800000,2.52000000,2.405
1749263564,2.27500000,32.95000000,2.405
1749263564,2.27300000,25.27000000,2.405
1749263564,2.27200000,13.05000000,2.405
1749263564,2.27000000,37.54000000,2.405
1749263564,2.26400000,219.30000000,2.405
1749263564,2.26300000,36.08000000,2.405
1749263564,2.26200000,13.30000000,2.405
1749263564,2.26100000,4.44000000,2.405
1749263564,2.26000000,92.52000000,2.405
1749263564,2.25900000,22.15000000,2.405
1749263564,2.25800000,4.43000000,2.405
1749263564,2.25700000,4.20000000,2.405
1749263564,2.25100000,244.32000000,2.405
1749263564,2.25000000,614.77000000,2.405
1749263564,2.24700000,36.33000000,2.405
1749263564,2.24500000,2.52000000,2.405
1749263564,2.24200000,240.33000000,2.405
1749263564,2.24100000,5.26000000,2.405
1749263564,2.24000000,120.00000000,2.405
1749263564,2.23800000,3.00000000,2.405
1749263866,2.40900000,55.06000000,2.409
1749263866,2.40800000,1354.87000000,2.409
1749263866,2.40700000,2912.02000000,2.409
1749263866,2.40600000,2641.99000000,2.409
1749263866,2.40500000,4061.68000000,2.409
1749263866,2.40400000,1514.79000000,2.409
1749263866,2.40300000,1113.30000000,2.409
1749263866,2.40200000,518.88000000,2.409
1749263866,2.40100000,1623.43000000,2.409
1749263866,2.40000000,521.99000000,2.409
1749263866,2.39900000,2209.98000000,2.409
1749263866,2.39800000,1902.73000000,2.409
1749263866,2.39700000,581.51000000,2.409
1749263866,2.39600000,692.12000000,2.409
1749263866,2.39500000,1180.77000000,2.409
1749263866,2.39400000,603.25000000,2.409
1749263866,2.39300000,2732.77000000,2.409
1749263866,2.39200000,232.74000000,2.409
1749263866,2.39100000,289.14000000,2.409
1749263866,2.39000000,181.37000000,2.409
1749263866,2.38900000,78.61000000,2.409
1749263866,2.38800000,308.11000000,2.409
1749263866,2.38700000,93.26000000,2.409
1749263866,2.38600000,519.58000000,2.409
1749263866,2.38500000,102.15000000,2.409
1749263866,2.38400000,529.15000000,2.409
1749263866,2.38300000,115.46000000,2.409
1749263866,2.38200000,481.90000000,2.409
1749263866,2.38100000,109.90000000,2.409
1749263866,2.38000000,886.98000000,2.409
1749263866,2.37900000,73.51000000,2.409
1749263866,2.37800000,944.21000000,2.409
1749263866,2.37700000,124.79000000,2.409
1749263866,2.37600000,91.94000000,2.409
1749263866,2.37500000,172.66000000,2.409
1749263866,2.37400000,2278.54000000,2.409
1749263866,2.37300000,102.16000000,2.409
1749263866,2.37200000,99.00000000,2.409
1749263866,2.37100000,101.18000000,2.409
1749263866,2.37000000,1326.58000000,2.409
1749263866,2.36900000,99.00000000,2.409
1749263866,2.36700000,7.59000000,2.409
1749263866,2.36600000,382.32000000,2.409
1749263866,2.36400000,2.52000000,2.409
1749263866,2.36300000,382.81000000,2.409
1749263866,2.36200000,242.78000000,2.409
1749263866,2.36000000,36.71000000,2.409
1749263866,2.35900000,2.18000000,2.409
1749263866,2.35000000,269.21000000,2.409
1749263866,2.34700000,4.66000000,2.409
1749263866,2.34600000,2.52000000,2.409
1749263866,2.34400000,34.83000000,2.409
1749263866,2.34300000,7.59000000,2.409
1749263866,2.34000000,4.00000000,2.409
1749263866,2.33500000,16.65000000,2.409
1749263866,2.33400000,2.57000000,2.409
1749263866,2.33300000,2.85000000,2.409
1749263866,2.33200000,5.00000000,2.409
1749263866,2.33000000,5.00000000,2.409
1749263866,2.32900000,2.52000000,2.409
1749263866,2.32700000,35.08000000,2.409
1749263866,2.32500000,35.51000000,2.409
1749263866,2.32400000,2.30000000,2.409
1749263866,2.32300000,2.18000000,2.409
1749263866,2.31900000,144.07000000,2.409
1749263866,2.31500000,21.59000000,2.409
1749263866,2.31400000,19.42000000,2.409
1749263866,2.31200000,2.52000000,2.409
1749263866,2.31100000,41.85000000,2.409
1749263866,2.31000000,100.00000000,2.409
1749263866,2.30900000,6.50000000,2.409
1749263866,2.30800000,2.25000000,2.409
1749263866,2.30700000,10.42000000,2.409
1749263866,2.30400000,2.48000000,2.409
1749263866,2.30000000,294.71000000,2.409
1749263866,2.29700000,7.15000000,2.409
1749263866,2.29600000,7.59000000,2.409
1749263866,2.29500000,38.09000000,2.409
1749263866,2.28900000,14.47000000,2.409
1749263866,2.28700000,2.85000000,2.409
1749263866,2.28600000,13.26000000,2.409
1749263866,2.28000000,4.59000000,2.409
1749263866,2.27900000,35.82000000,2.409
1749263866,2.27800000,2.52000000,2.409
1749263866,2.27500000,32.95000000,2.409
1749263866,2.27300000,25.27000000,2.409
1749263866,2.27200000,13.05000000,2.409
1749263866,2.27000000,37.54000000,2.409
1749263866,2.26400000,219.30000000,2.409
1749263866,2.26300000,36.08000000,2.409
1749263866,2.26200000,13.30000000,2.409
1749263866,2.26100000,4.44000000,2.409
1749263866,2.26000000,92.52000000,2.409
1749263866,2.25900000,22.15000000,2.409
1749263866,2.25800000,4.43000000,2.409
1749263866,2.25700000,4.20000000,2.409
1749263866,2.25100000,244.32000000,2.409
1749263866,2.25000000,614.77000000,2.409
1749263866,2.24700000,36.33000000,2.409
1749263866,2.24500000,2.52000000,2.409
1749264167,2.40500000,642.84000000,2.406
1749264167,2.40400000,2736.84000000,2.406
1749264167,2.40300000,5043.83000000,2.406
1749264167,2.40200000,2029.68000000,2.406
1749264167,2.40100000,847.15000000,2.406
1749264167,2.40000000,1135.35000000,2.406
1749264167,2.39900000,1304.11000000,2.406
1749264167,2.39800000,2497.66000000,2.406
1749264167,2.39700000,1063.49000000,2.406
1749264167,2.39600000,587.29000000,2.406
1749264167,2.39500000,1284.94000000,2.406
1749264167,2.39400000,805.76000000,2.406
1749264167,2.39300000,467.32000000,2.406
1749264167,2.39200000,55.24000000,2.406
1749264167,2.39100000,2258.71000000,2.406
1749264167,2.39000000,74.16000000,2.406
1749264167,2.38900000,75.48000000,2.406
1749264167,2.38800000,308.11000000,2.406
1749264167,2.38700000,93.26000000,2.406
1749264167,2.38600000,519.58000000,2.406
1749264167,2.38500000,102.15000000,2.406
1749264167,2.38400000,102.15000000,2.406
1749264167,2.38300000,542.46000000,2.406
1749264167,2.38200000,102.15000000,2.406
1749264167,2.38100000,487.71000000,2.406
1749264167,2.38000000,886.98000000,2.406
1749264167,2.37900000,73.51000000,2.406
1749264167,2.37800000,944.21000000,2.406
1749264167,2.37700000,124.79000000,2.406
1749264167,2.37600000,91.94000000,2.406
1749264167,2.37500000,172.66000000,2.406
1749264167,2.37400000,112.26000000,2.406
1749264167,2.37300000,102.16000000,2.406
1749264167,2.37200000,2251.02000000,2.406
1749264167,2.37100000,2.18000000,2.406
1749264167,2.37000000,1326.58000000,2.406
1749264167,2.36800000,16.70000000,2.406
1749264167,2.36700000,488.75000000,2.406
1749264167,2.36400000,2.52000000,2.406
1749264167,2.36300000,382.81000000,2.406
1749264167,2.36200000,239.20000000,2.406
1749264167,2.36000000,36.71000000,2.406
1749264167,2.35900000,2.18000000,2.406
1749264167,2.35000000,269.21000000,2.406
1749264167,2.34700000,4.66000000,2.406
1749264167,2.34600000,2.52000000,2.406
1749264167,2.34400000,34.83000000,2.406
1749264167,2.34300000,7.59000000,2.406
1749264167,2.34000000,4.00000000,2.406
1749264167,2.33500000,16.65000000,2.406
1749264167,2.33400000,2.57000000,2.406
1749264167,2.33300000,2.85000000,2.406
1749264167,2.33200000,5.00000000,2.406
1749264167,2.33000000,5.00000000,2.406
1749264167,2.32900000,2.52000000,2.406
1749264167,2.32700000,35.08000000,2.406
1749264167,2.32500000,35.51000000,2.406
1749264167,2.32400000,2.30000000,2.406
1749264167,2.32300000,2.18000000,2.406
1749264167,2.31900000,144.07000000,2.406
1749264167,2.31500000,21.59000000,2.406
1749264167,2.31400000,19.42000000,2.406
1749264167,2.31200000,2.52000000,2.406
1749264167,2.31100000,41.85000000,2.406
1749264167,2.31000000,100.00000000,2.406
1749264167,2.30900000,6.50000000,2.406
1749264167,2.30800000,2.25000000,2.406
1749264167,2.30700000,10.42000000,2.406
1749264167,2.30400000,2.48000000,2.406
1749264167,2.30000000,294.71000000,2.406
1749264167,2.29700000,7.15000000,2.406
1749264167,2.29600000,7.59000000,2.406
1749264167,2.29500000,38.09000000,2.406
1749264167,2.28900000,14.47000000,2.406
1749264167,2.28700000,2.85000000,2.406
1749264167,2.28600000,13.26000000,2.406
1749264167,2.28000000,4.59000000,2.406
1749264167,2.27900000,35.82000000,2.406
1749264167,2.27800000,2.52000000,2.406
1749264167,2.27500000,32.95000000,2.406
1749264167,2.27300000,25.27000000,2.406
1749264167,2.27200000,13.05000000,2.406
1749264167,2.27000000,37.54000000,2.406
1749264167,2.26400000,219.30000000,2.406
1749264167,2.26300000,36.08000000,2.406
1749264167,2.26200000,13.30000000,2.406
1749264167,2.26100000,4.44000000,2.406
1749264167,2.26000000,92.52000000,2.406
1749264167,2.25900000,22.15000000,2.406
1749264167,2.25800000,4.43000000,2.406
1749264167,2.25700000,4.20000000,2.406
1749264167,2.25100000,244.32000000,2.406
1749264167,2.25000000,614.77000000,2.406
1749264167,2.24700000,36.33000000,2.406
1749264167,2.24500000,2.52000000,2.406
1749264167,2.24200000,240.33000000,2.406
1749264167,2.24100000,5.26000000,2.406
1749264167,2.24000000,120.00000000,2.406
1749264167,2.23800000,3.00000000,2.406
1749264167,2.23100000,38.85000000,2.406
1749264469,2.40500000,82.65000000,2.405
1749264469,2.40400000,989.71000000,2.405
1749264469,2.40300000,1738.95000000,2.405
1749264469,2.40200000,3148.85000000,2.405
1749264469,2.40100000,3188.27000000,2.405
1749264469,2.40000000,3502.63000000,2.405
1749264469,2.39900000,694.58000000,2.405
1749264469,2.39800000,542.80000000,2.405
1749264469,2.39700000,3193.81000000,2.405
1749264469,2.39600000,886.67000000,2.405
1749264469,2.39500000,485.66000000,2.405
1749264469,2.39400000,896.11000000,2.405
1749264469,2.39300000,999.92000000,2.405
1749264469,2.39200000,317.45000000,2.405
1749264469,2.39100000,550.93000000,2.405
1749264469,2.39000000,2329.10000000,2.405
1749264469,2.38900000,861.08000000,2.405
1749264469,2.38800000,308.11000000,2.405
1749264469,2.38700000,108.97000000,2.405
1749264469,2.38600000,102.15000000,2.405
1749264469,2.38500000,308.12000000,2.405
1749264469,2.38400000,102.15000000,2.405
1749264469,2.38300000,115.46000000,2.405
1749264469,2.38200000,308.12000000,2.405
1749264469,2.38100000,914.71000000,2.405
1749264469,2.38000000,1256.28000000,2.405
1749264469,2.37900000,73.51000000,2.405
1749264469,2.37800000,944.21000000,2.405
1749264469,2.37700000,178.93000000,2.405
1749264469,2.37600000,91.94000000,2.405
1749264469,2.37500000,153.18000000,2.405
1749264469,2.37400000,112.26000000,2.405
1749264469,2.37300000,102.16000000,2.405
1749264469,2.37200000,99.00000000,2.405
1749264469,2.37100000,101.18000000,2.405
1749264469,2.37000000,3478.97000000,2.405
1749264469,2.36900000,118.52000000,2.405
1749264469,2.36800000,16.70000000,2.405
1749264469,2.36700000,106.59000000,2.405
1749264469,2.36400000,2.52000000,2.405
1749264469,2.36300000,382.81000000,2.405
1749264469,2.36200000,26.26000000,2.405
1749264469,2.36000000,420.00000000,2.405
1749264469,2.35900000,221.54000000,2.405
1749264469,2.35000000,269.21000000,2.405
1749264469,2.34700000,4.66000000,2.405
1749264469,2.34600000,2.52000000,2.405
1749264469,2.34400000,34.83000000,2.405
1749264469,2.34300000,7.59000000,2.405
1749264469,2.34000000,4.00000000,2.405
1749264469,2.33500000,16.65000000,2.405
1749264469,2.33400000,2.57000000,2.405
1749264469,2.33300000,2.85000000,2.405
1749264469,2.33200000,5.00000000,2.405
1749264469,2.32900000,2.52000000,2.405
1749264469,2.32700000,35.08000000,2.405
1749264469,2.32500000,35.51000000,2.405
1749264469,2.32400000,2.30000000,2.405
1749264469,2.32300000,2.18000000,2.405
1749264469,2.31900000,144.07000000,2.405
1749264469,2.31500000,21.59000000,2.405
1749264469,2.31400000,19.42000000,2.405
1749264469,2.31200000,2.52000000,2.405
1749264469,2.31100000,41.85000000,2.405
1749264469,2.31000000,100.00000000,2.405
1749264469,2.30900000,6.50000000,2.405
1749264469,2.30800000,2.25000000,2.405
1749264469,2.30700000,10.42000000,2.405
1749264469,2.30400000,2.48000000,2.405
1749264469,2.30000000,294.71000000,2.405
1749264469,2.29700000,7.15000000,2.405
1749264469,2.29600000,7.59000000,2.405
1749264469,2.29500000,38.09000000,2.405
1749264469,2.28900000,14.47000000,2.405
1749264469,2.28700000,2.85000000,2.405
1749264469,2.28600000,13.26000000,2.405
1749264469,2.28000000,4.59000000,2.405
1749264469,2.27900000,35.82000000,2.405
1749264469,2.27800000,2.52000000,2.405
1749264469,2.27500000,32.95000000,2.405
1749264469,2.27300000,25.27000000,2.405
1749264469,2.27200000,13.05000000,2.405
1749264469,2.27000000,37.54000000,2.405
1749264469,2.26400000,219.30000000,2.405
1749264469,2.26300000,36.08000000,2.405
1749264469,2.26200000,13.30000000,2.405
1749264469,2.26100000,4.44000000,2.405
1749264469,2.26000000,92.52000000,2.405
1749264469,2.25900000,22.15000000,2.405
1749264469,2.25800000,4.43000000,2.405
1749264469,2.25700000,4.20000000,2.405
1749264469,2.25100000,244.32000000,2.405
1749264469,2.25000000,614.77000000,2.405
1749264469,2.24700000,36.33000000,2.405
1749264469,2.24500000,2.52000000,2.405
1749264469,2.24200000,240.33000000,2.405
1749264469,2.24100000,5.26000000,2.405
1749264469,2.24000000,120.00000000,2.405
1749264469,2.23800000,3.00000000,2.405
1749264469,2.23100000,38.85000000,2.405
1749264770,2.41000000,683.09000000,2.41
1749264770,2.40900000,1731.38000000,2.41
1749264770,2.40800000,3603.71000000,2.41
1749264770,2.40700000,2268.25000000,2.41
1749264770,2.40600000,3490.30000000,2.41
1749264770,2.40500000,933.85000000,2.41
1749264770,2.40400000,542.39000000,2.41
1749264770,2.40300000,1462.66000000,2.41
1749264770,2.40200000,1631.03000000,2.41
1749264770,2.40100000,774.71000000,2.41
1749264770,2.40000000,666.05000000,2.41
1749264770,2.39900000,642.70000000,2.41
1749264770,2.39800000,341.71000000,2.41
1749264770,2.39700000,917.37000000,2.41
1749264770,2.39600000,2345.54000000,2.41
1749264770,2.39500000,393.05000000,2.41
1749264770,2.39400000,683.89000000,2.41
1749264770,2.39300000,311.25000000,2.41
1749264770,2.39200000,55.24000000,2.41
1749264770,2.39100000,286.01000000,2.41
1749264770,2.39000000,178.24000000,2.41
1749264770,2.38900000,75.48000000,2.41
1749264770,2.38800000,308.11000000,2.41
1749264770,2.38700000,487.93000000,2.41
1749264770,2.38600000,519.58000000,2.41
1749264770,2.38500000,308.12000000,2.41
1749264770,2.38400000,529.15000000,2.41
1749264770,2.38300000,115.46000000,2.41
1749264770,2.38200000,308.12000000,2.41
1749264770,2.38100000,107.80000000,2.41
1749264770,2.38000000,837.80000000,2.41
1749264770,2.37900000,73.51000000,2.41
1749264770,2.37800000,944.21000000,2.41
1749264770,2.37700000,178.93000000,2.41
1749264770,2.37600000,91.94000000,2.41
1749264770,2.37500000,2322.64000000,2.41
1749264770,2.37400000,128.92000000,2.41
1749264770,2.37300000,102.16000000,2.41
1749264770,2.37200000,99.00000000,2.41
1749264770,2.37100000,482.70000000,2.41
1749264770,2.37000000,1326.58000000,2.41
1749264770,2.36700000,7.59000000,2.41
1749264770,2.36400000,2.52000000,2.41
1749264770,2.36300000,585.97000000,2.41
1749264770,2.36200000,26.26000000,2.41
1749264770,2.36000000,36.71000000,2.41
1749264770,2.35900000,2.18000000,2.41
1749264770,2.35000000,269.21000000,2.41
1749264770,2.34700000,4.66000000,2.41
1749264770,2.34600000,2.52000000,2.41
1749264770,2.34400000,34.83000000,2.41
1749264770,2.34300000,7.59000000,2.41
1749264770,2.34000000,4.00000000,2.41
1749264770,2.33500000,16.65000000,2.41
1749264770,2.33300000,2.85000000,2.41
1749264770,2.33200000,5.00000000,2.41
1749264770,2.32900000,2.52000000,2.41
1749264770,2.32700000,35.08000000,2.41
1749264770,2.32500000,35.51000000,2.41
1749264770,2.32400000,2.30000000,2.41
1749264770,2.32300000,2.18000000,2.41
1749264770,2.31900000,144.07000000,2.41
1749264770,2.31500000,21.59000000,2.41
1749264770,2.31400000,19.42000000,2.41
1749264770,2.31200000,2.52000000,2.41
1749264770,2.31100000,41.85000000,2.41
1749264770,2.31000000,100.00000000,2.41
1749264770,2.30900000,6.50000000,2.41
1749264770,2.30800000,2.25000000,2.41
1749264770,2.30700000,10.42000000,2.41
1749264770,2.30400000,2.48000000,2.41
1749264770,2.30000000,294.71000000,2.41
1749264770,2.29700000,7.15000000,2.41
1749264770,2.29600000,7.59000000,2.41
1749264770,2.29500000,38.09000000,2.41
1749264770,2.28900000,14.47000000,2.41
1749264770,2.28700000,2.85000000,2.41
1749264770,2.28600000,13.26000000,2.41
1749264770,2.28000000,4.59000000,2.41
1749264770,2.27900000,35.82000000,2.41
1749264770,2.27800000,2.52000000,2.41
1749264770,2.27500000,32.95000000,2.41
1749264770,2.27300000,25.27000000,2.41
1749264770,2.27200000,13.05000000,2.41
1749264770,2.27000000,37.54000000,2.41
1749264770,2.26400000,219.30000000,2.41
1749264770,2.26300000,36.08000000,2.41
1749264770,2.26200000,9.32000000,2.41
1749264770,2.26100000,4.44000000,2.41
1749264770,2.26000000,92.52000000,2.41
1749264770,2.25900000,22.15000000,2.41
1749264770,2.25800000,4.43000000,2.41
1749264770,2.25700000,4.20000000,2.41
1749264770,2.25100000,244.32000000,2.41
1749264770,2.25000000,614.77000000,2.41
1749264770,2.24700000,36.33000000,2.41
1749264770,2.24500000,2.52000000,2.41
1749264770,2.24200000,240.33000000,2.41
1749264770,2.24100000,5.26000000,2.41
1749264770,2.24000000,120.00000000,2.41
1749265072,2.41400000,769.82000000,2.414
1749265072,2.41300000,2596.37000000,2.414
1749265072,2.41200000,2344.34000000,2.414
1749265072,2.41100000,4329.28000000,2.414
1749265072,2.41000000,2942.14000000,2.414
1749265072,2.40900000,792.22000000,2.414
1749265072,2.40800000,312.74000000,2.414
1749265072,2.40700000,1815.31000000,2.414
1749265072,2.40600000,453.31000000,2.414
1749265072,2.40500000,1974.14000000,2.414
1749265072,2.40400000,670.41000000,2.414
1749265072,2.40300000,871.95000000,2.414
1749265072,2.40200000,471.91000000,2.414
1749265072,2.40100000,652.70000000,2.414
1749265072,2.40000000,2332.90000000,2.414
1749265072,2.39900000,703.93000000,2.414
1749265072,2.39800000,282.10000000,2.414
1749265072,2.39700000,917.37000000,2.414
1749265072,2.39600000,190.88000000,2.414
1749265072,2.39500000,305.92000000,2.414
1749265072,2.39400000,930.28000000,2.414
1749265072,2.39300000,308.11000000,2.414
1749265072,2.39200000,52.11000000,2.414
1749265072,2.39100000,1428.35000000,2.414
1749265072,2.39000000,74.16000000,2.414
1749265072,2.38900000,75.48000000,2.414
1749265072,2.38800000,308.11000000,2.414
1749265072,2.38700000,685.28000000,2.414
1749265072,2.38600000,102.15000000,2.414
1749265072,2.38500000,308.12000000,2.414
1749265072,2.38400000,102.15000000,2.414
1749265072,2.38300000,115.46000000,2.414
1749265072,2.38200000,308.12000000,2.414
1749265072,2.38100000,504.01000000,2.414
1749265072,2.38000000,2477.17000000,2.414
1749265072,2.37900000,73.51000000,2.414
1749265072,2.37800000,224.96000000,2.414
1749265072,2.37700000,124.79000000,2.414
1749265072,2.37600000,91.94000000,2.414
1749265072,2.37500000,52.46000000,2.414
1749265072,2.37400000,10.10000000,2.414
1749265072,2.37100000,2.18000000,2.414
1749265072,2.37000000,1609.26000000,2.414
1749265072,2.36700000,7.59000000,2.414
1749265072,2.36600000,221.59000000,2.414
1749265072,2.36400000,2.52000000,2.414
1749265072,2.36200000,26.26000000,2.414
1749265072,2.36000000,36.71000000,2.414
1749265072,2.35900000,2.18000000,2.414
1749265072,2.35000000,269.21000000,2.414
1749265072,2.34700000,4.66000000,2.414
1749265072,2.34600000,2.52000000,2.414
1749265072,2.34400000,34.83000000,2.414
1749265072,2.34300000,7.59000000,2.414
1749265072,2.34000000,4.00000000,2.414
1749265072,2.33500000,16.65000000,2.414
1749265072,2.33300000,2.85000000,2.414
1749265072,2.33200000,5.00000000,2.414
1749265072,2.32900000,2.52000000,2.414
1749265072,2.32700000,35.08000000,2.414
1749265072,2.32500000,35.51000000,2.414
1749265072,2.32400000,2.30000000,2.414
1749265072,2.32300000,2.18000000,2.414
1749265072,2.32200000,19.35000000,2.414
1749265072,2.32000000,8.17000000,2.414
1749265072,2.31900000,144.07000000,2.414
1749265072,2.31500000,21.59000000,2.414
1749265072,2.31200000,2.52000000,2.414
1749265072,2.31100000,41.85000000,2.414
1749265072,2.31000000,100.00000000,2.414
1749265072,2.30900000,6.50000000,2.414
1749265072,2.30800000,2.25000000,2.414
1749265072,2.30700000,10.42000000,2.414
1749265072,2.30400000,2.48000000,2.414
1749265072,2.30000000,294.71000000,2.414
1749265072,2.29700000,7.15000000,2.414
1749265072,2.29600000,7.59000000,2.414
1749265072,2.29500000,38.09000000,2.414
1749265072,2.28900000,14.47000000,2.414
1749265072,2.28700000,2.85000000,2.414
1749265072,2.28600000,13.26000000,2.414
1749265072,2.28000000,4.59000000,2.414
1749265072,2.27900000,35.82000000,2.414
1749265072,2.27800000,2.52000000,2.414
1749265072,2.27500000,32.95000000,2.414
1749265072,2.27300000,25.27000000,2.414
1749265072,2.27200000,13.05000000,2.414
1749265072,2.27000000,37.54000000,2.414
1749265072,2.26400000,219.30000000,2.414
1749265072,2.26300000,36.08000000,2.414
1749265072,2.26200000,9.32000000,2.414
1749265072,2.26100000,4.44000000,2.414
1749265072,2.26000000,92.52000000,2.414
1749265072,2.25900000,22.15000000,2.414
1749265072,2.25800000,4.43000000,2.414
1749265072,2.25700000,4.20000000,2.414
1749265072,2.25100000,244.32000000,2.414
1749265072,2.25000000,614.77000000,2.414
1749265072,2.24700000,36.33000000,2.414
1749265072,2.24500000,2.52000000,2.414
1749265377,2.40900000,667.61000000,2.409
1749265377,2.40800000,4231.47000000,2.409
1749265377,2.40700000,3186.53000000,2.409
1749265377,2.40600000,1435.93000000,2.409
1749265377,2.40500000,518.79000000,2.409
1749265377,2.40400000,952.44000000,2.409
1749265377,2.40300000,723.05000000,2.409
1749265377,2.40200000,1936.25000000,2.409
1749265377,2.40100000,2034.12000000,2.409
1749265377,2.40000000,700.15000000,2.409
1749265377,2.39900000,616.12000000,2.409
1749265377,2.39800000,561.76000000,2.409
1749265377,2.39700000,1055.50000000,2.409
1749265377,2.39600000,190.88000000,2.409
1749265377,2.39500000,305.92000000,2.409
1749265377,2.39400000,2522.12000000,2.409
1749265377,2.39300000,308.11000000,2.409
1749265377,2.39200000,52.11000000,2.409
1749265377,2.39100000,1001.35000000,2.409
1749265377,2.39000000,74.16000000,2.409
1749265377,2.38900000,75.48000000,2.409
1749265377,2.38800000,308.11000000,2.409
1749265377,2.38700000,1491.24000000,2.409
1749265377,2.38600000,102.15000000,2.409
1749265377,2.38500000,308.12000000,2.409
1749265377,2.38400000,102.15000000,2.409
1749265377,2.38300000,115.46000000,2.409
1749265377,2.38200000,308.12000000,2.409
1749265377,2.38100000,124.10000000,2.409
1749265377,2.38000000,333.61000000,2.409
1749265377,2.37900000,73.51000000,2.409
1749265377,2.37800000,224.96000000,2.409
1749265377,2.37700000,124.79000000,2.409
1749265377,2.37600000,91.94000000,2.409
1749265377,2.37500000,2200.48000000,2.409
1749265377,2.37400000,391.13000000,2.409
1749265377,2.37100000,2.18000000,2.409
1749265377,2.37000000,1708.26000000,2.409
1749265377,2.36700000,7.59000000,2.409
1749265377,2.36400000,2.52000000,2.409
1749265377,2.36300000,305.36000000,2.409
1749265377,2.36200000,26.26000000,2.409
1749265377,2.36000000,36.71000000,2.409
1749265377,2.35900000,2.18000000,2.409
1749265377,2.35000000,269.21000000,2.409
1749265377,2.34700000,4.66000000,2.409
1749265377,2.34600000,2.52000000,2.409
1749265377,2.34400000,34.83000000,2.409
1749265377,2.34300000,7.59000000,2.409
1749265377,2.34000000,4.00000000,2.409
1749265377,2.33500000,16.65000000,2.409
1749265377,2.33300000,2.85000000,2.409
1749265377,2.33200000,5.00000000,2.409
1749265377,2.32900000,2.52000000,2.409
1749265377,2.32700000,35.08000000,2.409
1749265377,2.32500000,35.51000000,2.409
1749265377,2.32400000,2.30000000,2.409
1749265377,2.32300000,2.18000000,2.409
1749265377,2.32000000,8.17000000,2.409
1749265377,2.31900000,144.07000000,2.409
1749265377,2.31800000,19.39000000,2.409
1749265377,2.31500000,21.59000000,2.409
1749265377,2.31200000,2.52000000,2.409
1749265377,2.31100000,41.85000000,2.409
1749265377,2.31000000,100.00000000,2.409
1749265377,2.30900000,6.50000000,2.409
1749265377,2.30800000,2.25000000,2.409
1749265377,2.30700000,10.42000000,2.409
1749265377,2.30400000,2.48000000,2.409
1749265377,2.30000000,294.71000000,2.409
1749265377,2.29700000,7.15000000,2.409
1749265377,2.29600000,7.59000000,2.409
1749265377,2.29500000,38.09000000,2.409
1749265377,2.28900000,14.47000000,2.409
1749265377,2.28700000,2.85000000,2.409
1749265377,2.28600000,13.26000000,2.409
1749265377,2.28000000,4.59000000,2.409
1749265377,2.27900000,35.82000000,2.409
1749265377,2.27800000,2.52000000,2.409
1749265377,2.27500000,32.95000000,2.409
1749265377,2.27300000,25.27000000,2.409
1749265377,2.27200000,13.05000000,2.409
1749265377,2.27000000,37.54000000,2.409
1749265377,2.26400000,219.30000000,2.409
1749265377,2.26300000,36.08000000,2.409
1749265377,2.26200000,9.32000000,2.409
1749265377,2.26100000,4.44000000,2.409
1749265377,2.26000000,92.52000000,2.409
1749265377,2.25900000,22.15000000,2.409
1749265377,2.25800000,4.43000000,2.409
1749265377,2.25700000,4.20000000,2.409
1749265377,2.25100000,244.32000000,2.409
1749265377,2.25000000,614.77000000,2.409
1749265377,2.24700000,36.33000000,2.409
1749265377,2.24500000,2.52000000,2.409
1749265377,2.24200000,240.33000000,2.409
1749265377,2.24100000,5.26000000,2.409
1749265377,2.24000000,120.00000000,2.409
1749265377,2.23800000,3.00000000,2.409
1749265377,2.23100000,38.85000000,2.409
1749265679,2.41600000,1310.28000000,2.416
1749265679,2.41500000,1978.16000000,2.416
1749265679,2.41400000,2695.19000000,2.416
1749265679,2.41300000,3169.75000000,2.416
1749265679,2.41200000,3452.19000000,2.416
1749265679,2.41100000,1892.93000000,2.416
1749265679,2.41000000,1385.41000000,2.416
1749265679,2.40900000,729.77000000,2.416
1749265679,2.40800000,332.49000000,2.416
1749265679,2.40700000,1101.38000000,2.416
1749265679,2.40600000,2380.86000000,2.416
1749265679,2.40500000,611.91000000,2.416
1749265679,2.40400000,1330.47000000,2.416
1749265679,2.40300000,1140.19000000,2.416
1749265679,2.40200000,3042.88000000,2.416
1749265679,2.40100000,652.70000000,2.416
1749265679,2.40000000,279.03000000,2.416
1749265679,2.39900000,448.08000000,2.416
1749265679,2.39800000,282.03000000,2.416
1749265679,2.39700000,488.00000000,2.416
1749265679,2.39600000,499.87000000,2.416
1749265679,2.39500000,302.79000000,2.416
1749265679,2.39400000,1031.86000000,2.416
1749265679,2.39300000,308.11000000,2.416
1749265679,2.39200000,479.11000000,2.416
1749265679,2.39100000,1008.94000000,2.416
1749265679,2.39000000,74.16000000,2.416
1749265679,2.38900000,75.48000000,2.416
1749265679,2.38800000,362.00000000,2.416
1749265679,2.38700000,112.09000000,2.416
1749265679,2.38600000,102.15000000,2.416
1749265679,2.38500000,308.12000000,2.416
1749265679,2.38400000,481.59000000,2.416
1749265679,2.38300000,2257.37000000,2.416
1749265679,2.38200000,308.12000000,2.416
1749265679,2.38100000,124.10000000,2.416
1749265679,2.38000000,333.61000000,2.416
1749265679,2.37900000,73.51000000,2.416
1749265679,2.37800000,224.96000000,2.416
1749265679,2.37700000,37.51000000,2.416
1749265679,2.37400000,10.10000000,2.416
1749265679,2.37100000,2.18000000,2.416
1749265679,2.37000000,1609.26000000,2.416
1749265679,2.36900000,220.06000000,2.416
1749265679,2.36700000,7.59000000,2.416
1749265679,2.36400000,2.52000000,2.416
1749265679,2.36200000,26.26000000,2.416
1749265679,2.36000000,36.71000000,2.416
1749265679,2.35900000,2.18000000,2.416
1749265679,2.35000000,269.21000000,2.416
1749265679,2.34700000,4.66000000,2.416
1749265679,2.34600000,2.52000000,2.416
1749265679,2.34400000,34.83000000,2.416
1749265679,2.34300000,7.59000000,2.416
1749265679,2.34000000,4.00000000,2.416
1749265679,2.33500000,16.65000000,2.416
1749265679,2.33300000,2.85000000,2.416
1749265679,2.33200000,5.00000000,2.416
1749265679,2.32900000,2.52000000,2.416
1749265679,2.32700000,35.08000000,2.416
1749265679,2.32500000,54.83000000,2.416
1749265679,2.32400000,2.30000000,2.416
1749265679,2.32300000,2.18000000,2.416
1749265679,2.32000000,8.17000000,2.416
1749265679,2.31900000,144.07000000,2.416
1749265679,2.31500000,21.59000000,2.416
1749265679,2.31200000,2.52000000,2.416
1749265679,2.31100000,41.85000000,2.416
1749265679,2.31000000,100.00000000,2.416
1749265679,2.30900000,6.50000000,2.416
1749265679,2.30800000,2.25000000,2.416
1749265679,2.30700000,10.42000000,2.416
1749265679,2.30400000,2.48000000,2.416
1749265679,2.30000000,294.71000000,2.416
1749265679,2.29700000,7.15000000,2.416
1749265679,2.29600000,7.59000000,2.416
1749265679,2.29500000,38.09000000,2.416
1749265679,2.28900000,14.47000000,2.416
1749265679,2.28700000,2.85000000,2.416
1749265679,2.28600000,13.26000000,2.416
1749265679,2.28000000,4.59000000,2.416
1749265679,2.27900000,35.82000000,2.416
1749265679,2.27800000,2.52000000,2.416
1749265679,2.27500000,32.95000000,2.416
1749265679,2.27300000,25.27000000,2.416
1749265679,2.27200000,13.05000000,2.416
1749265679,2.27000000,37.54000000,2.416
1749265679,2.26400000,219.30000000,2.416
1749265679,2.26300000,36.08000000,2.416
1749265679,2.26200000,9.32000000,2.416
1749265679,2.26100000,4.44000000,2.416
1749265679,2.26000000,92.52000000,2.416
1749265679,2.25900000,22.15000000,2.416
1749265679,2.25800000,4.43000000,2.416
1749265679,2.25700000,4.20000000,2.416
1749265679,2.25100000,244.32000000,2.416
1749265679,2.25000000,614.77000000,2.416
1749265679,2.24700000,36.33000000,2.416
1749265679,2.24500000,2.52000000,2.416
1749265679,2.24200000,240.33000000,2.416
1749265980,2.42000000,2245.27000000,2.42
1749265980,2.41900000,1508.96000000,2.42
1749265980,2.41800000,1713.34000000,2.42
1749265980,2.41700000,3838.13000000,2.42
1749265980,2.41600000,3957.36000000,2.42
1749265980,2.41500000,1719.02000000,2.42
1749265980,2.41400000,117.64000000,2.42
1749265980,2.41300000,1345.01000000,2.42
1749265980,2.41200000,129.21000000,2.42
1749265980,2.41100000,2132.23000000,2.42
1749265980,2.41000000,597.78000000,2.42
1749265980,2.40900000,451.42000000,2.42
1749265980,2.40800000,693.82000000,2.42
1749265980,2.40700000,2703.94000000,2.42
1749265980,2.40600000,117.58000000,2.42
1749265980,2.40500000,294.86000000,2.42
1749265980,2.40400000,695.70000000,2.42
1749265980,2.40300000,619.11000000,2.42
1749265980,2.40200000,72.44000000,2.42
1749265980,2.40100000,277.10000000,2.42
1749265980,2.40000000,476.11000000,2.42
1749265980,2.39900000,268.03000000,2.42
1749265980,2.39800000,102.13000000,2.42
1749265980,2.39700000,308.10000000,2.42
1749265980,2.39600000,510.96000000,2.42
1749265980,2.39500000,745.48000000,2.42
1749265980,2.39400000,136.24000000,2.42
1749265980,2.39300000,829.20000000,2.42
1749265980,2.39200000,52.11000000,2.42
1749265980,2.39100000,1008.94000000,2.42
1749265980,2.39000000,74.16000000,2.42
1749265980,2.38900000,75.48000000,2.42
1749265980,2.38800000,362.00000000,2.42
1749265980,2.38700000,2250.81000000,2.42
1749265980,2.38600000,118.73000000,2.42
1749265980,2.38500000,102.15000000,2.42
1749265980,2.38400000,481.59000000,2.42
1749265980,2.38300000,104.33000000,2.42
1749265980,2.38200000,102.15000000,2.42
1749265980,2.38100000,5.67000000,2.42
1749265980,2.38000000,214.84000000,2.42
1749265980,2.37800000,145.44000000,2.42
1749265980,2.37700000,34.35000000,2.42
1749265980,2.37500000,587.01000000,2.42
1749265980,2.37400000,10.10000000,2.42
1749265980,2.37100000,2.18000000,2.42
1749265980,2.37000000,1227.58000000,2.42
1749265980,2.36700000,7.59000000,2.42
1749265980,2.36400000,2.52000000,2.42
1749265980,2.36200000,26.26000000,2.42
1749265980,2.36000000,36.71000000,2.42
1749265980,2.35900000,2.18000000,2.42
1749265980,2.35000000,269.21000000,2.42
1749265980,2.34700000,4.66000000,2.42
1749265980,2.34600000,2.52000000,2.42
1749265980,2.34400000,34.83000000,2.42
1749265980,2.34300000,7.59000000,2.42
1749265980,2.34000000,4.00000000,2.42
1749265980,2.33500000,16.65000000,2.42
1749265980,2.33300000,2.85000000,2.42
1749265980,2.33200000,5.00000000,2.42
1749265980,2.32900000,2.52000000,2.42
1749265980,2.32700000,35.08000000,2.42
1749265980,2.32500000,54.83000000,2.42
1749265980,2.32400000,2.30000000,2.42
1749265980,2.32300000,2.18000000,2.42
1749265980,2.32000000,8.17000000,2.42
1749265980,2.31900000,144.07000000,2.42
1749265980,2.31500000,21.59000000,2.42
1749265980,2.31200000,2.52000000,2.42
1749265980,2.31100000,41.85000000,2.42
1749265980,2.31000000,100.00000000,2.42
1749265980,2.30900000,6.50000000,2.42
1749265980,2.30800000,2.25000000,2.42
1749265980,2.30700000,10.42000000,2.42
1749265980,2.30400000,2.48000000,2.42
1749265980,2.30000000,294.71000000,2.42
1749265980,2.29900000,4.35000000,2.42
1749265980,2.29700000,7.15000000,2.42
1749265980,2.29600000,7.59000000,2.42
1749265980,2.29500000,38.09000000,2.42
1749265980,2.28900000,14.47000000,2.42
1749265980,2.28700000,2.85000000,2.42
1749265980,2.28600000,13.26000000,2.42
1749265980,2.28000000,4.59000000,2.42
1749265980,2.27900000,35.82000000,2.42
1749265980,2.27800000,2.52000000,2.42
1749265980,2.27500000,32.95000000,2.42
1749265980,2.27300000,25.27000000,2.42
1749265980,2.27200000,13.05000000,2.42
1749265980,2.27000000,37.54000000,2.42
1749265980,2.26400000,219.30000000,2.42
1749265980,2.26300000,36.08000000,2.42
1749265980,2.26200000,9.32000000,2.42
1749265980,2.26100000,4.44000000,2.42
1749265980,2.26000000,92.52000000,2.42
1749265980,2.25900000,17.72000000,2.42
1749265980,2.25800000,4.43000000,2.42
1749265980,2.25700000,4.20000000,2.42
1749265980,2.25100000,244.32000000,2.42
1749266286,2.42100000,76.75000000,2.422
1749266286,2.42000000,1005.50000000,2.422
1749266286,2.41900000,2092.00000000,2.422
1749266286,2.41800000,3695.58000000,2.422
1749266286,2.41700000,3796.56000000,2.422
1749266286,2.41600000,2271.78000000,2.422
1749266286,2.41500000,1484.70000000,2.422
1749266286,2.41400000,2137.79000000,2.422
1749266286,2.41300000,1334.98000000,2.422
1749266286,2.41200000,1145.71000000,2.422
1749266286,2.41100000,1292.48000000,2.422
1749266286,2.41000000,872.57000000,2.422
1749266286,2.40900000,789.40000000,2.422
1749266286,2.40800000,2453.85000000,2.422
1749266286,2.40700000,489.79000000,2.422
1749266286,2.40600000,293.98000000,2.422
1749266286,2.40500000,267.37000000,2.422
1749266286,2.40400000,470.58000000,2.422
1749266286,2.40300000,516.85000000,2.422
1749266286,2.40200000,69.31000000,2.422
1749266286,2.40100000,273.97000000,2.422
1749266286,2.40000000,476.11000000,2.422
1749266286,2.39900000,65.16000000,2.422
1749266286,2.39800000,735.10000000,2.422
1749266286,2.39700000,102.13000000,2.422
1749266286,2.39600000,95.02000000,2.422
1749266286,2.39500000,96.82000000,2.422
1749266286,2.39400000,136.24000000,2.422
1749266286,2.39300000,673.90000000,2.422
1749266286,2.39200000,52.11000000,2.422
1749266286,2.39100000,1221.52000000,2.422
1749266286,2.39000000,74.16000000,2.422
1749266286,2.38900000,2211.89000000,2.422
1749266286,2.38800000,102.14000000,2.422
1749266286,2.38700000,109.83000000,2.422
1749266286,2.38600000,102.15000000,2.422
1749266286,2.38500000,3.15000000,2.422
1749266286,2.38400000,99.00000000,2.422
1749266286,2.38300000,2.18000000,2.422
1749266286,2.38200000,14.47000000,2.422
1749266286,2.38100000,382.43000000,2.422
1749266286,2.38000000,7.74000000,2.422
1749266286,2.37800000,350.61000000,2.422
1749266286,2.37700000,34.35000000,2.422
1749266286,2.37400000,10.10000000,2.422
1749266286,2.37100000,2.18000000,2.422
1749266286,2.37000000,1227.58000000,2.422
1749266286,2.36700000,7.59000000,2.422
1749266286,2.36400000,2.52000000,2.422
1749266286,2.36200000,26.26000000,2.422
1749266286,2.36000000,36.71000000,2.422
1749266286,2.35900000,2.18000000,2.422
1749266286,2.35000000,269.21000000,2.422
1749266286,2.34700000,4.66000000,2.422
1749266286,2.34600000,2.52000000,2.422
1749266286,2.34400000,34.83000000,2.422
1749266286,2.34300000,7.59000000,2.422
1749266286,2.34000000,4.00000000,2.422
1749266286,2.33500000,16.65000000,2.422
1749266286,2.33300000,2.85000000,2.422
1749266286,2.33200000,5.00000000,2.422
1749266286,2.33000000,19.28000000,2.422
1749266286,2.32900000,2.52000000,2.422
1749266286,2.32700000,35.08000000,2.422
1749266286,2.32500000,35.51000000,2.422
1749266286,2.32400000,2.30000000,2.422
1749266286,2.32300000,2.18000000,2.422
1749266286,2.32000000,8.17000000,2.422
1749266286,2.31900000,144.07000000,2.422
1749266286,2.31500000,21.59000000,2.422
1749266286,2.31200000,2.52000000,2.422
1749266286,2.31100000,41.85000000,2.422
1749266286,2.31000000,100.00000000,2.422
1749266286,2.30900000,6.50000000,2.422
1749266286,2.30800000,2.25000000,2.422
1749266286,2.30700000,10.42000000,2.422
1749266286,2.30400000,2.48000000,2.422
1749266286,2.30000000,297.05000000,2.422
1749266286,2.29900000,4.35000000,2.422
1749266286,2.29700000,7.15000000,2.422
1749266286,2.29600000,7.59000000,2.422
1749266286,2.29500000,38.09000000,2.422
1749266286,2.28900000,14.47000000,2.422
1749266286,2.28700000,2.85000000,2.422
1749266286,2.28600000,13.26000000,2.422
1749266286,2.28000000,4.59000000,2.422
1749266286,2.27900000,35.82000000,2.422
1749266286,2.27800000,2.52000000,2.422
1749266286,2.27500000,32.95000000,2.422
1749266286,2.27300000,25.27000000,2.422
1749266286,2.27200000,13.05000000,2.422
1749266286,2.27000000,37.54000000,2.422
1749266286,2.26400000,219.30000000,2.422
1749266286,2.26300000,36.08000000,2.422
1749266286,2.26200000,9.32000000,2.422
1749266286,2.26100000,4.44000000,2.422
1749266286,2.26000000,92.52000000,2.422
1749266286,2.25900000,17.72000000,2.422
1749266286,2.25800000,4.43000000,2.422
1749266286,2.25700000,4.20000000,2.422
1749266588,2.42000000,132.00000000,2.419
1749266588,2.41900000,1491.65000000,2.419
1749266588,2.41800000,2662.62000000,2.419
1749266588,2.41700000,3633.98000000,2.419
1749266588,2.41600000,2944.62000000,2.419
1749266588,2.41500000,1725.96000000,2.419
1749266588,2.41400000,741.48000000,2.419
1749266588,2.41300000,1158.44000000,2.419
1749266588,2.41200000,484.72000000,2.419
1749266588,2.41100000,116.36000000,2.419
1749266588,2.41000000,509.00000000,2.419
1749266588,2.40900000,2423.21000000,2.419
1749266588,2.40800000,440.75000000,2.419
1749266588,2.40700000,313.39000000,2.419
1749266588,2.40600000,457.35000000,2.419
1749266588,2.40500000,88.89000000,2.419
1749266588,2.40400000,3293.47000000,2.419
1749266588,2.40300000,381.15000000,2.419
1749266588,2.40200000,69.31000000,2.419
1749266588,2.40100000,276.06000000,2.419
1749266588,2.40000000,99.20000000,2.419
1749266588,2.39900000,77.74000000,2.419
1749266588,2.39800000,308.10000000,2.419
1749266588,2.39700000,102.13000000,2.419
1749266588,2.39600000,510.96000000,2.419
1749266588,2.39500000,302.79000000,2.419
1749266588,2.39400000,514.09000000,2.419
1749266588,2.39300000,623.23000000,2.419
1749266588,2.39200000,685.08000000,2.419
1749266588,2.39100000,802.97000000,2.419
1749266588,2.39000000,74.16000000,2.419
1749266588,2.38900000,75.48000000,2.419
1749266588,2.38800000,156.02000000,2.419
1749266588,2.38700000,93.26000000,2.419
1749266588,2.38600000,102.15000000,2.419
1749266588,2.38500000,2641.67000000,2.419
1749266588,2.38400000,99.00000000,2.419
1749266588,2.38300000,2.18000000,2.419
1749266588,2.38200000,14.47000000,2.419
1749266588,2.38100000,118.14000000,2.419
1749266588,2.38000000,7.74000000,2.419
1749266588,2.37800000,244.44000000,2.419
1749266588,2.37700000,34.35000000,2.419
1749266588,2.37600000,479.71000000,2.419
1749266588,2.37400000,10.10000000,2.419
1749266588,2.37300000,309.80000000,2.419
1749266588,2.37100000,2.18000000,2.419
1749266588,2.37000000,1227.58000000,2.419
1749266588,2.36700000,7.59000000,2.419
1749266588,2.36400000,2.52000000,2.419
1749266588,2.36200000,26.26000000,2.419
1749266588,2.36000000,36.71000000,2.419
1749266588,2.35900000,2.18000000,2.419
1749266588,2.35000000,269.21000000,2.419
1749266588,2.34700000,4.66000000,2.419
1749266588,2.34600000,2.52000000,2.419
1749266588,2.34400000,34.83000000,2.419
1749266588,2.34300000,7.59000000,2.419
1749266588,2.34000000,4.00000000,2.419
1749266588,2.33500000,11802.51000000,2.419
1749266588,2.33300000,2.85000000,2.419
1749266588,2.33200000,5.00000000,2.419
1749266588,2.32900000,2.52000000,2.419
1749266588,2.32700000,35.08000000,2.419
1749266588,2.32500000,54.83000000,2.419
1749266588,2.32400000,2.30000000,2.419
1749266588,2.32300000,2.18000000,2.419
1749266588,2.32000000,8.17000000,2.419
1749266588,2.31900000,144.07000000,2.419
1749266588,2.31500000,21.59000000,2.419
1749266588,2.31200000,2.52000000,2.419
1749266588,2.31100000,41.85000000,2.419
1749266588,2.31000000,100.00000000,2.419
1749266588,2.30900000,6.50000000,2.419
1749266588,2.30800000,2.25000000,2.419
1749266588,2.30700000,10.42000000,2.419
1749266588,2.30400000,2.48000000,2.419
1749266588,2.30000000,297.05000000,2.419
1749266588,2.29900000,4.35000000,2.419
1749266588,2.29700000,7.15000000,2.419
1749266588,2.29600000,7.59000000,2.419
1749266588,2.29500000,38.09000000,2.419
1749266588,2.28900000,14.47000000,2.419
1749266588,2.28700000,2.85000000,2.419
1749266588,2.28600000,13.26000000,2.419
1749266588,2.28000000,4.59000000,2.419
1749266588,2.27900000,35.82000000,2.419
1749266588,2.27800000,2.52000000,2.419
1749266588,2.27500000,32.95000000,2.419
1749266588,2.27300000,25.27000000,2.419
1749266588,2.27200000,13.05000000,2.419
1749266588,2.27000000,37.54000000,2.419
1749266588,2.26400000,219.30000000,2.419
1749266588,2.26300000,36.08000000,2.419
1749266588,2.26200000,9.32000000,2.419
1749266588,2.26100000,4.44000000,2.419
1749266588,2.26000000,92.52000000,2.419
1749266588,2.25900000,17.72000000,2.419
1749266588,2.25800000,4.43000000,2.419
1749266588,2.25700000,4.20000000,2.419
1749266890,2.42500000,99.00000000,2.424
1749266890,2.42400000,947.12000000,2.424
1749266890,2.42300000,1690.01000000,2.424
1749266890,2.42200000,1918.17000000,2.424
1749266890,2.42100000,3912.41000000,2.424
1749266890,2.42000000,2874.74000000,2.424
1749266890,2.41900000,1400.36000000,2.424
1749266890,2.41800000,1327.56000000,2.424
1749266890,2.41700000,772.24000000,2.424
1749266890,2.41600000,487.23000000,2.424
1749266890,2.41500000,1990.52000000,2.424
1749266890,2.41400000,1005.88000000,2.424
1749266890,2.41300000,857.75000000,2.424
1749266890,2.41200000,620.76000000,2.424
1749266890,2.41100000,1152.45000000,2.424
1749266890,2.41000000,2782.32000000,2.424
1749266890,2.40900000,369.80000000,2.424
1749266890,2.40800000,479.53000000,2.424
1749266890,2.40700000,313.39000000,2.424
1749266890,2.40600000,133.22000000,2.424
1749266890,2.40500000,88.89000000,2.424
1749266890,2.40400000,294.18000000,2.424
1749266890,2.40300000,205.64000000,2.424
1749266890,2.40200000,69.31000000,2.424
1749266890,2.40100000,700.97000000,2.424
1749266890,2.40000000,99.20000000,2.424
1749266890,2.39900000,958.91000000,2.424
1749266890,2.39800000,308.10000000,2.424
1749266890,2.39700000,102.13000000,2.424
1749266890,2.39600000,510.96000000,2.424
1749266890,2.39500000,302.79000000,2.424
1749266890,2.39400000,136.24000000,2.424
1749266890,2.39300000,155.91000000,2.424
1749266890,2.39200000,258.08000000,2.424
1749266890,2.39100000,1181.30000000,2.424
1749266890,2.39000000,2209.37000000,2.424
1749266890,2.38900000,75.48000000,2.424
1749266890,2.38800000,121.51000000,2.424
1749266890,2.38700000,93.26000000,2.424
1749266890,2.38600000,118.74000000,2.424
1749266890,2.38500000,102.15000000,2.424
1749266890,2.38300000,2.18000000,2.424
1749266890,2.38200000,14.47000000,2.424
1749266890,2.38100000,382.43000000,2.424
1749266890,2.38000000,2.85000000,2.424
1749266890,2.37800000,145.44000000,2.424
1749266890,2.37700000,34.35000000,2.424
1749266890,2.37600000,201.62000000,2.424
1749266890,2.37400000,10.10000000,2.424
1749266890,2.37100000,2.18000000,2.424
1749266890,2.37000000,1227.58000000,2.424
1749266890,2.36700000,7.59000000,2.424
1749266890,2.36400000,2.52000000,2.424
1749266890,2.36200000,26.26000000,2.424
1749266890,2.36000000,36.71000000,2.424
1749266890,2.35900000,2.18000000,2.424
1749266890,2.35000000,269.21000000,2.424
1749266890,2.34700000,4.66000000,2.424
1749266890,2.34600000,2.52000000,2.424
1749266890,2.34400000,34.83000000,2.424
1749266890,2.34300000,7.59000000,2.424
1749266890,2.34000000,4.00000000,2.424
1749266890,2.33500000,11802.51000000,2.424
1749266890,2.33300000,22.11000000,2.424
1749266890,2.33200000,5.00000000,2.424
1749266890,2.32900000,2.52000000,2.424
1749266890,2.32700000,35.08000000,2.424
1749266890,2.32500000,35.51000000,2.424
1749266890,2.32400000,2.30000000,2.424
1749266890,2.32300000,2.18000000,2.424
1749266890,2.32000000,8.17000000,2.424
1749266890,2.31900000,144.07000000,2.424
1749266890,2.31500000,21.59000000,2.424
1749266890,2.31200000,2.52000000,2.424
1749266890,2.31100000,41.85000000,2.424
1749266890,2.31000000,100.00000000,2.424
1749266890,2.30900000,6.50000000,2.424
1749266890,2.30800000,2.25000000,2.424
1749266890,2.30700000,10.42000000,2.424
1749266890,2.30400000,2.48000000,2.424
1749266890,2.30000000,297.05000000,2.424
1749266890,2.29900000,4.35000000,2.424
1749266890,2.29700000,7.15000000,2.424
1749266890,2.29600000,7.59000000,2.424
1749266890,2.29500000,38.09000000,2.424
1749266890,2.28900000,14.47000000,2.424
1749266890,2.28700000,2.85000000,2.424
1749266890,2.28600000,13.26000000,2.424
1749266890,2.28000000,4.59000000,2.424
1749266890,2.27900000,35.82000000,2.424
1749266890,2.27800000,2.52000000,2.424
1749266890,2.27500000,32.95000000,2.424
1749266890,2.27300000,25.27000000,2.424
1749266890,2.27200000,13.05000000,2.424
1749266890,2.27000000,37.54000000,2.424
1749266890,2.26400000,219.30000000,2.424
1749266890,2.26300000,36.08000000,2.424
1749266890,2.26200000,9.32000000,2.424
1749266890,2.26100000,4.44000000,2.424
1749266890,2.26000000,92.52000000,2.424
1749267191,2.42300000,73.80000000,2.425
1749267191,2.42200000,1149.49000000,2.425
1749267191,2.42100000,2117.11000000,2.425
1749267191,2.42000000,3738.47000000,2.425
1749267191,2.41900000,2704.83000000,2.425
1749267191,2.41800000,1445.83000000,2.425
1749267191,2.41700000,1334.88000000,2.425
1749267191,2.41600000,517.98000000,2.425
1749267191,2.41500000,152.01000000,2.425
1749267191,2.41400000,2301.33000000,2.425
1749267191,2.41300000,224.70000000,2.425
1749267191,2.41200000,442.69000000,2.425
1749267191,2.41100000,864.05000000,2.425
1749267191,2.41000000,565.22000000,2.425
1749267191,2.40900000,193.69000000,2.425
1749267191,2.40800000,2324.58000000,2.425
1749267191,2.40700000,313.39000000,2.425
1749267191,2.40600000,133.22000000,2.425
1749267191,2.40500000,88.89000000,2.425
1749267191,2.40400000,294.18000000,2.425
1749267191,2.40300000,205.64000000,2.425
1749267191,2.40200000,69.31000000,2.425
1749267191,2.40100000,273.97000000,2.425
1749267191,2.40000000,99.20000000,2.425
1749267191,2.39900000,581.85000000,2.425
1749267191,2.39800000,308.10000000,2.425
1749267191,2.39700000,529.13000000,2.425
1749267191,2.39600000,510.96000000,2.425
1749267191,2.39500000,302.79000000,2.425
1749267191,2.39400000,514.09000000,2.425
1749267191,2.39300000,155.91000000,2.425
1749267191,2.39200000,258.08000000,2.425
1749267191,2.39100000,802.97000000,2.425
1749267191,2.39000000,74.16000000,2.425
1749267191,2.38900000,2210.70000000,2.425
1749267191,2.38800000,102.14000000,2.425
1749267191,2.38700000,93.26000000,2.425
1749267191,2.38600000,102.15000000,2.425
1749267191,2.38500000,481.43000000,2.425
1749267191,2.38300000,2.18000000,2.425
1749267191,2.38200000,33.89000000,2.425
1749267191,2.38100000,382.43000000,2.425
1749267191,2.38000000,19.48000000,2.425
1749267191,2.37800000,145.44000000,2.425
1749267191,2.37700000,34.35000000,2.425
1749267191,2.37500000,218.50000000,2.425
1749267191,2.37400000,10.10000000,2.425
1749267191,2.37100000,2.18000000,2.425
1749267191,2.37000000,1227.58000000,2.425
1749267191,2.36700000,7.59000000,2.425
1749267191,2.36400000,2.52000000,2.425
1749267191,2.36200000,26.26000000,2.425
1749267191,2.36000000,36.71000000,2.425
1749267191,2.35900000,2.18000000,2.425
1749267191,2.35000000,269.21000000,2.425
1749267191,2.34700000,4.66000000,2.425
1749267191,2.34600000,2.52000000,2.425
1749267191,2.34400000,34.83000000,2.425
1749267191,2.34300000,7.59000000,2.425
1749267191,2.34000000,4.00000000,2.425
1749267191,2.33500000,11802.51000000,2.425
1749267191,2.33300000,22.11000000,2.425
1749267191,2.33200000,5.00000000,2.425
1749267191,2.32900000,2.52000000,2.425
1749267191,2.32700000,35.08000000,2.425
1749267191,2.32500000,35.51000000,2.425
1749267191,2.32400000,2.30000000,2.425
1749267191,2.32300000,2.18000000,2.425
1749267191,2.32000000,8.17000000,2.425
1749267191,2.31900000,144.07000000,2.425
1749267191,2.31500000,21.59000000,2.425
1749267191,2.31200000,2.52000000,2.425
1749267191,2.31100000,41.85000000,2.425
1749267191,2.31000000,100.00000000,2.425
1749267191,2.30900000,6.50000000,2.425
1749267191,2.30800000,2.25000000,2.425
1749267191,2.30700000,10.42000000,2.425
1749267191,2.30400000,2.48000000,2.425
1749267191,2.30000000,297.05000000,2.425
1749267191,2.29900000,4.35000000,2.425
1749267191,2.29700000,7.15000000,2.425
1749267191,2.29600000,7.59000000,2.425
1749267191,2.29500000,38.09000000,2.425
1749267191,2.28900000,14.47000000,2.425
1749267191,2.28700000,2.85000000,2.425
1749267191,2.28600000,13.26000000,2.425
1749267191,2.28000000,4.59000000,2.425
1749267191,2.27900000,35.82000000,2.425
1749267191,2.27800000,2.52000000,2.425
1749267191,2.27500000,32.95000000,2.425
1749267191,2.27300000,25.27000000,2.425
1749267191,2.27200000,13.05000000,2.425
1749267191,2.27000000,37.54000000,2.425
1749267191,2.26400000,219.30000000,2.425
1749267191,2.26300000,36.08000000,2.425
1749267191,2.26200000,9.32000000,2.425
1749267191,2.26100000,4.44000000,2.425
1749267191,2.26000000,92.52000000,2.425
1749267191,2.25900000,17.72000000,2.425
1749267191,2.25800000,4.43000000,2.425
1749267498,2.42400000,78.69000000,2.424
1749267498,2.42300000,1220.82000000,2.424
1749267498,2.42200000,3120.79000000,2.424
1749267498,2.42100000,2389.29000000,2.424
1749267498,2.42000000,4545.85000000,2.424
1749267498,2.41900000,1497.03000000,2.424
1749267498,2.41800000,1886.24000000,2.424
1749267498,2.41700000,481.18000000,2.424
1749267498,2.41600000,487.30000000,2.424
1749267498,2.41500000,741.99000000,2.424
1749267498,2.41400000,2207.19000000,2.424
1749267498,2.41300000,488.19000000,2.424
1749267498,2.41200000,1167.30000000,2.424
1749267498,2.41100000,463.42000000,2.424
1749267498,2.41000000,2698.23000000,2.424
1749267498,2.40900000,456.62000000,2.424
1749267498,2.40800000,479.79000000,2.424
1749267498,2.40700000,313.39000000,2.424
1749267498,2.40600000,133.22000000,2.424
1749267498,2.40500000,88.89000000,2.424
1749267498,2.40400000,294.18000000,2.424
1749267498,2.40300000,205.64000000,2.424
1749267498,2.40200000,69.31000000,2.424
1749267498,2.40100000,700.97000000,2.424
1749267498,2.40000000,99.20000000,2.424
1749267498,2.39900000,581.85000000,2.424
1749267498,2.39800000,308.10000000,2.424
1749267498,2.39700000,102.13000000,2.424
1749267498,2.39600000,510.96000000,2.424
1749267498,2.39500000,302.79000000,2.424
1749267498,2.39400000,514.09000000,2.424
1749267498,2.39300000,155.91000000,2.424
1749267498,2.39200000,258.08000000,2.424
1749267498,2.39100000,802.97000000,2.424
1749267498,2.39000000,2208.46000000,2.424
1749267498,2.38900000,75.48000000,2.424
1749267498,2.38800000,102.14000000,2.424
1749267498,2.38700000,93.26000000,2.424
1749267498,2.38600000,102.15000000,2.424
1749267498,2.38500000,481.43000000,2.424
1749267498,2.38300000,2.18000000,2.424
1749267498,2.38200000,33.89000000,2.424
1749267498,2.38100000,481.43000000,2.424
1749267498,2.38000000,19.48000000,2.424
1749267498,2.37800000,145.44000000,2.424
1749267498,2.37700000,34.35000000,2.424
1749267498,2.37500000,218.50000000,2.424
1749267498,2.37400000,10.10000000,2.424
1749267498,2.37100000,2.18000000,2.424
1749267498,2.37000000,1227.58000000,2.424
1749267498,2.36700000,7.59000000,2.424
1749267498,2.36400000,2.52000000,2.424
1749267498,2.36200000,26.26000000,2.424
1749267498,2.36000000,36.71000000,2.424
1749267498,2.35900000,2.18000000,2.424
1749267498,2.35000000,269.21000000,2.424
1749267498,2.34700000,4.66000000,2.424
1749267498,2.34600000,2.52000000,2.424
1749267498,2.34400000,34.83000000,2.424
1749267498,2.34300000,7.59000000,2.424
1749267498,2.34000000,4.00000000,2.424
1749267498,2.33500000,11802.51000000,2.424
1749267498,2.33300000,22.11000000,2.424
1749267498,2.33200000,5.00000000,2.424
1749267498,2.32900000,2.52000000,2.424
1749267498,2.32700000,35.08000000,2.424
1749267498,2.32500000,35.51000000,2.424
1749267498,2.32400000,2.30000000,2.424
1749267498,2.32300000,2.18000000,2.424
1749267498,2.32000000,8.17000000,2.424
1749267498,2.31900000,144.07000000,2.424
1749267498,2.31500000,21.59000000,2.424
1749267498,2.31200000,2.52000000,2.424
1749267498,2.31100000,41.85000000,2.424
1749267498,2.31000000,100.00000000,2.424
1749267498,2.30900000,6.50000000,2.424
1749267498,2.30800000,2.25000000,2.424
1749267498,2.30700000,10.42000000,2.424
1749267498,2.30400000,2.48000000,2.424
1749267498,2.30000000,297.05000000,2.424
1749267498,2.29900000,4.35000000,2.424
1749267498,2.29700000,7.15000000,2.424
1749267498,2.29600000,7.59000000,2.424
1749267498,2.29500000,38.09000000,2.424
1749267498,2.28900000,14.47000000,2.424
1749267498,2.28700000,2.85000000,2.424
1749267498,2.28600000,13.26000000,2.424
1749267498,2.28000000,4.59000000,2.424
1749267498,2.27900000,35.82000000,2.424
1749267498,2.27800000,2.52000000,2.424
1749267498,2.27500000,32.95000000,2.424
1749267498,2.27300000,25.27000000,2.424
1749267498,2.27200000,13.05000000,2.424
1749267498,2.27000000,37.54000000,2.424
1749267498,2.26400000,219.30000000,2.424
1749267498,2.26300000,36.08000000,2.424
1749267498,2.26200000,9.32000000,2.424
1749267498,2.26100000,4.44000000,2.424
1749267498,2.26000000,92.52000000,2.424
1749267498,2.25900000,17.72000000,2.424
1749267800,2.42600000,99.00000000,2.427
1749267800,2.42500000,3025.29000000,2.427
1749267800,2.42400000,1923.81000000,2.427
1749267800,2.42300000,2548.16000000,2.427
1749267800,2.42200000,4138.90000000,2.427
1749267800,2.42100000,1890.59000000,2.427
1749267800,2.42000000,1884.74000000,2.427
1749267800,2.41900000,353.81000000,2.427
1749267800,2.41800000,1175.39000000,2.427
1749267800,2.41700000,98.13000000,2.427
1749267800,2.41600000,1853.28000000,2.427
1749267800,2.41500000,708.41000000,2.427
1749267800,2.41400000,1260.94000000,2.427
1749267800,2.41300000,193.53000000,2.427
1749267800,2.41200000,2344.54000000,2.427
1749267800,2.41100000,287.16000000,2.427
1749267800,2.41000000,413.26000000,2.427
1749267800,2.40900000,794.99000000,2.427
1749267800,2.40800000,303.42000000,2.427
1749267800,2.40700000,313.39000000,2.427
1749267800,2.40600000,130.10000000,2.427
1749267800,2.40500000,85.77000000,2.427
1749267800,2.40400000,294.18000000,2.427
1749267800,2.40300000,813.89000000,2.427
1749267800,2.40200000,69.31000000,2.427
1749267800,2.40100000,700.97000000,2.427
1749267800,2.40000000,99.20000000,2.427
1749267800,2.39900000,958.91000000,2.427
1749267800,2.39800000,361.76000000,2.427
1749267800,2.39700000,102.13000000,2.427
1749267800,2.39600000,510.96000000,2.427
1749267800,2.39500000,302.79000000,2.427
1749267800,2.39400000,136.24000000,2.427
1749267800,2.39300000,102.14000000,2.427
1749267800,2.39200000,2391.43000000,2.427
1749267800,2.39100000,465.96000000,2.427
1749267800,2.39000000,74.16000000,2.427
1749267800,2.38900000,75.48000000,2.427
1749267800,2.38800000,121.51000000,2.427
1749267800,2.38700000,93.26000000,2.427
1749267800,2.38600000,115.59000000,2.427
1749267800,2.38300000,2.18000000,2.427
1749267800,2.38200000,14.47000000,2.427
1749267800,2.38100000,382.43000000,2.427
1749267800,2.38000000,2.85000000,2.427
1749267800,2.37800000,347.03000000,2.427
1749267800,2.37700000,34.35000000,2.427
1749267800,2.37400000,10.10000000,2.427
1749267800,2.37100000,2.18000000,2.427
1749267800,2.37000000,1227.58000000,2.427
1749267800,2.36700000,7.59000000,2.427
1749267800,2.36400000,2.52000000,2.427
1749267800,2.36200000,26.26000000,2.427
1749267800,2.36000000,36.71000000,2.427
1749267800,2.35900000,2.18000000,2.427
1749267800,2.35000000,269.21000000,2.427
1749267800,2.34700000,4.66000000,2.427
1749267800,2.34600000,2.52000000,2.427
1749267800,2.34400000,34.83000000,2.427
1749267800,2.34300000,7.59000000,2.427
1749267800,2.34000000,4.00000000,2.427
1749267800,2.33500000,11802.51000000,2.427
1749267800,2.33300000,22.11000000,2.427
1749267800,2.33200000,5.00000000,2.427
1749267800,2.32900000,2.52000000,2.427
1749267800,2.32700000,35.08000000,2.427
1749267800,2.32500000,35.51000000,2.427
1749267800,2.32400000,2.30000000,2.427
1749267800,2.32300000,2.18000000,2.427
1749267800,2.32000000,8.17000000,2.427
1749267800,2.31900000,144.07000000,2.427
1749267800,2.31500000,21.59000000,2.427
1749267800,2.31200000,2.52000000,2.427
1749267800,2.31100000,41.85000000,2.427
1749267800,2.31000000,100.00000000,2.427
1749267800,2.30900000,6.50000000,2.427
1749267800,2.30800000,2.25000000,2.427
1749267800,2.30700000,10.42000000,2.427
1749267800,2.30400000,2.48000000,2.427
1749267800,2.30000000,297.05000000,2.427
1749267800,2.29900000,4.35000000,2.427
1749267800,2.29700000,7.15000000,2.427
1749267800,2.29600000,7.59000000,2.427
1749267800,2.29500000,38.09000000,2.427
1749267800,2.28900000,14.47000000,2.427
1749267800,2.28700000,2.85000000,2.427
1749267800,2.28600000,13.26000000,2.427
1749267800,2.28000000,4.59000000,2.427
1749267800,2.27900000,35.82000000,2.427
1749267800,2.27800000,2.52000000,2.427
1749267800,2.27500000,32.95000000,2.427
1749267800,2.27300000,25.27000000,2.427
1749267800,2.27200000,13.05000000,2.427
1749267800,2.27000000,37.54000000,2.427
1749267800,2.26400000,219.30000000,2.427
1749267800,2.26300000,36.08000000,2.427
1749267800,2.26200000,9.32000000,2.427
1749267800,2.26100000,4.44000000,2.427
1749267800,2.26000000,92.52000000,2.427
1749267800,2.25900000,17.72000000,2.427
1749268101,2.43100000,99.00000000,2.432
1749268101,2.43000000,579.05000000,2.432
1749268101,2.42900000,867.59000000,2.432
1749268101,2.42800000,1464.01000000,2.432
1749268101,2.42700000,2386.20000000,2.432
1749268101,2.42600000,3474.01000000,2.432
1749268101,2.42500000,3599.05000000,2.432
1749268101,2.42400000,521.42000000,2.432
1749268101,2.42300000,763.79000000,2.432
1749268101,2.42200000,1591.10000000,2.432
1749268101,2.42100000,727.02000000,2.432
1749268101,2.42000000,594.72000000,2.432
1749268101,2.41900000,513.60000000,2.432
1749268101,2.41800000,2135.97000000,2.432
1749268101,2.41700000,610.52000000,2.432
1749268101,2.41600000,489.37000000,2.432
1749268101,2.41500000,2212.85000000,2.432
1749268101,2.41400000,723.43000000,2.432
1749268101,2.41300000,369.64000000,2.432
1749268101,2.41200000,481.35000000,2.432
1749268101,2.41100000,463.35000000,2.432
1749268101,2.41000000,589.37000000,2.432
1749268101,2.40900000,105.24000000,2.432
1749268101,2.40800000,476.41000000,2.432
1749268101,2.40700000,310.27000000,2.432
1749268101,2.40600000,557.10000000,2.432
1749268101,2.40500000,85.77000000,2.432
1749268101,2.40400000,294.18000000,2.432
1749268101,2.40300000,813.89000000,2.432
1749268101,2.40200000,69.31000000,2.432
1749268101,2.40100000,273.97000000,2.432
