timestamp,price,volume,current_price
1749254641,2.37600000,894.59000000,2.377
1749254641,2.37500000,1054.99000000,2.377
1749254641,2.37400000,3065.01000000,2.377
1749254641,2.37300000,4013.91000000,2.377
1749254641,2.37200000,3289.86000000,2.377
1749254641,2.37100000,969.15000000,2.377
1749254641,2.37000000,1906.98000000,2.377
1749254641,2.36900000,1670.57000000,2.377
1749254641,2.36800000,905.31000000,2.377
1749254641,2.36700000,704.20000000,2.377
1749254641,2.36600000,501.24000000,2.377
1749254641,2.36500000,648.42000000,2.377
1749254641,2.36400000,815.29000000,2.377
1749254641,2.36300000,1229.37000000,2.377
1749254641,2.36200000,321.72000000,2.377
1749254641,2.36100000,2280.92000000,2.377
1749254641,2.36000000,879.62000000,2.377
1749254641,2.35900000,284.29000000,2.377
1749254641,2.35800000,292.59000000,2.377
1749254641,2.35700000,488.19000000,2.377
1749254641,2.35600000,112.60000000,2.377
1749254641,2.35500000,102.17000000,2.377
1749254641,2.35400000,1046.57000000,2.377
1749254641,2.35300000,952.88000000,2.377
1749254641,2.35200000,105.33000000,2.377
1749254641,2.35100000,745.64000000,2.377
1749254641,2.35000000,1533.01000000,2.377
1749254641,2.34900000,112.18000000,2.377
1749254641,2.34800000,308.14000000,2.377
1749254641,2.34700000,103.66000000,2.377
1749254641,2.34600000,101.52000000,2.377
1749254641,2.34500000,320.28000000,2.377
1749254641,2.34400000,133.83000000,2.377
1749254641,2.34300000,2204.97000000,2.377
1749254641,2.34100000,115.89000000,2.377
1749254641,2.34000000,11767.86000000,2.377
1749254641,2.33900000,386.55000000,2.377
1749254641,2.33600000,99.00000000,2.377
1749254641,2.33500000,237.05000000,2.377
1749254641,2.33400000,99.00000000,2.377
1749254641,2.33300000,101.85000000,2.377
1749254641,2.33200000,5.00000000,2.377
1749254641,2.33000000,5.00000000,2.377
1749254641,2.32900000,2.52000000,2.377
1749254641,2.32700000,35.08000000,2.377
1749254641,2.32600000,133.00000000,2.377
1749254641,2.32500000,35.51000000,2.377
1749254641,2.32400000,2.30000000,2.377
1749254641,2.32300000,2.18000000,2.377
1749254641,2.31900000,144.07000000,2.377
1749254641,2.31500000,412.15000000,2.377
1749254641,2.31200000,2.52000000,2.377
1749254641,2.31100000,41.85000000,2.377
1749254641,2.31000000,100.00000000,2.377
1749254641,2.30900000,6.50000000,2.377
1749254641,2.30800000,2.25000000,2.377
1749254641,2.30700000,10.42000000,2.377
1749254641,2.30400000,2.48000000,2.377
1749254641,2.30200000,8.70000000,2.377
1749254641,2.30000000,285.15000000,2.377
1749254641,2.29700000,7.15000000,2.377
1749254641,2.29600000,7.59000000,2.377
1749254641,2.29500000,38.09000000,2.377
1749254641,2.28900000,14.47000000,2.377
1749254641,2.28700000,2.85000000,2.377
1749254641,2.28600000,19.66000000,2.377
1749254641,2.28000000,4.59000000,2.377
1749254641,2.27900000,35.82000000,2.377
1749254641,2.27800000,2.52000000,2.377
1749254641,2.27500000,32.95000000,2.377
1749254641,2.27300000,25.27000000,2.377
1749254641,2.27200000,13.05000000,2.377
1749254641,2.27000000,37.54000000,2.377
1749254641,2.26400000,219.30000000,2.377
1749254641,2.26300000,36.08000000,2.377
1749254641,2.26200000,9.32000000,2.377
1749254641,2.26100000,4.44000000,2.377
1749254641,2.26000000,92.52000000,2.377
1749254641,2.25900000,22.15000000,2.377
1749254641,2.25800000,4.43000000,2.377
1749254641,2.25700000,4.20000000,2.377
1749254641,2.25100000,244.32000000,2.377
1749254641,2.25000000,614.77000000,2.377
1749254641,2.24700000,36.33000000,2.377
1749254641,2.24500000,2.52000000,2.377
1749254641,2.24200000,240.33000000,2.377
1749254641,2.24100000,5.26000000,2.377
1749254641,2.24000000,120.00000000,2.377
1749254641,2.23800000,3.00000000,2.377
1749254641,2.23100000,38.85000000,2.377
1749254641,2.23000000,1024.29000000,2.377
1749254641,2.22900000,2.52000000,2.377
1749254641,2.22800000,319.33000000,2.377
1749254641,2.22700000,232.13000000,2.377
1749254641,2.22500000,138.04000000,2.377
1749254641,2.22200000,11.53000000,2.377
1749254641,2.22100000,113.78000000,2.377
1749254641,2.22000000,110.76000000,2.377
1749254641,2.21900000,8.94000000,2.377
1749254641,2.21600000,1504.51000000,2.377
1749254959,2.38100000,926.57000000,2.381
1749254959,2.38000000,1415.16000000,2.381
1749254959,2.37900000,1704.98000000,2.381
1749254959,2.37800000,3621.76000000,2.381
1749254959,2.37700000,3006.17000000,2.381
1749254959,2.37600000,1022.86000000,2.381
1749254959,2.37500000,699.54000000,2.381
1749254959,2.37400000,3440.06000000,2.381
1749254959,2.37300000,319.55000000,2.381
1749254959,2.37200000,1972.92000000,2.381
1749254959,2.37100000,401.39000000,2.381
1749254959,2.37000000,2415.59000000,2.381
1749254959,2.36900000,685.69000000,2.381
1749254959,2.36800000,483.42000000,2.381
1749254959,2.36700000,2492.91000000,2.381
1749254959,2.36600000,501.21000000,2.381
1749254959,2.36500000,591.60000000,2.381
1749254959,2.36400000,297.79000000,2.381
1749254959,2.36300000,525.17000000,2.381
1749254959,2.36200000,320.69000000,2.381
1749254959,2.36100000,281.84000000,2.381
1749254959,2.36000000,535.24000000,2.381
1749254959,2.35900000,284.29000000,2.381
1749254959,2.35800000,282.07000000,2.381
1749254959,2.35700000,735.14000000,2.381
1749254959,2.35600000,102.17000000,2.381
1749254959,2.35500000,156.81000000,2.381
1749254959,2.35400000,1034.73000000,2.381
1749254959,2.35300000,537.18000000,2.381
1749254959,2.35200000,105.33000000,2.381
1749254959,2.35100000,745.64000000,2.381
1749254959,2.35000000,1478.27000000,2.381
1749254959,2.34900000,112.18000000,2.381
1749254959,2.34800000,2481.97000000,2.381
1749254959,2.34700000,489.08000000,2.381
1749254959,2.34600000,101.52000000,2.381
1749254959,2.34500000,320.28000000,2.381
1749254959,2.34400000,133.83000000,2.381
1749254959,2.34300000,27.33000000,2.381
1749254959,2.34100000,115.89000000,2.381
1749254959,2.34000000,11767.86000000,2.381
1749254959,2.33600000,99.00000000,2.381
1749254959,2.33500000,237.05000000,2.381
1749254959,2.33300000,2.85000000,2.381
1749254959,2.33200000,5.00000000,2.381
1749254959,2.33000000,5.00000000,2.381
1749254959,2.32900000,2.52000000,2.381
1749254959,2.32800000,388.38000000,2.381
1749254959,2.32700000,35.08000000,2.381
1749254959,2.32600000,133.00000000,2.381
1749254959,2.32500000,35.51000000,2.381
1749254959,2.32400000,2.30000000,2.381
1749254959,2.32300000,2.18000000,2.381
1749254959,2.31900000,144.07000000,2.381
1749254959,2.31500000,21.59000000,2.381
1749254959,2.31200000,2.52000000,2.381
1749254959,2.31100000,41.85000000,2.381
1749254959,2.31000000,100.00000000,2.381
1749254959,2.30900000,6.50000000,2.381
1749254959,2.30800000,2.25000000,2.381
1749254959,2.30700000,10.42000000,2.381
1749254959,2.30400000,2.48000000,2.381
1749254959,2.30200000,8.70000000,2.381
1749254959,2.30000000,285.15000000,2.381
1749254959,2.29700000,7.15000000,2.381
1749254959,2.29600000,7.59000000,2.381
1749254959,2.29500000,38.09000000,2.381
1749254959,2.28900000,34.09000000,2.381
1749254959,2.28700000,2.85000000,2.381
1749254959,2.28000000,4.59000000,2.381
1749254959,2.27900000,35.82000000,2.381
1749254959,2.27800000,2.52000000,2.381
1749254959,2.27500000,32.95000000,2.381
1749254959,2.27300000,25.27000000,2.381
1749254959,2.27200000,13.05000000,2.381
1749254959,2.27000000,37.54000000,2.381
1749254959,2.26400000,219.30000000,2.381
1749254959,2.26300000,36.08000000,2.381
1749254959,2.26200000,9.32000000,2.381
1749254959,2.26100000,4.44000000,2.381
1749254959,2.26000000,92.52000000,2.381
1749254959,2.25900000,22.15000000,2.381
1749254959,2.25800000,4.43000000,2.381
1749254959,2.25700000,4.20000000,2.381
1749254959,2.25100000,244.32000000,2.381
1749254959,2.25000000,614.77000000,2.381
1749254959,2.24700000,36.33000000,2.381
1749254959,2.24500000,2.52000000,2.381
1749254959,2.24200000,240.33000000,2.381
1749254959,2.24100000,5.26000000,2.381
1749254959,2.24000000,120.00000000,2.381
1749254959,2.23800000,3.00000000,2.381
1749254959,2.23100000,38.85000000,2.381
1749254959,2.23000000,1024.29000000,2.381
1749254959,2.22900000,2.52000000,2.381
1749254959,2.22800000,319.33000000,2.381
1749254959,2.22700000,232.13000000,2.381
1749254959,2.22500000,138.04000000,2.381
1749254959,2.22200000,11.53000000,2.381
1749254959,2.22100000,113.78000000,2.381
