timestamp,price,volume,current_price
1749254742,0.12820000,8477.00000000,0.1282
1749254742,0.12810000,37958.00000000,0.1282
1749254742,0.12800000,75376.00000000,0.1282
1749254742,0.12790000,62107.00000000,0.1282
1749254742,0.12780000,13361.00000000,0.1282
1749254742,0.12770000,4739.00000000,0.1282
1749254742,0.12760000,15447.00000000,0.1282
1749254742,0.12750000,22126.00000000,0.1282
1749254742,0.12740000,16699.00000000,0.1282
1749254742,0.12730000,4743.00000000,0.1282
1749254742,0.12720000,3981.00000000,0.1282
1749254742,0.12710000,2653.00000000,0.1282
1749254742,0.12700000,2355.00000000,0.1282
1749254742,0.12690000,6126.00000000,0.1282
1749254742,0.12680000,2059.00000000,0.1282
1749254742,0.12670000,10729.00000000,0.1282
1749254742,0.12660000,1980.00000000,0.1282
1749254742,0.12650000,3968.00000000,0.1282
1749254742,0.12640000,2469.00000000,0.1282
1749254742,0.12630000,3217.00000000,0.1282
1749254742,0.12620000,6417.00000000,0.1282
1749254742,0.12610000,4333.00000000,0.1282
1749254742,0.12600000,2099.00000000,0.1282
1749254742,0.12590000,3044.00000000,0.1282
1749254742,0.12570000,1980.00000000,0.1282
1749254742,0.12560000,3572.00000000,0.1282
1749254742,0.12550000,9882.00000000,0.1282
1749254742,0.12540000,1980.00000000,0.1282
1749254742,0.12530000,43.00000000,0.1282
1749254742,0.12520000,2678.00000000,0.1282
1749254742,0.12510000,2953.00000000,0.1282
1749254742,0.12500000,814.00000000,0.1282
1749254742,0.12490000,2206.00000000,0.1282
1749254742,0.12480000,876.00000000,0.1282
1749254742,0.12470000,1980.00000000,0.1282
1749254742,0.12460000,138.00000000,0.1282
1749254742,0.12450000,80.00000000,0.1282
1749254742,0.12420000,81.00000000,0.1282
1749254742,0.12400000,125.00000000,0.1282
1749254742,0.12390000,131.00000000,0.1282
1749254742,0.12370000,2145.00000000,0.1282
1749254742,0.12340000,43.00000000,0.1282
1749254742,0.12330000,58.00000000,0.1282
1749254742,0.12310000,172.00000000,0.1282
1749254742,0.12280000,2338.00000000,0.1282
1749254742,0.12270000,1189.00000000,0.1282
1749254742,0.12260000,673.00000000,0.1282
1749254742,0.12250000,727.00000000,0.1282
1749254742,0.12220000,2968.00000000,0.1282
1749254742,0.12210000,142.00000000,0.1282
1749254742,0.12200000,869.00000000,0.1282
1749254742,0.12190000,1640.00000000,0.1282
1749254742,0.12160000,59.00000000,0.1282
1749254742,0.12150000,1330.00000000,0.1282
1749254742,0.12120000,289.00000000,0.1282
1749254742,0.12110000,175.00000000,0.1282
1749254742,0.12100000,43.00000000,0.1282
1749254742,0.12080000,199.00000000,0.1282
1749254742,0.12050000,271.00000000,0.1282
1749254742,0.12040000,673.00000000,0.1282
1749254742,0.12020000,115.00000000,0.1282
1749254742,0.12000000,8176.00000000,0.1282
1749254742,0.11990000,526.00000000,0.1282
1749254742,0.11960000,43.00000000,0.1282
1749254742,0.11950000,345.00000000,0.1282
1749254742,0.11930000,1524.00000000,0.1282
1749254742,0.11910000,84.00000000,0.1282
1749254742,0.11900000,4282.00000000,0.1282
1749254742,0.11890000,84.00000000,0.1282
1749254742,0.11880000,420.00000000,0.1282
1749254742,0.11870000,165.00000000,0.1282
1749254742,0.11860000,421.00000000,0.1282
1749254742,0.11830000,12208.00000000,0.1282
1749254742,0.11820000,179.00000000,0.1282
1749254742,0.11800000,84.00000000,0.1282
1749254742,0.11780000,89.00000000,0.1282
1749254742,0.11760000,228.00000000,0.1282
1749254742,0.11750000,165.00000000,0.1282
1749254742,0.11740000,12951.00000000,0.1282
1749254742,0.11700000,43.00000000,0.1282
1749254742,0.11680000,85.00000000,0.1282
1749254742,0.11660000,351.00000000,0.1282
1749254742,0.11640000,6333.00000000,0.1282
1749254742,0.11630000,59.00000000,0.1282
1749254742,0.11620000,1478.00000000,0.1282
1749254742,0.11610000,10392.00000000,0.1282
1749254742,0.11600000,84.00000000,0.1282
1749254742,0.11590000,48.00000000,0.1282
1749254742,0.11560000,72.00000000,0.1282
1749254742,0.11530000,192.00000000,0.1282
1749254742,0.11520000,87.00000000,0.1282
1749254742,0.11500000,70887.00000000,0.1282
1749254742,0.11430000,936.00000000,0.1282
1749254742,0.11420000,673.00000000,0.1282
1749254742,0.11410000,1664.00000000,0.1282
1749254742,0.11400000,128.00000000,0.1282
1749254742,0.11390000,438.00000000,0.1282
1749254742,0.11370000,3272.00000000,0.1282
1749254742,0.11350000,4604.00000000,0.1282
1749254742,0.11330000,1642.00000000,0.1282
1749255072,0.12830000,1980.00000000,0.1283
1749255072,0.12820000,39889.00000000,0.1283
1749255072,0.12810000,32866.00000000,0.1283
1749255072,0.12800000,91978.00000000,0.1283
1749255072,0.12790000,20296.00000000,0.1283
1749255072,0.12780000,13701.00000000,0.1283
1749255072,0.12770000,7114.00000000,0.1283
1749255072,0.12760000,20907.00000000,0.1283
1749255072,0.12750000,4905.00000000,0.1283
1749255072,0.12740000,16698.00000000,0.1283
1749255072,0.12730000,4742.00000000,0.1283
1749255072,0.12720000,3787.00000000,0.1283
1749255072,0.12710000,2653.00000000,0.1283
1749255072,0.12700000,9966.00000000,0.1283
1749255072,0.12690000,6126.00000000,0.1283
1749255072,0.12680000,2059.00000000,0.1283
1749255072,0.12670000,10640.00000000,0.1283
1749255072,0.12660000,1980.00000000,0.1283
1749255072,0.12650000,2023.00000000,0.1283
1749255072,0.12640000,4794.00000000,0.1283
1749255072,0.12630000,3217.00000000,0.1283
1749255072,0.12620000,6417.00000000,0.1283
1749255072,0.12610000,1980.00000000,0.1283
1749255072,0.12600000,2099.00000000,0.1283
1749255072,0.12590000,3044.00000000,0.1283
1749255072,0.12570000,9780.00000000,0.1283
1749255072,0.12560000,5934.00000000,0.1283
1749255072,0.12550000,2082.00000000,0.1283
1749255072,0.12540000,1980.00000000,0.1283
1749255072,0.12530000,43.00000000,0.1283
1749255072,0.12520000,308.00000000,0.1283
1749255072,0.12510000,2953.00000000,0.1283
1749255072,0.12500000,814.00000000,0.1283
1749255072,0.12490000,2206.00000000,0.1283
1749255072,0.12480000,876.00000000,0.1283
1749255072,0.12470000,1980.00000000,0.1283
1749255072,0.12460000,138.00000000,0.1283
1749255072,0.12450000,80.00000000,0.1283
1749255072,0.12420000,81.00000000,0.1283
1749255072,0.12400000,125.00000000,0.1283
1749255072,0.12390000,131.00000000,0.1283
1749255072,0.12370000,2145.00000000,0.1283
1749255072,0.12340000,43.00000000,0.1283
1749255072,0.12330000,58.00000000,0.1283
1749255072,0.12310000,1542.00000000,0.1283
1749255072,0.12280000,964.00000000,0.1283
1749255072,0.12270000,1189.00000000,0.1283
1749255072,0.12260000,673.00000000,0.1283
1749255072,0.12250000,727.00000000,0.1283
1749255072,0.12220000,2968.00000000,0.1283
1749255072,0.12210000,142.00000000,0.1283
1749255072,0.12200000,869.00000000,0.1283
1749255072,0.12190000,1640.00000000,0.1283
1749255072,0.12160000,59.00000000,0.1283
1749255072,0.12150000,1330.00000000,0.1283
1749255072,0.12120000,289.00000000,0.1283
1749255072,0.12110000,175.00000000,0.1283
1749255072,0.12100000,43.00000000,0.1283
1749255072,0.12080000,199.00000000,0.1283
1749255072,0.12050000,271.00000000,0.1283
1749255072,0.12040000,673.00000000,0.1283
1749255072,0.12020000,115.00000000,0.1283
1749255072,0.12000000,8176.00000000,0.1283
1749255072,0.11990000,526.00000000,0.1283
1749255072,0.11960000,43.00000000,0.1283
1749255072,0.11950000,345.00000000,0.1283
1749255072,0.11930000,1524.00000000,0.1283
1749255072,0.11910000,84.00000000,0.1283
1749255072,0.11900000,4282.00000000,0.1283
1749255072,0.11890000,84.00000000,0.1283
1749255072,0.11880000,420.00000000,0.1283
1749255072,0.11870000,165.00000000,0.1283
1749255072,0.11860000,421.00000000,0.1283
1749255072,0.11830000,12208.00000000,0.1283
1749255072,0.11820000,179.00000000,0.1283
1749255072,0.11800000,84.00000000,0.1283
1749255072,0.11780000,89.00000000,0.1283
1749255072,0.11760000,228.00000000,0.1283
1749255072,0.11750000,165.00000000,0.1283
1749255072,0.11740000,12951.00000000,0.1283
1749255072,0.11700000,43.00000000,0.1283
1749255072,0.11680000,85.00000000,0.1283
1749255072,0.11660000,351.00000000,0.1283
1749255072,0.11640000,6333.00000000,0.1283
1749255072,0.11630000,59.00000000,0.1283
1749255072,0.11620000,1478.00000000,0.1283
1749255072,0.11610000,10392.00000000,0.1283
1749255072,0.11600000,84.00000000,0.1283
1749255072,0.11590000,48.00000000,0.1283
1749255072,0.11570000,86.00000000,0.1283
1749255072,0.11560000,72.00000000,0.1283
1749255072,0.11530000,192.00000000,0.1283
1749255072,0.11520000,87.00000000,0.1283
1749255072,0.11500000,70887.00000000,0.1283
1749255072,0.11430000,936.00000000,0.1283
1749255072,0.11420000,673.00000000,0.1283
1749255072,0.11410000,788.00000000,0.1283
1749255072,0.11400000,128.00000000,0.1283
1749255072,0.11390000,438.00000000,0.1283
1749255072,0.11370000,3272.00000000,0.1283
