timestamp,price,volume,current_price
1749258477,0.12960000,3024.00000000,0.1296
1749258477,0.12950000,42862.00000000,0.1296
1749258477,0.12940000,48750.00000000,0.1296
1749258477,0.12930000,60843.00000000,0.1296
1749258477,0.12920000,50124.00000000,0.1296
1749258477,0.12910000,32890.00000000,0.1296
1749258477,0.12900000,14817.00000000,0.1296
1749258477,0.12890000,17267.00000000,0.1296
1749258477,0.12880000,12941.00000000,0.1296
1749258477,0.12870000,5193.00000000,0.1296
1749258477,0.12860000,7637.00000000,0.1296
1749258477,0.12850000,23113.00000000,0.1296
1749258477,0.12840000,2023.00000000,0.1296
1749258477,0.12830000,17164.00000000,0.1296
1749258477,0.12820000,14344.00000000,0.1296
1749258477,0.12810000,8703.00000000,0.1296
1749258477,0.12800000,6013.00000000,0.1296
1749258477,0.12790000,2204.00000000,0.1296
1749258477,0.12780000,8647.00000000,0.1296
1749258477,0.12770000,1980.00000000,0.1296
1749258477,0.12760000,2605.00000000,0.1296
1749258477,0.12750000,10472.00000000,0.1296
1749258477,0.12730000,1980.00000000,0.1296
1749258477,0.12720000,3034.00000000,0.1296
1749258477,0.12710000,2653.00000000,0.1296
1749258477,0.12700000,2147.00000000,0.1296
1749258477,0.12690000,1980.00000000,0.1296
1749258477,0.12680000,2059.00000000,0.1296
1749258477,0.12660000,1980.00000000,0.1296
1749258477,0.12650000,2023.00000000,0.1296
1749258477,0.12640000,2104.00000000,0.1296
1749258477,0.12630000,2904.00000000,0.1296
1749258477,0.12620000,165.00000000,0.1296
1749258477,0.12600000,119.00000000,0.1296
1749258477,0.12590000,43.00000000,0.1296
1749258477,0.12560000,3572.00000000,0.1296
1749258477,0.12530000,43.00000000,0.1296
1749258477,0.12520000,308.00000000,0.1296
1749258477,0.12510000,2953.00000000,0.1296
1749258477,0.12500000,814.00000000,0.1296
1749258477,0.12490000,2206.00000000,0.1296
1749258477,0.12480000,876.00000000,0.1296
1749258477,0.12460000,138.00000000,0.1296
1749258477,0.12450000,7880.00000000,0.1296
1749258477,0.12420000,1440.00000000,0.1296
1749258477,0.12400000,125.00000000,0.1296
1749258477,0.12390000,131.00000000,0.1296
1749258477,0.12370000,165.00000000,0.1296
1749258477,0.12340000,3011.00000000,0.1296
1749258477,0.12330000,58.00000000,0.1296
1749258477,0.12310000,172.00000000,0.1296
1749258477,0.12280000,882.00000000,0.1296
1749258477,0.12270000,1189.00000000,0.1296
1749258477,0.12260000,673.00000000,0.1296
1749258477,0.12250000,809.00000000,0.1296
1749258477,0.12210000,142.00000000,0.1296
1749258477,0.12200000,869.00000000,0.1296
1749258477,0.12190000,1640.00000000,0.1296
1749258477,0.12160000,59.00000000,0.1296
1749258477,0.12150000,1330.00000000,0.1296
1749258477,0.12120000,289.00000000,0.1296
1749258477,0.12110000,175.00000000,0.1296
1749258477,0.12100000,43.00000000,0.1296
1749258477,0.12080000,199.00000000,0.1296
1749258477,0.12050000,271.00000000,0.1296
1749258477,0.12040000,673.00000000,0.1296
1749258477,0.12020000,115.00000000,0.1296
1749258477,0.12000000,8176.00000000,0.1296
1749258477,0.11990000,526.00000000,0.1296
1749258477,0.11960000,43.00000000,0.1296
1749258477,0.11950000,345.00000000,0.1296
1749258477,0.11930000,1524.00000000,0.1296
1749258477,0.11910000,84.00000000,0.1296
1749258477,0.11900000,4282.00000000,0.1296
1749258477,0.11890000,84.00000000,0.1296
1749258477,0.11880000,420.00000000,0.1296
1749258477,0.11870000,165.00000000,0.1296
1749258477,0.11860000,421.00000000,0.1296
1749258477,0.11830000,12208.00000000,0.1296
1749258477,0.11820000,179.00000000,0.1296
1749258477,0.11800000,84.00000000,0.1296
1749258477,0.11780000,89.00000000,0.1296
1749258477,0.11760000,228.00000000,0.1296
1749258477,0.11750000,4617.00000000,0.1296
1749258477,0.11740000,12951.00000000,0.1296
1749258477,0.11700000,43.00000000,0.1296
1749258477,0.11680000,85.00000000,0.1296
1749258477,0.11660000,539.00000000,0.1296
1749258477,0.11640000,1881.00000000,0.1296
1749258477,0.11630000,59.00000000,0.1296
1749258477,0.11620000,1478.00000000,0.1296
1749258477,0.11610000,10392.00000000,0.1296
1749258477,0.11600000,84.00000000,0.1296
1749258477,0.11590000,48.00000000,0.1296
1749258477,0.11570000,86.00000000,0.1296
1749258477,0.11560000,72.00000000,0.1296
1749258477,0.11520000,87.00000000,0.1296
1749258477,0.11500000,70887.00000000,0.1296
1749258477,0.11430000,936.00000000,0.1296
1749258477,0.11420000,673.00000000,0.1296
1749258838,0.12960000,39159.00000000,0.1297
1749258838,0.12950000,39065.00000000,0.1297
1749258838,0.12940000,90989.00000000,0.1297
1749258838,0.12930000,18503.00000000,0.1297
1749258838,0.12920000,6796.00000000,0.1297
1749258838,0.12910000,31349.00000000,0.1297
1749258838,0.12900000,27571.00000000,0.1297
1749258838,0.12890000,11870.00000000,0.1297
1749258838,0.12880000,7939.00000000,0.1297
1749258838,0.12870000,2738.00000000,0.1297
1749258838,0.12860000,5266.00000000,0.1297
1749258838,0.12850000,21730.00000000,0.1297
1749258838,0.12840000,2215.00000000,0.1297
1749258838,0.12830000,23304.00000000,0.1297
1749258838,0.12820000,8400.00000000,0.1297
1749258838,0.12810000,8703.00000000,0.1297
1749258838,0.12800000,6205.00000000,0.1297
1749258838,0.12790000,2204.00000000,0.1297
1749258838,0.12780000,8839.00000000,0.1297
1749258838,0.12770000,1980.00000000,0.1297
1749258838,0.12760000,2797.00000000,0.1297
1749258838,0.12750000,11481.00000000,0.1297
1749258838,0.12730000,1980.00000000,0.1297
1749258838,0.12720000,2023.00000000,0.1297
1749258838,0.12710000,2653.00000000,0.1297
1749258838,0.12700000,2147.00000000,0.1297
1749258838,0.12690000,1980.00000000,0.1297
1749258838,0.12680000,2059.00000000,0.1297
1749258838,0.12660000,1980.00000000,0.1297
1749258838,0.12650000,2023.00000000,0.1297
1749258838,0.12640000,2104.00000000,0.1297
1749258838,0.12630000,2904.00000000,0.1297
1749258838,0.12620000,165.00000000,0.1297
1749258838,0.12600000,119.00000000,0.1297
1749258838,0.12590000,43.00000000,0.1297
1749258838,0.12560000,3572.00000000,0.1297
1749258838,0.12530000,43.00000000,0.1297
1749258838,0.12520000,308.00000000,0.1297
1749258838,0.12510000,2953.00000000,0.1297
1749258838,0.12500000,814.00000000,0.1297
1749258838,0.12490000,2206.00000000,0.1297
1749258838,0.12480000,876.00000000,0.1297
1749258838,0.12470000,1980.00000000,0.1297
1749258838,0.12460000,138.00000000,0.1297
1749258838,0.12450000,80.00000000,0.1297
1749258838,0.12440000,1357.00000000,0.1297
1749258838,0.12430000,7800.00000000,0.1297
1749258838,0.12420000,81.00000000,0.1297
1749258838,0.12400000,125.00000000,0.1297
1749258838,0.12390000,131.00000000,0.1297
1749258838,0.12370000,165.00000000,0.1297
1749258838,0.12340000,3011.00000000,0.1297
1749258838,0.12330000,58.00000000,0.1297
1749258838,0.12310000,172.00000000,0.1297
1749258838,0.12280000,882.00000000,0.1297
1749258838,0.12270000,1189.00000000,0.1297
1749258838,0.12260000,673.00000000,0.1297
1749258838,0.12250000,809.00000000,0.1297
1749258838,0.12210000,142.00000000,0.1297
1749258838,0.12200000,869.00000000,0.1297
1749258838,0.12190000,1640.00000000,0.1297
1749258838,0.12160000,59.00000000,0.1297
1749258838,0.12150000,1330.00000000,0.1297
1749258838,0.12120000,289.00000000,0.1297
1749258838,0.12110000,175.00000000,0.1297
1749258838,0.12100000,43.00000000,0.1297
1749258838,0.12080000,199.00000000,0.1297
1749258838,0.12050000,271.00000000,0.1297
1749258838,0.12040000,673.00000000,0.1297
1749258838,0.12020000,115.00000000,0.1297
1749258838,0.12000000,8176.00000000,0.1297
1749258838,0.11990000,526.00000000,0.1297
1749258838,0.11960000,43.00000000,0.1297
1749258838,0.11950000,345.00000000,0.1297
1749258838,0.11930000,1524.00000000,0.1297
1749258838,0.11910000,84.00000000,0.1297
1749258838,0.11900000,4282.00000000,0.1297
1749258838,0.11890000,84.00000000,0.1297
1749258838,0.11880000,420.00000000,0.1297
1749258838,0.11870000,165.00000000,0.1297
1749258838,0.11860000,421.00000000,0.1297
1749258838,0.11830000,12208.00000000,0.1297
1749258838,0.11820000,179.00000000,0.1297
1749258838,0.11800000,84.00000000,0.1297
1749258838,0.11780000,89.00000000,0.1297
1749258838,0.11760000,228.00000000,0.1297
1749258838,0.11750000,4617.00000000,0.1297
1749258838,0.11740000,12951.00000000,0.1297
1749258838,0.11700000,43.00000000,0.1297
1749258838,0.11680000,85.00000000,0.1297
1749258838,0.11660000,351.00000000,0.1297
1749258838,0.11650000,188.00000000,0.1297
1749258838,0.11640000,1881.00000000,0.1297
1749258838,0.11630000,59.00000000,0.1297
1749258838,0.11620000,1478.00000000,0.1297
1749258838,0.11610000,10392.00000000,0.1297
1749258838,0.11600000,84.00000000,0.1297
1749258838,0.11590000,48.00000000,0.1297
1749258838,0.11570000,86.00000000,0.1297
1749258838,0.11560000,72.00000000,0.1297
1749259145,0.12970000,1980.00000000,0.1297
1749259145,0.12960000,30469.00000000,0.1297
1749259145,0.12950000,53905.00000000,0.1297
1749259145,0.12940000,88423.00000000,0.1297
1749259145,0.12930000,10010.00000000,0.1297
1749259145,0.12920000,4681.00000000,0.1297
1749259145,0.12910000,45624.00000000,0.1297
1749259145,0.12900000,28445.00000000,0.1297
1749259145,0.12890000,8054.00000000,0.1297
1749259145,0.12880000,13169.00000000,0.1297
1749259145,0.12870000,2738.00000000,0.1297
1749259145,0.12860000,7011.00000000,0.1297
1749259145,0.12850000,7588.00000000,0.1297
1749259145,0.12840000,2215.00000000,0.1297
1749259145,0.12830000,22088.00000000,0.1297
1749259145,0.12820000,6107.00000000,0.1297
1749259145,0.12810000,15344.00000000,0.1297
1749259145,0.12800000,10481.00000000,0.1297
1749259145,0.12790000,8683.00000000,0.1297
1749259145,0.12780000,8839.00000000,0.1297
1749259145,0.12770000,1980.00000000,0.1297
1749259145,0.12760000,2797.00000000,0.1297
1749259145,0.12750000,10472.00000000,0.1297
1749259145,0.12730000,1980.00000000,0.1297
1749259145,0.12720000,3034.00000000,0.1297
1749259145,0.12710000,2653.00000000,0.1297
1749259145,0.12700000,2147.00000000,0.1297
1749259145,0.12690000,1980.00000000,0.1297
1749259145,0.12680000,2059.00000000,0.1297
1749259145,0.12660000,1980.00000000,0.1297
1749259145,0.12650000,2023.00000000,0.1297
1749259145,0.12640000,2104.00000000,0.1297
1749259145,0.12630000,2904.00000000,0.1297
1749259145,0.12620000,165.00000000,0.1297
1749259145,0.12600000,119.00000000,0.1297
1749259145,0.12590000,43.00000000,0.1297
1749259145,0.12560000,3572.00000000,0.1297
1749259145,0.12530000,43.00000000,0.1297
1749259145,0.12520000,308.00000000,0.1297
1749259145,0.12510000,2953.00000000,0.1297
1749259145,0.12500000,814.00000000,0.1297
1749259145,0.12490000,2206.00000000,0.1297
1749259145,0.12480000,876.00000000,0.1297
1749259145,0.12470000,1980.00000000,0.1297
1749259145,0.12460000,138.00000000,0.1297
1749259145,0.12450000,80.00000000,0.1297
1749259145,0.12440000,9157.00000000,0.1297
1749259145,0.12420000,81.00000000,0.1297
1749259145,0.12400000,125.00000000,0.1297
1749259145,0.12390000,131.00000000,0.1297
1749259145,0.12370000,3133.00000000,0.1297
1749259145,0.12340000,43.00000000,0.1297
1749259145,0.12330000,58.00000000,0.1297
1749259145,0.12310000,172.00000000,0.1297
1749259145,0.12280000,882.00000000,0.1297
1749259145,0.12270000,1189.00000000,0.1297
1749259145,0.12260000,673.00000000,0.1297
1749259145,0.12250000,809.00000000,0.1297
1749259145,0.12210000,142.00000000,0.1297
1749259145,0.12200000,869.00000000,0.1297
1749259145,0.12190000,1640.00000000,0.1297
1749259145,0.12160000,59.00000000,0.1297
1749259145,0.12150000,1330.00000000,0.1297
1749259145,0.12120000,289.00000000,0.1297
1749259145,0.12110000,175.00000000,0.1297
1749259145,0.12100000,43.00000000,0.1297
1749259145,0.12080000,199.00000000,0.1297
1749259145,0.12050000,271.00000000,0.1297
1749259145,0.12040000,673.00000000,0.1297
1749259145,0.12020000,115.00000000,0.1297
1749259145,0.12000000,8176.00000000,0.1297
1749259145,0.11990000,526.00000000,0.1297
1749259145,0.11960000,43.00000000,0.1297
1749259145,0.11950000,345.00000000,0.1297
1749259145,0.11930000,1524.00000000,0.1297
1749259145,0.11910000,84.00000000,0.1297
1749259145,0.11900000,4282.00000000,0.1297
1749259145,0.11890000,84.00000000,0.1297
1749259145,0.11880000,420.00000000,0.1297
1749259145,0.11870000,165.00000000,0.1297
1749259145,0.11860000,421.00000000,0.1297
1749259145,0.11830000,12208.00000000,0.1297
1749259145,0.11820000,179.00000000,0.1297
1749259145,0.11800000,84.00000000,0.1297
1749259145,0.11790000,4452.00000000,0.1297
1749259145,0.11780000,89.00000000,0.1297
1749259145,0.11760000,228.00000000,0.1297
1749259145,0.11750000,165.00000000,0.1297
1749259145,0.11740000,12951.00000000,0.1297
1749259145,0.11700000,43.00000000,0.1297
1749259145,0.11680000,85.00000000,0.1297
1749259145,0.11660000,351.00000000,0.1297
1749259145,0.11650000,188.00000000,0.1297
1749259145,0.11640000,1881.00000000,0.1297
1749259145,0.11630000,59.00000000,0.1297
1749259145,0.11620000,1478.00000000,0.1297
1749259145,0.11610000,10392.00000000,0.1297
1749259145,0.11600000,84.00000000,0.1297
1749259145,0.11590000,48.00000000,0.1297
1749259145,0.11570000,86.00000000,0.1297
