timestamp,price,volume,current_price
1749260675,394.50000000,22.84600000,394.6
1749260675,394.40000000,28.79300000,394.6
1749260675,394.30000000,66.33500000,394.6
1749260675,394.20000000,70.44900000,394.6
1749260675,394.10000000,59.25900000,394.6
1749260675,394.00000000,30.26300000,394.6
1749260675,393.90000000,61.53200000,394.6
1749260675,393.80000000,25.18500000,394.6
1749260675,393.70000000,12.84000000,394.6
1749260675,393.60000000,11.73500000,394.6
1749260675,393.50000000,28.30800000,394.6
1749260675,393.40000000,7.52400000,394.6
1749260675,393.30000000,9.40600000,394.6
1749260675,393.20000000,3.47200000,394.6
1749260675,393.10000000,5.50100000,394.6
1749260675,393.00000000,13.12300000,394.6
1749260675,392.90000000,8.21800000,394.6
1749260675,392.80000000,3.45300000,394.6
1749260675,392.70000000,67.01600000,394.6
1749260675,392.60000000,4.27800000,394.6
1749260675,392.50000000,9.02200000,394.6
1749260675,392.40000000,90.77600000,394.6
1749260675,392.30000000,2.55600000,394.6
1749260675,392.20000000,15.19500000,394.6
1749260675,392.10000000,117.86300000,394.6
1749260675,392.00000000,0.71600000,394.6
1749260675,391.90000000,3.15100000,394.6
1749260675,391.80000000,6.57400000,394.6
1749260675,391.70000000,0.04400000,394.6
1749260675,391.60000000,143.37100000,394.6
1749260675,391.50000000,2.91900000,394.6
1749260675,391.40000000,4.03500000,394.6
1749260675,391.30000000,3.17900000,394.6
1749260675,391.20000000,2.07200000,394.6
1749260675,391.10000000,0.34200000,394.6
1749260675,391.00000000,12.91800000,394.6
1749260675,390.90000000,2.53500000,394.6
1749260675,390.80000000,0.28600000,394.6
1749260675,390.70000000,2.56100000,394.6
1749260675,390.60000000,2.07400000,394.6
1749260675,390.50000000,0.09900000,394.6
1749260675,390.40000000,111.08900000,394.6
1749260675,390.30000000,0.04400000,394.6
1749260675,390.20000000,2.05800000,394.6
1749260675,390.10000000,4.28700000,394.6
1749260675,390.00000000,17.78900000,394.6
1749260675,389.90000000,0.81300000,394.6
1749260675,389.80000000,0.06900000,394.6
1749260675,389.70000000,2.54000000,394.6
1749260675,389.60000000,0.02600000,394.6
1749260675,389.50000000,0.09200000,394.6
1749260675,389.40000000,0.02600000,394.6
1749260675,389.30000000,0.04500000,394.6
1749260675,389.20000000,7.45100000,394.6
1749260675,389.10000000,2.54000000,394.6
1749260675,389.00000000,0.98800000,394.6
1749260675,388.90000000,0.04300000,394.6
1749260675,388.80000000,0.02600000,394.6
1749260675,388.70000000,0.08600000,394.6
1749260675,388.60000000,0.05100000,394.6
1749260675,388.50000000,0.04700000,394.6
1749260675,388.40000000,68.34900000,394.6
1749260675,388.30000000,0.05000000,394.6
1749260675,388.20000000,0.02600000,394.6
1749260675,388.10000000,0.05900000,394.6
1749260675,388.00000000,13.78000000,394.6
1749260675,387.90000000,0.04200000,394.6
1749260675,387.80000000,8.61000000,394.6
1749260675,387.70000000,0.17000000,394.6
1749260675,387.60000000,0.29700000,394.6
1749260675,387.50000000,0.32000000,394.6
1749260675,387.40000000,0.10700000,394.6
1749260675,387.30000000,0.04000000,394.6
1749260675,387.20000000,0.06800000,394.6
1749260675,387.10000000,0.94400000,394.6
1749260675,387.00000000,0.15000000,394.6
1749260675,386.90000000,1.68000000,394.6
1749260675,386.70000000,0.25800000,394.6
1749260675,386.60000000,4.22100000,394.6
1749260675,386.50000000,0.55300000,394.6
1749260675,386.40000000,0.17700000,394.6
1749260675,386.30000000,0.05900000,394.6
1749260675,386.20000000,0.04600000,394.6
1749260675,386.10000000,0.02400000,394.6
1749260675,386.00000000,9.36700000,394.6
1749260675,385.90000000,3.77600000,394.6
1749260675,385.80000000,0.04900000,394.6
1749260675,385.70000000,0.01600000,394.6
1749260675,385.50000000,27.47500000,394.6
1749260675,385.40000000,0.06300000,394.6
1749260675,385.20000000,0.05000000,394.6
1749260675,385.00000000,12.25100000,394.6
1749260675,384.70000000,0.02100000,394.6
1749260675,384.60000000,0.63100000,394.6
1749260675,384.50000000,0.15600000,394.6
1749260675,384.40000000,0.37200000,394.6
1749260675,384.30000000,0.12400000,394.6
1749260675,384.20000000,0.09000000,394.6
1749260675,384.10000000,0.08500000,394.6
1749260675,384.00000000,10.20400000,394.6
1749260978,394.80000000,35.79500000,394.9
1749260978,394.70000000,36.85900000,394.9
1749260978,394.60000000,54.47800000,394.9
1749260978,394.50000000,50.26000000,394.9
1749260978,394.40000000,58.25300000,394.9
1749260978,394.30000000,59.45700000,394.9
1749260978,394.20000000,61.94800000,394.9
1749260978,394.10000000,34.38300000,394.9
1749260978,394.00000000,24.32100000,394.9
1749260978,393.90000000,10.11800000,394.9
1749260978,393.80000000,31.32500000,394.9
1749260978,393.70000000,7.40000000,394.9
1749260978,393.60000000,6.60700000,394.9
1749260978,393.50000000,10.44300000,394.9
1749260978,393.40000000,12.61700000,394.9
1749260978,393.30000000,9.98500000,394.9
1749260978,393.20000000,5.01100000,394.9
1749260978,393.10000000,5.15000000,394.9
1749260978,393.00000000,6.46500000,394.9
1749260978,392.90000000,10.40700000,394.9
1749260978,392.80000000,3.45300000,394.9
1749260978,392.70000000,7.11600000,394.9
1749260978,392.60000000,56.93500000,394.9
1749260978,392.50000000,4.16800000,394.9
1749260978,392.40000000,6.21400000,394.9
1749260978,392.30000000,83.61500000,394.9
1749260978,392.20000000,16.46100000,394.9
1749260978,392.10000000,6.17100000,394.9
1749260978,392.00000000,112.39200000,394.9
1749260978,391.90000000,3.15100000,394.9
1749260978,391.80000000,6.17500000,394.9
1749260978,391.70000000,0.04400000,394.9
1749260978,391.60000000,4.17300000,394.9
1749260978,391.50000000,136.02800000,394.9
1749260978,391.40000000,2.68500000,394.9
1749260978,391.30000000,2.92500000,394.9
1749260978,391.20000000,2.07200000,394.9
1749260978,391.10000000,0.08800000,394.9
1749260978,391.00000000,12.91800000,394.9
1749260978,390.90000000,11.05100000,394.9
1749260978,390.80000000,0.28600000,394.9
1749260978,390.70000000,4.33300000,394.9
1749260978,390.60000000,2.07400000,394.9
1749260978,390.50000000,0.09900000,394.9
1749260978,390.40000000,0.07000000,394.9
1749260978,390.30000000,109.76600000,394.9
1749260978,390.20000000,2.05800000,394.9
1749260978,390.10000000,4.28700000,394.9
1749260978,390.00000000,9.25300000,394.9
1749260978,389.90000000,1.49500000,394.9
1749260978,389.80000000,0.06900000,394.9
1749260978,389.70000000,2.54000000,394.9
1749260978,389.60000000,8.57000000,394.9
1749260978,389.50000000,0.09200000,394.9
1749260978,389.40000000,0.02600000,394.9
1749260978,389.30000000,0.04500000,394.9
1749260978,389.20000000,7.45100000,394.9
1749260978,389.10000000,3.92000000,394.9
1749260978,389.00000000,0.98800000,394.9
1749260978,388.90000000,0.04300000,394.9
1749260978,388.80000000,8.58800000,394.9
1749260978,388.70000000,0.08600000,394.9
1749260978,388.60000000,0.05100000,394.9
1749260978,388.50000000,0.04700000,394.9
1749260978,388.40000000,0.07500000,394.9
1749260978,388.30000000,67.74900000,394.9
1749260978,388.20000000,0.02600000,394.9
1749260978,388.10000000,0.05900000,394.9
1749260978,388.00000000,5.20000000,394.9
1749260978,387.90000000,0.04200000,394.9
1749260978,387.80000000,0.02600000,394.9
1749260978,387.70000000,0.17000000,394.9
1749260978,387.60000000,0.29700000,394.9
1749260978,387.50000000,0.32000000,394.9
1749260978,387.40000000,0.10700000,394.9
1749260978,387.30000000,0.04000000,394.9
1749260978,387.20000000,0.04200000,394.9
1749260978,387.10000000,2.25800000,394.9
1749260978,387.00000000,0.12400000,394.9
1749260978,386.90000000,1.68000000,394.9
1749260978,386.70000000,0.25800000,394.9
1749260978,386.60000000,4.22100000,394.9
1749260978,386.50000000,0.55300000,394.9
1749260978,386.40000000,0.17700000,394.9
1749260978,386.30000000,0.05900000,394.9
1749260978,386.20000000,0.04600000,394.9
1749260978,386.10000000,0.02400000,394.9
1749260978,386.00000000,9.36700000,394.9
1749260978,385.90000000,3.77600000,394.9
1749260978,385.80000000,0.04900000,394.9
1749260978,385.70000000,0.01600000,394.9
1749260978,385.50000000,0.03600000,394.9
1749260978,385.40000000,28.11800000,394.9
1749260978,385.20000000,0.05000000,394.9
1749260978,385.00000000,12.25100000,394.9
1749260978,384.70000000,0.02100000,394.9
1749260978,384.60000000,0.63100000,394.9
1749260978,384.50000000,0.15600000,394.9
1749260978,384.40000000,0.37200000,394.9
1749260978,384.30000000,0.12400000,394.9
1749261290,394.70000000,27.54200000,394.8
1749261290,394.60000000,33.06900000,394.8
1749261290,394.50000000,65.41000000,394.8
1749261290,394.40000000,89.59500000,394.8
1749261290,394.30000000,47.62700000,394.8
1749261290,394.20000000,62.88800000,394.8
1749261290,394.10000000,57.15600000,394.8
1749261290,394.00000000,13.28400000,394.8
1749261290,393.90000000,14.28000000,394.8
1749261290,393.80000000,11.01600000,394.8
1749261290,393.70000000,31.72400000,394.8
1749261290,393.60000000,8.18100000,394.8
1749261290,393.50000000,5.53500000,394.8
1749261290,393.40000000,12.61700000,394.8
1749261290,393.30000000,9.98500000,394.8
1749261290,393.20000000,11.46800000,394.8
1749261290,393.10000000,5.15000000,394.8
1749261290,393.00000000,6.46500000,394.8
1749261290,392.90000000,10.02300000,394.8
1749261290,392.80000000,3.84200000,394.8
1749261290,392.70000000,7.11600000,394.8
1749261290,392.60000000,56.93500000,394.8
1749261290,392.50000000,4.16800000,394.8
1749261290,392.40000000,6.21400000,394.8
1749261290,392.30000000,83.61500000,394.8
1749261290,392.20000000,15.19500000,394.8
1749261290,392.10000000,6.17100000,394.8
1749261290,392.00000000,112.39200000,394.8
1749261290,391.90000000,3.15100000,394.8
1749261290,391.80000000,6.17500000,394.8
1749261290,391.70000000,1.31200000,394.8
1749261290,391.60000000,4.17300000,394.8
1749261290,391.50000000,136.02800000,394.8
1749261290,391.40000000,2.68500000,394.8
1749261290,391.30000000,2.92500000,394.8
1749261290,391.20000000,2.07200000,394.8
1749261290,391.10000000,0.34200000,394.8
1749261290,391.00000000,12.91800000,394.8
1749261290,390.90000000,2.53500000,394.8
1749261290,390.80000000,0.28600000,394.8
1749261290,390.70000000,4.33300000,394.8
1749261290,390.60000000,2.07400000,394.8
1749261290,390.50000000,0.09900000,394.8
1749261290,390.40000000,0.07000000,394.8
1749261290,390.30000000,109.76600000,394.8
1749261290,390.20000000,2.05800000,394.8
1749261290,390.10000000,12.82000000,394.8
1749261290,390.00000000,9.25300000,394.8
1749261290,389.90000000,0.81300000,394.8
1749261290,389.80000000,0.06900000,394.8
1749261290,389.70000000,2.54000000,394.8
1749261290,389.60000000,0.02600000,394.8
1749261290,389.50000000,0.09200000,394.8
1749261290,389.40000000,0.02600000,394.8
1749261290,389.30000000,0.04500000,394.8
1749261290,389.20000000,7.45100000,394.8
1749261290,389.10000000,2.54000000,394.8
1749261290,389.00000000,0.98800000,394.8
1749261290,388.90000000,0.04300000,394.8
1749261290,388.80000000,17.15000000,394.8
1749261290,388.70000000,0.08600000,394.8
1749261290,388.60000000,0.05100000,394.8
1749261290,388.50000000,0.04700000,394.8
1749261290,388.40000000,0.07500000,394.8
1749261290,388.30000000,67.74900000,394.8
1749261290,388.20000000,0.02600000,394.8
1749261290,388.10000000,0.05900000,394.8
1749261290,388.00000000,5.20000000,394.8
1749261290,387.90000000,0.04200000,394.8
1749261290,387.80000000,0.02600000,394.8
1749261290,387.70000000,0.17000000,394.8
1749261290,387.60000000,0.29700000,394.8
1749261290,387.50000000,0.32000000,394.8
1749261290,387.40000000,0.10700000,394.8
1749261290,387.30000000,0.04000000,394.8
1749261290,387.20000000,0.06800000,394.8
1749261290,387.10000000,0.91800000,394.8
1749261290,387.00000000,0.12400000,394.8
1749261290,386.90000000,1.68000000,394.8
1749261290,386.70000000,0.25800000,394.8
1749261290,386.60000000,4.22100000,394.8
1749261290,386.50000000,0.55300000,394.8
1749261290,386.40000000,0.17700000,394.8
1749261290,386.30000000,0.05900000,394.8
1749261290,386.20000000,0.04600000,394.8
1749261290,386.10000000,0.02400000,394.8
1749261290,386.00000000,9.36700000,394.8
1749261290,385.90000000,3.77600000,394.8
1749261290,385.80000000,0.04900000,394.8
1749261290,385.70000000,0.01600000,394.8
1749261290,385.50000000,0.03600000,394.8
1749261290,385.40000000,28.11800000,394.8
1749261290,385.20000000,0.05000000,394.8
1749261290,385.00000000,12.25100000,394.8
1749261290,384.70000000,0.02100000,394.8
1749261290,384.60000000,0.63100000,394.8
1749261290,384.50000000,0.15600000,394.8
1749261290,384.40000000,0.37200000,394.8
1749261290,384.30000000,0.12400000,394.8
1749261290,384.20000000,0.09000000,394.8
1749261591,394.50000000,1.41500000,394.6
1749261591,394.40000000,28.58400000,394.6
1749261591,394.30000000,52.03500000,394.6
1749261591,394.20000000,55.28200000,394.6
1749261591,394.10000000,65.22600000,394.6
1749261591,394.00000000,69.53000000,394.6
1749261591,393.90000000,68.70300000,394.6
1749261591,393.80000000,51.83900000,394.6
1749261591,393.70000000,27.57800000,394.6
1749261591,393.60000000,11.47000000,394.6
1749261591,393.50000000,4.80700000,394.6
1749261591,393.40000000,32.84400000,394.6
1749261591,393.30000000,10.19700000,394.6
1749261591,393.20000000,4.26600000,394.6
1749261591,393.10000000,3.92900000,394.6
1749261591,393.00000000,12.80000000,394.6
1749261591,392.90000000,6.39900000,394.6
1749261591,392.80000000,9.61100000,394.6
1749261591,392.70000000,6.86300000,394.6
1749261591,392.60000000,58.25800000,394.6
1749261591,392.50000000,8.75400000,394.6
1749261591,392.40000000,5.96000000,394.6
1749261591,392.30000000,84.00900000,394.6
1749261591,392.20000000,15.19500000,394.6
1749261591,392.10000000,6.17200000,394.6
1749261591,392.00000000,112.13800000,394.6
1749261591,391.90000000,1.37600000,394.6
1749261591,391.80000000,7.69700000,394.6
1749261591,391.70000000,2.91600000,394.6
1749261591,391.60000000,4.17300000,394.6
1749261591,391.50000000,136.02800000,394.6
1749261591,391.40000000,2.68500000,394.6
1749261591,391.30000000,2.92500000,394.6
1749261591,391.20000000,2.07200000,394.6
1749261591,391.10000000,0.34200000,394.6
1749261591,391.00000000,12.91800000,394.6
1749261591,390.90000000,2.53500000,394.6
1749261591,390.80000000,0.28600000,394.6
1749261591,390.70000000,4.33300000,394.6
1749261591,390.60000000,2.07400000,394.6
1749261591,390.50000000,0.09900000,394.6
1749261591,390.40000000,0.07000000,394.6
1749261591,390.30000000,109.76600000,394.6
1749261591,390.20000000,2.05800000,394.6
1749261591,390.10000000,12.82000000,394.6
1749261591,390.00000000,9.25300000,394.6
1749261591,389.90000000,0.81300000,394.6
1749261591,389.80000000,0.06900000,394.6
1749261591,389.70000000,2.54000000,394.6
1749261591,389.60000000,0.02600000,394.6
1749261591,389.50000000,0.09200000,394.6
1749261591,389.40000000,0.02600000,394.6
1749261591,389.30000000,0.04500000,394.6
1749261591,389.20000000,7.45100000,394.6
1749261591,389.10000000,2.54000000,394.6
1749261591,389.00000000,0.98800000,394.6
1749261591,388.90000000,0.04300000,394.6
1749261591,388.80000000,17.15000000,394.6
1749261591,388.70000000,0.08600000,394.6
1749261591,388.60000000,0.05100000,394.6
1749261591,388.50000000,0.04700000,394.6
1749261591,388.40000000,0.07500000,394.6
1749261591,388.30000000,67.74900000,394.6
1749261591,388.20000000,0.02600000,394.6
1749261591,388.10000000,0.05900000,394.6
1749261591,388.00000000,5.20000000,394.6
1749261591,387.90000000,0.04200000,394.6
1749261591,387.80000000,0.02600000,394.6
1749261591,387.70000000,0.17000000,394.6
1749261591,387.60000000,0.29700000,394.6
1749261591,387.50000000,0.32000000,394.6
1749261591,387.40000000,0.10700000,394.6
1749261591,387.30000000,0.04000000,394.6
1749261591,387.20000000,0.06800000,394.6
1749261591,387.10000000,0.94400000,394.6
1749261591,387.00000000,0.15000000,394.6
1749261591,386.90000000,1.68000000,394.6
1749261591,386.70000000,0.25800000,394.6
1749261591,386.60000000,4.22100000,394.6
1749261591,386.50000000,0.55300000,394.6
1749261591,386.40000000,0.17700000,394.6
1749261591,386.30000000,0.05900000,394.6
1749261591,386.20000000,0.04600000,394.6
1749261591,386.10000000,0.02400000,394.6
1749261591,386.00000000,9.36700000,394.6
1749261591,385.90000000,3.77600000,394.6
1749261591,385.80000000,0.04900000,394.6
1749261591,385.70000000,0.01600000,394.6
1749261591,385.50000000,0.03600000,394.6
1749261591,385.40000000,28.11800000,394.6
1749261591,385.20000000,0.05000000,394.6
1749261591,385.00000000,12.25100000,394.6
1749261591,384.70000000,0.02100000,394.6
1749261591,384.60000000,0.63100000,394.6
1749261591,384.50000000,0.15600000,394.6
1749261591,384.40000000,0.37200000,394.6
1749261591,384.30000000,0.12400000,394.6
1749261591,384.20000000,0.09000000,394.6
1749261591,384.10000000,0.08500000,394.6
1749261591,384.00000000,10.20400000,394.6
1749261893,394.40000000,10.94500000,394.4
1749261893,394.30000000,37.39400000,394.4
1749261893,394.20000000,47.23200000,394.4
1749261893,394.10000000,74.73100000,394.4
1749261893,394.00000000,24.96000000,394.4
1749261893,393.90000000,54.56900000,394.4
1749261893,393.80000000,72.43900000,394.4
1749261893,393.70000000,70.69900000,394.4
1749261893,393.60000000,21.48500000,394.4
1749261893,393.50000000,17.04000000,394.4
1749261893,393.40000000,33.00100000,394.4
1749261893,393.30000000,13.21700000,394.4
1749261893,393.20000000,17.34800000,394.4
1749261893,393.10000000,6.65800000,394.4
1749261893,393.00000000,6.73900000,394.4
1749261893,392.90000000,13.42400000,394.4
1749261893,392.80000000,4.97500000,394.4
1749261893,392.70000000,7.44300000,394.4
1749261893,392.60000000,63.34500000,394.4
1749261893,392.50000000,5.39100000,394.4
1749261893,392.40000000,6.21400000,394.4
1749261893,392.30000000,89.53100000,394.4
1749261893,392.20000000,15.21000000,394.4
1749261893,392.10000000,11.97600000,394.4
1749261893,392.00000000,112.52300000,394.4
1749261893,391.90000000,2.94000000,394.4
1749261893,391.80000000,7.69700000,394.4
1749261893,391.70000000,5.43000000,394.4
1749261893,391.60000000,6.18500000,394.4
1749261893,391.50000000,136.02800000,394.4
1749261893,391.40000000,4.03500000,394.4
1749261893,391.30000000,6.78900000,394.4
1749261893,391.20000000,3.42200000,394.4
1749261893,391.10000000,0.34200000,394.4
1749261893,391.00000000,8.20800000,394.4
1749261893,390.90000000,2.53500000,394.4
1749261893,390.80000000,0.28600000,394.4
1749261893,390.70000000,4.33300000,394.4
1749261893,390.60000000,2.07400000,394.4
1749261893,390.50000000,0.35300000,394.4
1749261893,390.40000000,2.59900000,394.4
1749261893,390.30000000,110.02100000,394.4
1749261893,390.20000000,8.33000000,394.4
1749261893,390.10000000,4.28700000,394.4
1749261893,390.00000000,9.25300000,394.4
1749261893,389.90000000,0.81300000,394.4
1749261893,389.80000000,0.06900000,394.4
1749261893,389.70000000,2.54000000,394.4
1749261893,389.60000000,0.02600000,394.4
1749261893,389.50000000,0.09200000,394.4
1749261893,389.40000000,0.02600000,394.4
1749261893,389.30000000,8.59600000,394.4
1749261893,389.20000000,7.45100000,394.4
1749261893,389.10000000,2.54000000,394.4
1749261893,389.00000000,1.67200000,394.4
1749261893,388.90000000,0.04300000,394.4
1749261893,388.80000000,0.02600000,394.4
1749261893,388.70000000,0.08600000,394.4
1749261893,388.60000000,0.05100000,394.4
1749261893,388.50000000,0.04700000,394.4
1749261893,388.40000000,0.07500000,394.4
1749261893,388.30000000,67.74900000,394.4
1749261893,388.20000000,1.40900000,394.4
1749261893,388.10000000,0.05900000,394.4
1749261893,388.00000000,13.78000000,394.4
1749261893,387.90000000,8.62400000,394.4
1749261893,387.80000000,0.02600000,394.4
1749261893,387.70000000,0.17000000,394.4
1749261893,387.60000000,0.29700000,394.4
1749261893,387.50000000,0.32000000,394.4
1749261893,387.40000000,0.10700000,394.4
1749261893,387.30000000,0.04000000,394.4
1749261893,387.20000000,0.06800000,394.4
1749261893,387.10000000,0.15700000,394.4
1749261893,387.00000000,0.93700000,394.4
1749261893,386.90000000,1.70600000,394.4
1749261893,386.70000000,0.25800000,394.4
1749261893,386.60000000,4.22100000,394.4
1749261893,386.50000000,0.55300000,394.4
1749261893,386.40000000,0.17700000,394.4
1749261893,386.30000000,0.05900000,394.4
1749261893,386.20000000,1.39000000,394.4
1749261893,386.10000000,0.02400000,394.4
1749261893,386.00000000,9.36700000,394.4
1749261893,385.90000000,3.77600000,394.4
1749261893,385.80000000,0.04900000,394.4
1749261893,385.70000000,0.01600000,394.4
1749261893,385.50000000,0.03600000,394.4
1749261893,385.40000000,28.11800000,394.4
1749261893,385.20000000,0.05000000,394.4
1749261893,385.00000000,12.25100000,394.4
1749261893,384.70000000,0.02100000,394.4
1749261893,384.60000000,0.47400000,394.4
1749261893,384.50000000,0.15600000,394.4
1749261893,384.40000000,0.37200000,394.4
1749261893,384.30000000,0.12400000,394.4
1749261893,384.20000000,0.09000000,394.4
1749261893,384.10000000,0.08500000,394.4
1749261893,384.00000000,10.20400000,394.4
1749261893,383.90000000,0.20100000,394.4
1749262194,395.00000000,17.02500000,395.0
1749262194,394.90000000,23.45600000,395.0
1749262194,394.80000000,36.37700000,395.0
1749262194,394.70000000,51.39200000,395.0
1749262194,394.60000000,59.82100000,395.0
1749262194,394.50000000,70.57300000,395.0
1749262194,394.40000000,48.28800000,395.0
1749262194,394.30000000,45.35200000,395.0
1749262194,394.20000000,31.02000000,395.0
1749262194,394.10000000,40.66700000,395.0
1749262194,394.00000000,8.17000000,395.0
1749262194,393.90000000,6.17400000,395.0
1749262194,393.80000000,36.18400000,395.0
1749262194,393.70000000,18.34300000,395.0
1749262194,393.60000000,13.96600000,395.0
1749262194,393.50000000,14.21700000,395.0
1749262194,393.40000000,13.88700000,395.0
1749262194,393.30000000,10.67500000,395.0
1749262194,393.20000000,16.34800000,395.0
1749262194,393.10000000,4.10000000,395.0
1749262194,393.00000000,6.73900000,395.0
1749262194,392.90000000,10.84300000,395.0
1749262194,392.80000000,10.87900000,395.0
1749262194,392.70000000,6.86300000,395.0
1749262194,392.60000000,58.80400000,395.0
1749262194,392.50000000,5.39100000,395.0
1749262194,392.40000000,6.79400000,395.0
1749262194,392.30000000,83.61500000,395.0
1749262194,392.20000000,15.19500000,395.0
1749262194,392.10000000,8.68600000,395.0
1749262194,392.00000000,112.52300000,395.0
1749262194,391.90000000,1.37600000,395.0
1749262194,391.80000000,7.69700000,395.0
1749262194,391.70000000,5.43000000,395.0
1749262194,391.60000000,6.18500000,395.0
1749262194,391.50000000,136.02800000,395.0
1749262194,391.40000000,2.68500000,395.0
1749262194,391.30000000,5.43900000,395.0
1749262194,391.20000000,2.07200000,395.0
1749262194,391.10000000,0.34200000,395.0
1749262194,391.00000000,13.03200000,395.0
1749262194,390.90000000,2.53500000,395.0
1749262194,390.80000000,0.28600000,395.0
1749262194,390.70000000,4.33300000,395.0
1749262194,390.60000000,2.07400000,395.0
1749262194,390.50000000,0.35300000,395.0
1749262194,390.40000000,2.59900000,395.0
1749262194,390.30000000,109.76600000,395.0
1749262194,390.20000000,2.05800000,395.0
1749262194,390.10000000,4.28700000,395.0
1749262194,390.00000000,9.25300000,395.0
1749262194,389.90000000,0.81300000,395.0
1749262194,389.80000000,0.06900000,395.0
1749262194,389.70000000,2.54000000,395.0
1749262194,389.60000000,0.02600000,395.0
1749262194,389.50000000,0.09200000,395.0
1749262194,389.40000000,0.70800000,395.0
1749262194,389.30000000,8.59600000,395.0
1749262194,389.20000000,7.45100000,395.0
1749262194,389.10000000,2.54000000,395.0
1749262194,389.00000000,0.98800000,395.0
1749262194,388.90000000,0.04300000,395.0
1749262194,388.80000000,0.02600000,395.0
1749262194,388.70000000,0.08600000,395.0
1749262194,388.60000000,1.43200000,395.0
1749262194,388.50000000,0.04700000,395.0
1749262194,388.40000000,0.07500000,395.0
1749262194,388.30000000,67.74900000,395.0
1749262194,388.20000000,0.02600000,395.0
1749262194,388.10000000,0.05900000,395.0
1749262194,388.00000000,13.78000000,395.0
1749262194,387.90000000,8.62400000,395.0
1749262194,387.80000000,0.02600000,395.0
1749262194,387.70000000,0.17000000,395.0
1749262194,387.60000000,0.29700000,395.0
1749262194,387.50000000,0.32000000,395.0
1749262194,387.40000000,0.08100000,395.0
1749262194,387.30000000,0.01400000,395.0
1749262194,387.20000000,0.04200000,395.0
1749262194,387.10000000,0.13100000,395.0
1749262194,387.00000000,0.91100000,395.0
1749262194,386.90000000,1.68000000,395.0
1749262194,386.70000000,0.25800000,395.0
1749262194,386.60000000,5.56300000,395.0
1749262194,386.50000000,0.55300000,395.0
1749262194,386.40000000,0.17700000,395.0
1749262194,386.30000000,0.05900000,395.0
1749262194,386.20000000,0.04600000,395.0
1749262194,386.10000000,0.02400000,395.0
1749262194,386.00000000,9.36700000,395.0
1749262194,385.90000000,3.77600000,395.0
1749262194,385.80000000,0.04900000,395.0
1749262194,385.70000000,0.01600000,395.0
1749262194,385.50000000,0.03600000,395.0
1749262194,385.40000000,28.11800000,395.0
1749262194,385.20000000,0.05000000,395.0
1749262194,385.00000000,12.25100000,395.0
1749262194,384.70000000,0.02100000,395.0
1749262194,384.60000000,0.47400000,395.0
1749262194,384.50000000,0.15600000,395.0
1749262500,395.00000000,7.03000000,395.0
1749262500,394.90000000,54.14300000,395.0
1749262500,394.80000000,56.73200000,395.0
1749262500,394.70000000,64.85800000,395.0
1749262500,394.60000000,41.97900000,395.0
1749262500,394.50000000,41.87900000,395.0
1749262500,394.40000000,68.76300000,395.0
1749262500,394.30000000,93.41800000,395.0
1749262500,394.20000000,10.75600000,395.0
1749262500,394.10000000,14.98500000,395.0
1749262500,394.00000000,28.83900000,395.0
1749262500,393.90000000,7.26600000,395.0
1749262500,393.80000000,16.10700000,395.0
1749262500,393.70000000,10.28800000,395.0
1749262500,393.60000000,6.35500000,395.0
1749262500,393.50000000,13.21700000,395.0
1749262500,393.40000000,8.10800000,395.0
1749262500,393.30000000,15.55600000,395.0
1749262500,393.20000000,10.18000000,395.0
1749262500,393.10000000,6.00100000,395.0
1749262500,393.00000000,6.71900000,395.0
1749262500,392.90000000,6.39900000,395.0
1749262500,392.80000000,4.97500000,395.0
1749262500,392.70000000,6.86300000,395.0
1749262500,392.60000000,56.68200000,395.0
1749262500,392.50000000,4.42200000,395.0
1749262500,392.40000000,6.21400000,395.0
1749262500,392.30000000,83.61500000,395.0
1749262500,392.20000000,15.19500000,395.0
1749262500,392.10000000,8.68600000,395.0
1749262500,392.00000000,112.13800000,395.0
1749262500,391.90000000,1.37600000,395.0
1749262500,391.80000000,7.69700000,395.0
1749262500,391.70000000,5.43000000,395.0
1749262500,391.60000000,4.83500000,395.0
1749262500,391.50000000,136.02800000,395.0
1749262500,391.40000000,2.68500000,395.0
1749262500,391.30000000,5.43900000,395.0
1749262500,391.20000000,2.07200000,395.0
1749262500,391.10000000,0.34200000,395.0
1749262500,391.00000000,13.03200000,395.0
1749262500,390.90000000,3.32200000,395.0
1749262500,390.80000000,0.28600000,395.0
1749262500,390.70000000,4.33300000,395.0
1749262500,390.60000000,2.07400000,395.0
1749262500,390.50000000,0.09900000,395.0
1749262500,390.40000000,11.11100000,395.0
1749262500,390.30000000,109.76600000,395.0
1749262500,390.20000000,2.05800000,395.0
1749262500,390.10000000,4.28700000,395.0
1749262500,390.00000000,9.25300000,395.0
1749262500,389.90000000,0.81300000,395.0
1749262500,389.80000000,0.06900000,395.0
1749262500,389.70000000,2.54000000,395.0
1749262500,389.60000000,0.02600000,395.0
1749262500,389.50000000,0.09200000,395.0
1749262500,389.40000000,0.02600000,395.0
1749262500,389.30000000,0.04500000,395.0
1749262500,389.20000000,7.45100000,395.0
1749262500,389.10000000,2.54000000,395.0
1749262500,389.00000000,0.98800000,395.0
1749262500,388.90000000,8.60300000,395.0
1749262500,388.80000000,0.02600000,395.0
1749262500,388.70000000,0.08600000,395.0
1749262500,388.60000000,0.05100000,395.0
1749262500,388.50000000,0.04700000,395.0
1749262500,388.40000000,0.07500000,395.0
1749262500,388.30000000,67.74900000,395.0
1749262500,388.20000000,0.02600000,395.0
1749262500,388.10000000,0.31200000,395.0
1749262500,388.00000000,5.20000000,395.0
1749262500,387.90000000,8.62400000,395.0
1749262500,387.80000000,0.02600000,395.0
1749262500,387.70000000,0.17000000,395.0
1749262500,387.60000000,0.04400000,395.0
1749262500,387.50000000,0.32000000,395.0
1749262500,387.40000000,0.08100000,395.0
1749262500,387.30000000,0.01400000,395.0
1749262500,387.20000000,0.04200000,395.0
1749262500,387.10000000,0.13100000,395.0
1749262500,387.00000000,0.12400000,395.0
1749262500,386.90000000,1.68000000,395.0
1749262500,386.70000000,0.25800000,395.0
1749262500,386.60000000,4.22100000,395.0
1749262500,386.50000000,0.55300000,395.0
1749262500,386.40000000,0.17700000,395.0
1749262500,386.30000000,0.05900000,395.0
1749262500,386.20000000,0.04600000,395.0
1749262500,386.10000000,0.02400000,395.0
1749262500,386.00000000,9.36700000,395.0
1749262500,385.90000000,3.77600000,395.0
1749262500,385.80000000,0.04900000,395.0
1749262500,385.70000000,0.01600000,395.0
1749262500,385.50000000,0.03600000,395.0
1749262500,385.40000000,28.11800000,395.0
1749262500,385.20000000,0.05000000,395.0
1749262500,385.00000000,12.25100000,395.0
1749262500,384.70000000,0.02100000,395.0
1749262500,384.60000000,0.47400000,395.0
1749262500,384.50000000,0.15600000,395.0
1749262801,395.40000000,20.48300000,395.5
1749262801,395.30000000,42.47400000,395.5
1749262801,395.20000000,34.03100000,395.5
1749262801,395.10000000,66.25100000,395.5
1749262801,395.00000000,58.19200000,395.5
1749262801,394.90000000,63.88800000,395.5
1749262801,394.80000000,63.10000000,395.5
1749262801,394.70000000,29.10500000,395.5
1749262801,394.60000000,20.44100000,395.5
1749262801,394.50000000,9.98000000,395.5
1749262801,394.40000000,38.93300000,395.5
1749262801,394.30000000,6.49100000,395.5
1749262801,394.20000000,13.21100000,395.5
1749262801,394.10000000,5.62200000,395.5
1749262801,394.00000000,2.34700000,395.5
1749262801,393.90000000,5.65400000,395.5
1749262801,393.80000000,8.14900000,395.5
1749262801,393.70000000,18.65200000,395.5
1749262801,393.60000000,6.26200000,395.5
1749262801,393.50000000,5.49000000,395.5
1749262801,393.40000000,6.52200000,395.5
1749262801,393.30000000,65.62400000,395.5
1749262801,393.20000000,4.28500000,395.5
1749262801,393.10000000,3.92900000,395.5
1749262801,393.00000000,89.07200000,395.5
1749262801,392.90000000,6.39900000,395.5
1749262801,392.80000000,4.97500000,395.5
1749262801,392.70000000,113.94100000,395.5
1749262801,392.60000000,3.85300000,395.5
1749262801,392.50000000,4.27400000,395.5
1749262801,392.40000000,6.21400000,395.5
1749262801,392.30000000,3.90600000,395.5
1749262801,392.20000000,150.57700000,395.5
1749262801,392.10000000,8.68600000,395.5
1749262801,392.00000000,0.71600000,395.5
1749262801,391.90000000,1.37600000,395.5
1749262801,391.80000000,12.45100000,395.5
1749262801,391.70000000,1.56600000,395.5
1749262801,391.60000000,4.58100000,395.5
1749262801,391.50000000,0.04700000,395.5
1749262801,391.40000000,11.19000000,395.5
1749262801,391.30000000,2.92500000,395.5
1749262801,391.20000000,2.07200000,395.5
1749262801,391.10000000,107.94600000,395.5
1749262801,391.00000000,6.85800000,395.5
1749262801,390.90000000,2.53500000,395.5
1749262801,390.80000000,0.27100000,395.5
1749262801,390.70000000,4.33300000,395.5
1749262801,390.60000000,2.07400000,395.5
1749262801,390.50000000,0.09900000,395.5
1749262801,390.40000000,2.58400000,395.5
1749262801,390.30000000,0.04400000,395.5
1749262801,390.20000000,9.28200000,395.5
1749262801,390.10000000,4.28700000,395.5
1749262801,390.00000000,9.93500000,395.5
1749262801,389.90000000,1.60000000,395.5
1749262801,389.80000000,8.60900000,395.5
1749262801,389.70000000,2.54000000,395.5
1749262801,389.60000000,0.02600000,395.5
1749262801,389.50000000,0.09200000,395.5
1749262801,389.40000000,0.02600000,395.5
1749262801,389.30000000,0.04500000,395.5
1749262801,389.20000000,1.58700000,395.5
1749262801,389.10000000,70.90100000,395.5
1749262801,389.00000000,0.98800000,395.5
1749262801,388.90000000,0.04300000,395.5
1749262801,388.80000000,8.58800000,395.5
1749262801,388.70000000,0.08600000,395.5
1749262801,388.60000000,0.05100000,395.5
1749262801,388.50000000,0.04700000,395.5
1749262801,388.40000000,0.07500000,395.5
1749262801,388.30000000,0.05000000,395.5
1749262801,388.20000000,0.02600000,395.5
1749262801,388.10000000,0.31200000,395.5
1749262801,388.00000000,5.20000000,395.5
1749262801,387.90000000,0.04200000,395.5
1749262801,387.70000000,0.14400000,395.5
1749262801,387.60000000,0.01800000,395.5
1749262801,387.50000000,0.29400000,395.5
1749262801,387.40000000,0.08100000,395.5
1749262801,387.30000000,0.01400000,395.5
1749262801,387.20000000,1.38200000,395.5
1749262801,387.10000000,0.13100000,395.5
1749262801,387.00000000,0.12400000,395.5
1749262801,386.90000000,1.68000000,395.5
1749262801,386.70000000,0.25800000,395.5
1749262801,386.60000000,4.22100000,395.5
1749262801,386.50000000,0.55300000,395.5
1749262801,386.40000000,0.17700000,395.5
1749262801,386.30000000,0.05900000,395.5
1749262801,386.20000000,0.04600000,395.5
1749262801,386.10000000,27.73700000,395.5
1749262801,386.00000000,9.36700000,395.5
1749262801,385.90000000,3.77600000,395.5
1749262801,385.80000000,0.04900000,395.5
1749262801,385.70000000,0.01600000,395.5
1749262801,385.50000000,0.03600000,395.5
1749262801,385.40000000,0.06300000,395.5
1749262801,385.20000000,0.05000000,395.5
1749262801,385.00000000,12.25100000,395.5
1749263103,395.40000000,2.28900000,395.4
1749263103,395.30000000,24.49000000,395.4
1749263103,395.20000000,19.70600000,395.4
1749263103,395.10000000,42.48500000,395.4
1749263103,395.00000000,70.32900000,395.4
1749263103,394.90000000,63.29500000,395.4
1749263103,394.80000000,86.18300000,395.4
1749263103,394.70000000,55.95900000,395.4
1749263103,394.60000000,35.56600000,395.4
1749263103,394.50000000,22.22000000,395.4
1749263103,394.40000000,3.42200000,395.4
1749263103,394.30000000,29.43600000,395.4
1749263103,394.20000000,10.19400000,395.4
1749263103,394.10000000,11.12700000,395.4
1749263103,394.00000000,2.34700000,395.4
1749263103,393.90000000,5.09500000,395.4
1749263103,393.80000000,14.79200000,395.4
1749263103,393.70000000,9.41300000,395.4
1749263103,393.60000000,6.82700000,395.4
1749263103,393.50000000,11.37700000,395.4
1749263103,393.40000000,7.10100000,395.4
1749263103,393.30000000,69.55400000,395.4
1749263103,393.20000000,3.70600000,395.4
1749263103,393.10000000,3.92900000,395.4
1749263103,393.00000000,89.07200000,395.4
1749263103,392.90000000,6.39900000,395.4
1749263103,392.80000000,4.97500000,395.4
1749263103,392.70000000,113.94100000,395.4
1749263103,392.60000000,3.85300000,395.4
1749263103,392.50000000,4.27400000,395.4
1749263103,392.40000000,6.21400000,395.4
1749263103,392.30000000,3.90600000,395.4
1749263103,392.20000000,150.57700000,395.4
1749263103,392.10000000,8.68600000,395.4
1749263103,392.00000000,0.71600000,395.4
1749263103,391.90000000,1.37600000,395.4
1749263103,391.80000000,12.45100000,395.4
1749263103,391.70000000,1.56600000,395.4
1749263103,391.60000000,4.58100000,395.4
1749263103,391.50000000,0.30100000,395.4
1749263103,391.40000000,11.19000000,395.4
1749263103,391.30000000,2.92500000,395.4
1749263103,391.20000000,2.07200000,395.4
1749263103,391.10000000,107.94600000,395.4
1749263103,391.00000000,6.85800000,395.4
1749263103,390.90000000,2.53500000,395.4
1749263103,390.80000000,0.27100000,395.4
1749263103,390.70000000,4.33300000,395.4
1749263103,390.60000000,2.07400000,395.4
1749263103,390.50000000,0.09900000,395.4
1749263103,390.40000000,2.58400000,395.4
1749263103,390.30000000,0.04400000,395.4
1749263103,390.20000000,9.28200000,395.4
1749263103,390.10000000,4.96900000,395.4
1749263103,390.00000000,9.25300000,395.4
1749263103,389.90000000,1.60000000,395.4
1749263103,389.80000000,8.60900000,395.4
1749263103,389.70000000,2.54000000,395.4
1749263103,389.60000000,0.02600000,395.4
1749263103,389.50000000,0.09200000,395.4
1749263103,389.40000000,0.02600000,395.4
1749263103,389.30000000,1.42300000,395.4
1749263103,389.20000000,0.20900000,395.4
1749263103,389.10000000,70.90100000,395.4
1749263103,389.00000000,0.98800000,395.4
1749263103,388.90000000,0.04300000,395.4
1749263103,388.80000000,8.58800000,395.4
1749263103,388.70000000,0.08600000,395.4
1749263103,388.60000000,0.05100000,395.4
1749263103,388.50000000,0.04700000,395.4
1749263103,388.40000000,0.07500000,395.4
1749263103,388.30000000,0.05000000,395.4
1749263103,388.20000000,0.02600000,395.4
1749263103,388.10000000,0.31200000,395.4
1749263103,388.00000000,5.20000000,395.4
1749263103,387.90000000,0.04200000,395.4
1749263103,387.70000000,0.14400000,395.4
1749263103,387.60000000,0.01800000,395.4
1749263103,387.50000000,0.29400000,395.4
1749263103,387.40000000,0.08100000,395.4
1749263103,387.30000000,1.35400000,395.4
1749263103,387.20000000,0.04200000,395.4
1749263103,387.10000000,0.13100000,395.4
1749263103,387.00000000,0.12400000,395.4
1749263103,386.90000000,1.68000000,395.4
1749263103,386.70000000,0.25800000,395.4
1749263103,386.60000000,4.22100000,395.4
1749263103,386.50000000,0.55300000,395.4
1749263103,386.40000000,0.17700000,395.4
1749263103,386.30000000,0.05900000,395.4
1749263103,386.20000000,0.04600000,395.4
1749263103,386.10000000,27.73700000,395.4
1749263103,386.00000000,9.36700000,395.4
1749263103,385.90000000,3.77600000,395.4
1749263103,385.80000000,0.04900000,395.4
1749263103,385.70000000,0.01600000,395.4
1749263103,385.50000000,0.03600000,395.4
1749263103,385.40000000,0.06300000,395.4
1749263103,385.20000000,0.05000000,395.4
1749263103,385.00000000,12.25100000,395.4
1749263405,395.60000000,6.03800000,395.7
1749263405,395.50000000,23.09100000,395.7
1749263405,395.40000000,40.08300000,395.7
1749263405,395.30000000,35.86700000,395.7
1749263405,395.20000000,96.74000000,395.7
1749263405,395.10000000,34.59600000,395.7
1749263405,395.00000000,38.21700000,395.7
1749263405,394.90000000,77.67000000,395.7
1749263405,394.80000000,54.25000000,395.7
1749263405,394.70000000,26.95700000,395.7
1749263405,394.60000000,17.74300000,395.7
1749263405,394.50000000,34.30900000,395.7
1749263405,394.40000000,2.30200000,395.7
1749263405,394.30000000,5.14500000,395.7
1749263405,394.20000000,5.95600000,395.7
1749263405,394.10000000,6.82400000,395.7
1749263405,394.00000000,2.41800000,395.7
1749263405,393.90000000,5.09500000,395.7
1749263405,393.80000000,20.67200000,395.7
1749263405,393.70000000,9.41300000,395.7
1749263405,393.60000000,6.82700000,395.7
1749263405,393.50000000,5.49000000,395.7
1749263405,393.40000000,7.49400000,395.7
1749263405,393.30000000,69.55400000,395.7
1749263405,393.20000000,3.70600000,395.7
1749263405,393.10000000,3.92900000,395.7
1749263405,393.00000000,89.07200000,395.7
1749263405,392.90000000,6.54800000,395.7
1749263405,392.80000000,4.97500000,395.7
1749263405,392.70000000,113.94100000,395.7
1749263405,392.60000000,3.44900000,395.7
1749263405,392.50000000,4.27400000,395.7
1749263405,392.40000000,6.21400000,395.7
1749263405,392.30000000,3.90600000,395.7
1749263405,392.20000000,150.57700000,395.7
1749263405,392.10000000,8.68600000,395.7
1749263405,392.00000000,0.71600000,395.7
1749263405,391.90000000,1.37600000,395.7
1749263405,391.80000000,12.45100000,395.7
1749263405,391.70000000,1.56600000,395.7
1749263405,391.60000000,4.58100000,395.7
1749263405,391.50000000,0.04700000,395.7
1749263405,391.40000000,11.19000000,395.7
1749263405,391.30000000,2.92500000,395.7
1749263405,391.20000000,2.07200000,395.7
1749263405,391.10000000,107.94600000,395.7
1749263405,391.00000000,6.85800000,395.7
1749263405,390.90000000,2.53500000,395.7
1749263405,390.80000000,0.27100000,395.7
1749263405,390.70000000,4.33300000,395.7
1749263405,390.60000000,2.07400000,395.7
1749263405,390.50000000,0.09900000,395.7
1749263405,390.40000000,2.58400000,395.7
1749263405,390.30000000,0.04400000,395.7
1749263405,390.20000000,9.28200000,395.7
1749263405,390.10000000,4.28700000,395.7
1749263405,390.00000000,9.25300000,395.7
1749263405,389.90000000,1.60000000,395.7
1749263405,389.80000000,8.60900000,395.7
1749263405,389.70000000,2.54000000,395.7
1749263405,389.60000000,0.02600000,395.7
1749263405,389.50000000,0.09200000,395.7
1749263405,389.40000000,0.02600000,395.7
1749263405,389.30000000,0.04500000,395.7
1749263405,389.20000000,0.20900000,395.7
1749263405,389.10000000,70.90100000,395.7
1749263405,389.00000000,0.98800000,395.7
1749263405,388.90000000,0.04300000,395.7
1749263405,388.80000000,8.58800000,395.7
1749263405,388.70000000,0.08600000,395.7
1749263405,388.60000000,0.05100000,395.7
1749263405,388.50000000,0.04700000,395.7
1749263405,388.40000000,0.07500000,395.7
1749263405,388.30000000,0.05000000,395.7
1749263405,388.20000000,0.02600000,395.7
1749263405,388.10000000,0.31200000,395.7
1749263405,388.00000000,5.17400000,395.7
1749263405,387.90000000,0.01600000,395.7
1749263405,387.70000000,0.14400000,395.7
1749263405,387.60000000,0.01800000,395.7
1749263405,387.50000000,0.29400000,395.7
1749263405,387.40000000,0.08100000,395.7
1749263405,387.30000000,0.01400000,395.7
1749263405,387.20000000,0.04200000,395.7
1749263405,387.10000000,0.13100000,395.7
1749263405,387.00000000,0.12400000,395.7
1749263405,386.90000000,1.68000000,395.7
1749263405,386.70000000,0.25800000,395.7
1749263405,386.60000000,4.22100000,395.7
1749263405,386.50000000,0.55300000,395.7
1749263405,386.40000000,0.17700000,395.7
1749263405,386.30000000,0.05900000,395.7
1749263405,386.20000000,0.04600000,395.7
1749263405,386.10000000,27.73700000,395.7
1749263405,386.00000000,9.36700000,395.7
1749263405,385.90000000,3.77600000,395.7
1749263405,385.80000000,0.04900000,395.7
1749263405,385.70000000,0.01600000,395.7
1749263405,385.50000000,0.03600000,395.7
1749263405,385.40000000,0.06300000,395.7
1749263706,395.10000000,2.57200000,395.2
1749263706,395.00000000,35.50900000,395.2
1749263706,394.90000000,44.51800000,395.2
1749263706,394.80000000,52.51700000,395.2
1749263706,394.70000000,63.16800000,395.2
1749263706,394.60000000,66.48600000,395.2
1749263706,394.50000000,77.04200000,395.2
1749263706,394.40000000,25.30900000,395.2
1749263706,394.30000000,10.52300000,395.2
1749263706,394.20000000,10.50100000,395.2
1749263706,394.10000000,34.43200000,395.2
1749263706,394.00000000,3.76800000,395.2
1749263706,393.90000000,6.07600000,395.2
1749263706,393.80000000,14.79300000,395.2
1749263706,393.70000000,8.44600000,395.2
1749263706,393.60000000,7.03700000,395.2
1749263706,393.50000000,5.49000000,395.2
1749263706,393.40000000,10.42000000,395.2
1749263706,393.30000000,72.07700000,395.2
1749263706,393.20000000,4.10000000,395.2
1749263706,393.10000000,3.92900000,395.2
1749263706,393.00000000,90.04100000,395.2
1749263706,392.90000000,6.54800000,395.2
1749263706,392.80000000,4.97500000,395.2
1749263706,392.70000000,113.94100000,395.2
1749263706,392.60000000,3.44900000,395.2
1749263706,392.50000000,4.27400000,395.2
1749263706,392.40000000,6.21400000,395.2
1749263706,392.30000000,3.90600000,395.2
1749263706,392.20000000,150.57700000,395.2
1749263706,392.10000000,8.68600000,395.2
1749263706,392.00000000,0.71600000,395.2
1749263706,391.90000000,0.02600000,395.2
1749263706,391.80000000,12.45100000,395.2
1749263706,391.70000000,1.56600000,395.2
1749263706,391.60000000,4.58100000,395.2
1749263706,391.50000000,0.30100000,395.2
1749263706,391.40000000,11.19000000,395.2
1749263706,391.30000000,2.92500000,395.2
1749263706,391.20000000,2.07200000,395.2
1749263706,391.10000000,107.94600000,395.2
1749263706,391.00000000,6.85800000,395.2
1749263706,390.90000000,2.53500000,395.2
1749263706,390.80000000,0.27100000,395.2
1749263706,390.70000000,4.33300000,395.2
1749263706,390.60000000,2.07400000,395.2
1749263706,390.50000000,0.09900000,395.2
1749263706,390.40000000,2.92400000,395.2
1749263706,390.30000000,0.38500000,395.2
1749263706,390.20000000,9.28200000,395.2
1749263706,390.10000000,4.28700000,395.2
1749263706,390.00000000,9.25300000,395.2
1749263706,389.90000000,1.60000000,395.2
1749263706,389.80000000,8.60900000,395.2
1749263706,389.70000000,2.54000000,395.2
1749263706,389.60000000,0.89200000,395.2
1749263706,389.50000000,0.60400000,395.2
1749263706,389.40000000,0.02600000,395.2
1749263706,389.30000000,0.04500000,395.2
1749263706,389.20000000,0.20900000,395.2
1749263706,389.10000000,70.90100000,395.2
1749263706,389.00000000,0.98800000,395.2
1749263706,388.90000000,0.04300000,395.2
1749263706,388.80000000,8.58800000,395.2
1749263706,388.70000000,0.08600000,395.2
1749263706,388.60000000,0.05100000,395.2
1749263706,388.50000000,0.04700000,395.2
1749263706,388.40000000,0.07500000,395.2
1749263706,388.30000000,0.05000000,395.2
1749263706,388.20000000,0.02600000,395.2
1749263706,388.10000000,0.31200000,395.2
1749263706,388.00000000,5.20000000,395.2
1749263706,387.90000000,0.04200000,395.2
1749263706,387.80000000,0.02600000,395.2
1749263706,387.70000000,0.17000000,395.2
1749263706,387.60000000,0.71300000,395.2
1749263706,387.50000000,0.96300000,395.2
1749263706,387.40000000,0.08100000,395.2
1749263706,387.30000000,0.01400000,395.2
1749263706,387.20000000,0.04200000,395.2
1749263706,387.10000000,0.13100000,395.2
1749263706,387.00000000,0.12400000,395.2
1749263706,386.90000000,1.68000000,395.2
1749263706,386.70000000,0.25800000,395.2
1749263706,386.60000000,4.22100000,395.2
1749263706,386.50000000,0.55300000,395.2
1749263706,386.40000000,0.17700000,395.2
1749263706,386.30000000,0.05900000,395.2
1749263706,386.20000000,0.04600000,395.2
1749263706,386.10000000,27.73700000,395.2
1749263706,386.00000000,9.36700000,395.2
1749263706,385.90000000,3.77600000,395.2
1749263706,385.80000000,0.04900000,395.2
1749263706,385.70000000,0.01600000,395.2
1749263706,385.50000000,0.03600000,395.2
1749263706,385.40000000,0.06300000,395.2
1749263706,385.20000000,0.05000000,395.2
1749263706,385.00000000,12.25100000,395.2
1749263706,384.70000000,0.02100000,395.2
1749263706,384.60000000,0.47400000,395.2
1749264008,395.40000000,23.01100000,395.4
1749264008,395.30000000,18.19900000,395.4
1749264008,395.20000000,50.29100000,395.4
1749264008,395.10000000,55.66000000,395.4
1749264008,395.00000000,52.23800000,395.4
1749264008,394.90000000,31.36700000,395.4
1749264008,394.80000000,59.11600000,395.4
1749264008,394.70000000,88.62500000,395.4
1749264008,394.60000000,51.05800000,395.4
1749264008,394.50000000,10.52400000,395.4
1749264008,394.40000000,4.96300000,395.4
1749264008,394.30000000,31.77700000,395.4
1749264008,394.20000000,18.54700000,395.4
1749264008,394.10000000,15.24400000,395.4
1749264008,394.00000000,4.34200000,395.4
1749264008,393.90000000,5.09500000,395.4
1749264008,393.80000000,12.95300000,395.4
1749264008,393.70000000,14.89500000,395.4
1749264008,393.60000000,7.03100000,395.4
1749264008,393.50000000,6.06900000,395.4
1749264008,393.40000000,9.87400000,395.4
1749264008,393.30000000,65.62400000,395.4
1749264008,393.20000000,3.70600000,395.4
1749264008,393.10000000,3.92900000,395.4
1749264008,393.00000000,90.43000000,395.4
1749264008,392.90000000,6.54800000,395.4
1749264008,392.80000000,4.97500000,395.4
1749264008,392.70000000,113.94100000,395.4
1749264008,392.60000000,3.44900000,395.4
1749264008,392.50000000,4.27400000,395.4
1749264008,392.40000000,6.21400000,395.4
1749264008,392.30000000,3.90600000,395.4
1749264008,392.20000000,150.57700000,395.4
1749264008,392.10000000,7.33600000,395.4
1749264008,392.00000000,0.71600000,395.4
1749264008,391.90000000,0.02600000,395.4
1749264008,391.80000000,6.34700000,395.4
1749264008,391.70000000,1.56600000,395.4
1749264008,391.60000000,4.58100000,395.4
1749264008,391.50000000,0.30100000,395.4
1749264008,391.40000000,11.19000000,395.4
1749264008,391.30000000,2.92500000,395.4
1749264008,391.20000000,2.07200000,395.4
1749264008,391.10000000,107.94600000,395.4
1749264008,391.00000000,12.90200000,395.4
1749264008,390.90000000,2.53500000,395.4
1749264008,390.80000000,0.27100000,395.4
1749264008,390.70000000,4.33300000,395.4
1749264008,390.60000000,2.07400000,395.4
1749264008,390.50000000,0.09900000,395.4
1749264008,390.40000000,2.58400000,395.4
1749264008,390.30000000,0.04400000,395.4
1749264008,390.20000000,9.28200000,395.4
1749264008,390.10000000,4.28700000,395.4
1749264008,390.00000000,9.25300000,395.4
1749264008,389.90000000,1.60000000,395.4
1749264008,389.80000000,0.75100000,395.4
1749264008,389.70000000,2.54000000,395.4
1749264008,389.60000000,0.02600000,395.4
1749264008,389.50000000,0.09200000,395.4
1749264008,389.40000000,0.02600000,395.4
1749264008,389.30000000,0.04500000,395.4
1749264008,389.20000000,0.20900000,395.4
1749264008,389.10000000,70.90100000,395.4
1749264008,389.00000000,2.36800000,395.4
1749264008,388.90000000,0.04300000,395.4
1749264008,388.80000000,17.15000000,395.4
1749264008,388.70000000,0.08600000,395.4
1749264008,388.60000000,0.05100000,395.4
1749264008,388.50000000,0.04700000,395.4
1749264008,388.40000000,0.07500000,395.4
1749264008,388.30000000,0.05000000,395.4
1749264008,388.20000000,0.02600000,395.4
1749264008,388.10000000,0.31200000,395.4
1749264008,388.00000000,5.20000000,395.4
1749264008,387.90000000,0.04200000,395.4
1749264008,387.70000000,0.14400000,395.4
1749264008,387.60000000,0.01800000,395.4
1749264008,387.50000000,0.29400000,395.4
1749264008,387.40000000,0.08100000,395.4
1749264008,387.30000000,0.01400000,395.4
1749264008,387.20000000,0.04200000,395.4
1749264008,387.10000000,0.13100000,395.4
1749264008,387.00000000,1.46400000,395.4
1749264008,386.90000000,1.68000000,395.4
1749264008,386.70000000,0.25800000,395.4
1749264008,386.60000000,4.22100000,395.4
1749264008,386.50000000,0.55300000,395.4
1749264008,386.40000000,0.17700000,395.4
1749264008,386.30000000,0.05900000,395.4
1749264008,386.20000000,0.04600000,395.4
1749264008,386.10000000,27.73700000,395.4
1749264008,386.00000000,9.36700000,395.4
1749264008,385.90000000,3.77600000,395.4
1749264008,385.80000000,0.04900000,395.4
1749264008,385.70000000,0.01600000,395.4
1749264008,385.50000000,0.03600000,395.4
1749264008,385.40000000,0.06300000,395.4
1749264008,385.20000000,0.05000000,395.4
1749264008,385.00000000,12.25100000,395.4
1749264310,395.20000000,14.95700000,395.2
1749264310,395.10000000,26.99700000,395.2
1749264310,395.00000000,40.14300000,395.2
1749264310,394.90000000,39.32200000,395.2
1749264310,394.80000000,75.07600000,395.2
1749264310,394.70000000,31.74700000,395.2
1749264310,394.60000000,67.19100000,395.2
1749264310,394.50000000,52.35300000,395.2
1749264310,394.40000000,37.02400000,395.2
1749264310,394.30000000,19.10300000,395.2
1749264310,394.20000000,34.68400000,395.2
1749264310,394.10000000,23.95900000,395.2
1749264310,394.00000000,17.48400000,395.2
1749264310,393.90000000,6.44500000,395.2
1749264310,393.80000000,7.13300000,395.2
1749264310,393.70000000,6.67100000,395.2
1749264310,393.60000000,12.42900000,395.2
1749264310,393.50000000,12.22200000,395.2
1749264310,393.40000000,6.52200000,395.2
1749264310,393.30000000,64.35700000,395.2
1749264310,393.20000000,3.70600000,395.2
1749264310,393.10000000,14.08800000,395.2
1749264310,393.00000000,90.61500000,395.2
1749264310,392.90000000,7.12800000,395.2
1749264310,392.80000000,3.70700000,395.2
1749264310,392.70000000,113.94100000,395.2
1749264310,392.60000000,3.44900000,395.2
1749264310,392.50000000,4.27400000,395.2
1749264310,392.40000000,6.21400000,395.2
1749264310,392.30000000,3.90600000,395.2
1749264310,392.20000000,149.22700000,395.2
1749264310,392.10000000,7.33600000,395.2
1749264310,392.00000000,0.70200000,395.2
1749264310,391.90000000,0.02600000,395.2
1749264310,391.80000000,6.34700000,395.2
1749264310,391.70000000,1.56600000,395.2
1749264310,391.60000000,4.58100000,395.2
1749264310,391.50000000,0.30100000,395.2
1749264310,391.40000000,2.68500000,395.2
1749264310,391.30000000,2.92500000,395.2
1749264310,391.20000000,2.07200000,395.2
1749264310,391.10000000,107.94600000,395.2
1749264310,391.00000000,12.90200000,395.2
1749264310,390.90000000,2.53500000,395.2
1749264310,390.80000000,0.28600000,395.2
1749264310,390.70000000,4.33300000,395.2
1749264310,390.60000000,2.07400000,395.2
1749264310,390.50000000,8.61000000,395.2
1749264310,390.40000000,2.58400000,395.2
1749264310,390.30000000,0.04400000,395.2
1749264310,390.20000000,9.28200000,395.2
1749264310,390.10000000,4.28700000,395.2
1749264310,390.00000000,9.25300000,395.2
1749264310,389.90000000,0.81300000,395.2
1749264310,389.80000000,0.06900000,395.2
1749264310,389.70000000,2.54000000,395.2
1749264310,389.60000000,0.02600000,395.2
1749264310,389.50000000,0.09200000,395.2
1749264310,389.40000000,0.02600000,395.2
1749264310,389.30000000,0.04500000,395.2
1749264310,389.20000000,0.99600000,395.2
1749264310,389.10000000,70.90100000,395.2
1749264310,389.00000000,0.97400000,395.2
1749264310,388.90000000,0.04300000,395.2
1749264310,388.80000000,17.15000000,395.2
1749264310,388.70000000,0.08600000,395.2
1749264310,388.60000000,0.05100000,395.2
1749264310,388.50000000,0.04700000,395.2
1749264310,388.40000000,0.07500000,395.2
1749264310,388.30000000,0.05000000,395.2
1749264310,388.20000000,0.27900000,395.2
1749264310,388.10000000,0.05900000,395.2
1749264310,388.00000000,5.20000000,395.2
1749264310,387.90000000,0.04200000,395.2
1749264310,387.80000000,0.02600000,395.2
1749264310,387.70000000,0.17000000,395.2
1749264310,387.60000000,0.01800000,395.2
1749264310,387.50000000,0.28000000,395.2
1749264310,387.40000000,0.08100000,395.2
1749264310,387.30000000,0.01400000,395.2
1749264310,387.20000000,0.04200000,395.2
1749264310,387.10000000,0.13100000,395.2
1749264310,387.00000000,0.12400000,395.2
1749264310,386.90000000,1.68000000,395.2
1749264310,386.70000000,0.25800000,395.2
1749264310,386.60000000,4.22100000,395.2
1749264310,386.50000000,0.55300000,395.2
1749264310,386.40000000,0.17700000,395.2
1749264310,386.30000000,0.05900000,395.2
1749264310,386.20000000,0.04600000,395.2
1749264310,386.10000000,27.73700000,395.2
1749264310,386.00000000,9.35300000,395.2
1749264310,385.90000000,3.77600000,395.2
1749264310,385.80000000,0.04900000,395.2
1749264310,385.70000000,0.01600000,395.2
1749264310,385.50000000,0.03600000,395.2
1749264310,385.40000000,0.06300000,395.2
1749264310,385.20000000,0.05000000,395.2
1749264310,385.00000000,12.25100000,395.2
1749264310,384.70000000,0.02100000,395.2
1749264611,395.50000000,6.30800000,395.6
1749264611,395.40000000,31.38200000,395.6
1749264611,395.30000000,26.26100000,395.6
1749264611,395.20000000,52.46600000,395.6
1749264611,395.10000000,75.54200000,395.6
1749264611,395.00000000,86.74500000,395.6
1749264611,394.90000000,40.55500000,395.6
1749264611,394.80000000,33.39300000,395.6
1749264611,394.70000000,35.64500000,395.6
1749264611,394.60000000,37.31900000,395.6
1749264611,394.50000000,10.22900000,395.6
1749264611,394.40000000,7.99000000,395.6
1749264611,394.30000000,4.16400000,395.6
1749264611,394.20000000,6.21000000,395.6
1749264611,394.10000000,20.61000000,395.6
1749264611,394.00000000,22.57300000,395.6
1749264611,393.90000000,13.89900000,395.6
1749264611,393.80000000,6.88100000,395.6
1749264611,393.70000000,7.23600000,395.6
1749264611,393.60000000,11.09700000,395.6
1749264611,393.50000000,4.78700000,395.6
1749264611,393.40000000,6.52200000,395.6
1749264611,393.30000000,64.35700000,395.6
1749264611,393.20000000,3.70600000,395.6
1749264611,393.10000000,4.32700000,395.6
1749264611,393.00000000,89.07200000,395.6
1749264611,392.90000000,6.54800000,395.6
1749264611,392.80000000,3.70700000,395.6
1749264611,392.70000000,113.94100000,395.6
1749264611,392.60000000,3.44900000,395.6
1749264611,392.50000000,4.27400000,395.6
1749264611,392.40000000,6.21400000,395.6
1749264611,392.30000000,3.90600000,395.6
1749264611,392.20000000,149.22700000,395.6
1749264611,392.10000000,7.33600000,395.6
1749264611,392.00000000,0.70200000,395.6
1749264611,391.90000000,0.02600000,395.6
1749264611,391.80000000,12.40100000,395.6
1749264611,391.70000000,1.56600000,395.6
1749264611,391.60000000,4.58100000,395.6
1749264611,391.50000000,0.04700000,395.6
1749264611,391.40000000,2.68500000,395.6
1749264611,391.30000000,2.92500000,395.6
1749264611,391.20000000,2.07200000,395.6
1749264611,391.10000000,107.94600000,395.6
1749264611,391.00000000,6.85800000,395.6
1749264611,390.90000000,2.53500000,395.6
1749264611,390.80000000,0.27100000,395.6
1749264611,390.70000000,4.33300000,395.6
1749264611,390.60000000,2.07400000,395.6
1749264611,390.50000000,8.61000000,395.6
1749264611,390.40000000,2.92400000,395.6
1749264611,390.30000000,0.38500000,395.6
1749264611,390.20000000,9.28200000,395.6
1749264611,390.10000000,4.28700000,395.6
1749264611,390.00000000,9.25300000,395.6
1749264611,389.90000000,0.81300000,395.6
1749264611,389.80000000,0.06900000,395.6
1749264611,389.70000000,2.54000000,395.6
1749264611,389.60000000,0.89200000,395.6
1749264611,389.50000000,0.60400000,395.6
1749264611,389.40000000,0.02600000,395.6
1749264611,389.30000000,0.04500000,395.6
1749264611,389.20000000,0.99600000,395.6
1749264611,389.10000000,70.90100000,395.6
1749264611,389.00000000,0.97400000,395.6
1749264611,388.90000000,0.04300000,395.6
1749264611,388.80000000,17.15000000,395.6
1749264611,388.70000000,0.08600000,395.6
1749264611,388.60000000,0.05100000,395.6
1749264611,388.50000000,0.04700000,395.6
1749264611,388.40000000,0.07500000,395.6
1749264611,388.30000000,0.05000000,395.6
1749264611,388.20000000,0.27900000,395.6
1749264611,388.10000000,0.05900000,395.6
1749264611,388.00000000,5.20000000,395.6
1749264611,387.90000000,0.01600000,395.6
1749264611,387.70000000,0.14400000,395.6
1749264611,387.60000000,0.68700000,395.6
1749264611,387.50000000,0.94900000,395.6
1749264611,387.40000000,0.08100000,395.6
1749264611,387.30000000,0.01400000,395.6
1749264611,387.20000000,0.04200000,395.6
1749264611,387.10000000,0.13100000,395.6
1749264611,387.00000000,0.12400000,395.6
1749264611,386.90000000,1.68000000,395.6
1749264611,386.70000000,0.25800000,395.6
1749264611,386.60000000,4.22100000,395.6
1749264611,386.50000000,0.55300000,395.6
1749264611,386.40000000,0.17700000,395.6
1749264611,386.30000000,0.05900000,395.6
1749264611,386.20000000,0.04600000,395.6
1749264611,386.10000000,27.73700000,395.6
1749264611,386.00000000,9.35300000,395.6
1749264611,385.90000000,3.77600000,395.6
1749264611,385.80000000,0.04900000,395.6
1749264611,385.70000000,0.01600000,395.6
1749264611,385.50000000,0.03600000,395.6
1749264611,385.40000000,0.06300000,395.6
1749264611,385.20000000,0.05000000,395.6
1749264913,396.50000000,6.96700000,396.6
1749264913,396.40000000,31.98000000,396.6
1749264913,396.30000000,35.57200000,396.6
1749264913,396.20000000,41.59600000,396.6
1749264913,396.10000000,58.01600000,396.6
1749264913,396.00000000,70.29700000,396.6
1749264913,395.90000000,37.18000000,396.6
1749264913,395.80000000,39.19700000,396.6
1749264913,395.70000000,31.77800000,396.6
1749264913,395.60000000,40.59800000,396.6
1749264913,395.50000000,6.08200000,396.6
1749264913,395.40000000,7.92500000,396.6
1749264913,395.30000000,3.80600000,396.6
1749264913,395.20000000,17.44800000,396.6
1749264913,395.10000000,9.33400000,396.6
1749264913,395.00000000,8.19600000,396.6
1749264913,394.90000000,18.72300000,396.6
1749264913,394.80000000,19.60000000,396.6
1749264913,394.70000000,4.16300000,396.6
1749264913,394.60000000,3.66700000,396.6
1749264913,394.50000000,9.19500000,396.6
1749264913,394.40000000,6.98400000,396.6
1749264913,394.30000000,4.74500000,396.6
1749264913,394.20000000,8.09000000,396.6
1749264913,394.10000000,6.97700000,396.6
1749264913,394.00000000,3.67700000,396.6
1749264913,393.90000000,6.42500000,396.6
1749264913,393.80000000,7.63500000,396.6
1749264913,393.70000000,6.39900000,396.6
1749264913,393.60000000,6.26200000,396.6
1749264913,393.50000000,4.20800000,396.6
1749264913,393.40000000,6.50800000,396.6
1749264913,393.30000000,62.79800000,396.6
1749264913,393.20000000,3.70600000,396.6
1749264913,393.10000000,1.41500000,396.6
1749264913,393.00000000,89.07200000,396.6
1749264913,392.90000000,3.88500000,396.6
1749264913,392.80000000,5.47900000,396.6
1749264913,392.70000000,111.34200000,396.6
1749264913,392.60000000,8.25100000,396.6
1749264913,392.50000000,0.15600000,396.6
1749264913,392.40000000,4.61000000,396.6
1749264913,392.30000000,2.55600000,396.6
1749264913,392.20000000,149.22700000,396.6
1749264913,392.10000000,4.56800000,396.6
1749264913,392.00000000,0.44800000,396.6
1749264913,391.90000000,0.02600000,396.6
1749264913,391.80000000,4.57100000,396.6
1749264913,391.70000000,10.31100000,396.6
1749264913,391.60000000,2.05700000,396.6
1749264913,391.50000000,0.04700000,396.6
1749264913,391.40000000,2.68500000,396.6
1749264913,391.30000000,2.92500000,396.6
1749264913,391.20000000,2.05700000,396.6
1749264913,391.10000000,109.23500000,396.6
1749264913,391.00000000,3.16400000,396.6
1749264913,390.90000000,0.02600000,396.6
1749264913,390.80000000,0.27100000,396.6
1749264913,390.70000000,11.08100000,396.6
1749264913,390.60000000,2.07400000,396.6
1749264913,390.50000000,0.08500000,396.6
1749264913,390.40000000,2.58400000,396.6
1749264913,390.30000000,1.41900000,396.6
1749264913,390.20000000,9.28200000,396.6
1749264913,390.10000000,2.99500000,396.6
1749264913,390.00000000,10.74900000,396.6
1749264913,389.90000000,0.02600000,396.6
1749264913,389.80000000,0.06900000,396.6
1749264913,389.70000000,0.02600000,396.6
1749264913,389.60000000,0.02600000,396.6
1749264913,389.50000000,0.09200000,396.6
1749264913,389.40000000,0.02600000,396.6
1749264913,389.30000000,0.04500000,396.6
1749264913,389.20000000,0.99600000,396.6
1749264913,389.10000000,68.38700000,396.6
1749264913,389.00000000,0.97400000,396.6
1749264913,388.90000000,0.01700000,396.6
1749264913,388.80000000,8.56200000,396.6
1749264913,388.70000000,0.06000000,396.6
1749264913,388.60000000,0.02500000,396.6
1749264913,388.50000000,0.02100000,396.6
1749264913,388.40000000,0.04900000,396.6
1749264913,388.30000000,1.36000000,396.6
1749264913,388.20000000,0.25300000,396.6
1749264913,388.10000000,0.03300000,396.6
1749264913,388.00000000,5.17400000,396.6
1749264913,387.90000000,0.01600000,396.6
1749264913,387.70000000,0.14400000,396.6
1749264913,387.60000000,0.01800000,396.6
1749264913,387.50000000,0.28000000,396.6
1749264913,387.40000000,0.08100000,396.6
1749264913,387.30000000,0.01400000,396.6
1749264913,387.20000000,0.04200000,396.6
1749264913,387.10000000,0.13100000,396.6
1749264913,387.00000000,0.12400000,396.6
1749264913,386.90000000,1.68000000,396.6
1749264913,386.70000000,0.25800000,396.6
1749264913,386.60000000,4.22100000,396.6
1749264913,386.50000000,0.55300000,396.6
1749264913,386.40000000,0.17700000,396.6
1749265220,396.70000000,8.05200000,396.8
1749265220,396.60000000,39.65700000,396.8
1749265220,396.50000000,44.48500000,396.8
1749265220,396.40000000,46.14500000,396.8
1749265220,396.30000000,66.04900000,396.8
1749265220,396.20000000,88.07600000,396.8
1749265220,396.10000000,49.69500000,396.8
1749265220,396.00000000,29.03900000,396.8
1749265220,395.90000000,25.11100000,396.8
1749265220,395.80000000,38.61700000,396.8
1749265220,395.70000000,14.12500000,396.8
1749265220,395.60000000,8.72300000,396.8
1749265220,395.50000000,6.04800000,396.8
1749265220,395.40000000,4.62500000,396.8
1749265220,395.30000000,2.81200000,396.8
1749265220,395.20000000,28.48600000,396.8
1749265220,395.10000000,9.33400000,396.8
1749265220,395.00000000,5.59500000,396.8
1749265220,394.90000000,6.59000000,396.8
1749265220,394.80000000,17.33800000,396.8
1749265220,394.70000000,4.72100000,396.8
1749265220,394.60000000,3.64800000,396.8
1749265220,394.50000000,9.19500000,396.8
1749265220,394.40000000,3.63000000,396.8
1749265220,394.30000000,4.18100000,396.8
1749265220,394.20000000,7.53100000,396.8
1749265220,394.10000000,6.39900000,396.8
1749265220,394.00000000,57.08800000,396.8
1749265220,393.90000000,6.42500000,396.8
1749265220,393.80000000,90.00200000,396.8
1749265220,393.70000000,113.47700000,396.8
1749265220,393.60000000,6.26200000,396.8
1749265220,393.50000000,4.20800000,396.8
1749265220,393.40000000,6.50800000,396.8
1749265220,393.30000000,9.38700000,396.8
1749265220,393.20000000,3.70600000,396.8
1749265220,393.10000000,1.41500000,396.8
1749265220,393.00000000,6.70500000,396.8
1749265220,392.90000000,3.88500000,396.8
1749265220,392.80000000,5.22500000,396.8
1749265220,392.70000000,4.26400000,396.8
1749265220,392.60000000,8.25100000,396.8
1749265220,392.50000000,8.63700000,396.8
1749265220,392.40000000,4.61000000,396.8
1749265220,392.30000000,2.55600000,396.8
1749265220,392.20000000,149.22700000,396.8
1749265220,392.10000000,4.56800000,396.8
1749265220,392.00000000,0.43300000,396.8
1749265220,391.90000000,0.02600000,396.8
1749265220,391.80000000,4.57100000,396.8
1749265220,391.70000000,1.81200000,396.8
1749265220,391.60000000,2.05700000,396.8
1749265220,391.50000000,0.04700000,396.8
1749265220,391.40000000,2.68500000,396.8
1749265220,391.30000000,2.92500000,396.8
1749265220,391.20000000,9.26200000,396.8
1749265220,391.10000000,109.23500000,396.8
1749265220,391.00000000,2.48400000,396.8
1749265220,390.90000000,0.02600000,396.8
1749265220,390.80000000,0.27100000,396.8
1749265220,390.70000000,11.08100000,396.8
1749265220,390.60000000,2.07400000,396.8
1749265220,390.50000000,0.08500000,396.8
1749265220,390.40000000,2.58400000,396.8
1749265220,390.30000000,0.04400000,396.8
1749265220,390.20000000,2.05800000,396.8
1749265220,390.10000000,0.48100000,396.8
1749265220,390.00000000,10.74900000,396.8
1749265220,389.90000000,0.02600000,396.8
1749265220,389.80000000,0.06900000,396.8
1749265220,389.70000000,8.56800000,396.8
1749265220,389.60000000,0.02600000,396.8
1749265220,389.50000000,0.09200000,396.8
1749265220,389.40000000,0.02600000,396.8
1749265220,389.30000000,0.04500000,396.8
1749265220,389.20000000,0.99600000,396.8
1749265220,389.10000000,68.42600000,396.8
1749265220,389.00000000,0.94800000,396.8
1749265220,388.90000000,0.01700000,396.8
1749265220,388.70000000,0.06000000,396.8
1749265220,388.60000000,0.02500000,396.8
1749265220,388.50000000,0.02100000,396.8
1749265220,388.40000000,0.04900000,396.8
1749265220,388.30000000,0.02400000,396.8
1749265220,388.20000000,0.25300000,396.8
1749265220,388.10000000,0.03300000,396.8
1749265220,388.00000000,5.17400000,396.8
1749265220,387.90000000,0.01600000,396.8
1749265220,387.70000000,0.14400000,396.8
1749265220,387.60000000,0.01800000,396.8
1749265220,387.50000000,0.28000000,396.8
1749265220,387.40000000,0.08100000,396.8
1749265220,387.30000000,0.01400000,396.8
1749265220,387.20000000,0.04200000,396.8
1749265220,387.10000000,0.13100000,396.8
1749265220,387.00000000,0.12400000,396.8
1749265220,386.90000000,1.68000000,396.8
1749265220,386.70000000,0.25800000,396.8
1749265220,386.60000000,4.22100000,396.8
1749265220,386.50000000,0.55300000,396.8
1749265521,398.00000000,5.70500000,398.1
1749265521,397.90000000,22.42900000,398.1
1749265521,397.80000000,53.59800000,398.1
1749265521,397.70000000,43.27000000,398.1
1749265521,397.60000000,64.42300000,398.1
1749265521,397.50000000,75.54500000,398.1
1749265521,397.40000000,33.07300000,398.1
1749265521,397.30000000,31.67900000,398.1
1749265521,397.20000000,29.93900000,398.1
1749265521,397.10000000,46.24600000,398.1
1749265521,397.00000000,40.81000000,398.1
1749265521,396.90000000,6.32600000,398.1
1749265521,396.80000000,9.30500000,398.1
1749265521,396.70000000,3.06300000,398.1
1749265521,396.60000000,6.20700000,398.1
1749265521,396.50000000,10.11600000,398.1
1749265521,396.40000000,10.11200000,398.1
1749265521,396.30000000,13.95100000,398.1
1749265521,396.20000000,10.93900000,398.1
1749265521,396.10000000,4.17700000,398.1
1749265521,396.00000000,7.50900000,398.1
1749265521,395.90000000,16.24300000,398.1
1749265521,395.80000000,2.35300000,398.1
1749265521,395.70000000,12.23300000,398.1
1749265521,395.60000000,3.67400000,398.1
1749265521,395.50000000,5.04900000,398.1
1749265521,395.40000000,7.17100000,398.1
1749265521,395.30000000,2.79300000,398.1
1749265521,395.20000000,3.68700000,398.1
1749265521,395.10000000,9.06300000,398.1
1749265521,395.00000000,5.33500000,398.1
1749265521,394.90000000,2.56600000,398.1
1749265521,394.80000000,6.09500000,398.1
1749265521,394.70000000,162.11900000,398.1
1749265521,394.60000000,85.79500000,398.1
1749265521,394.50000000,5.30300000,398.1
1749265521,394.40000000,3.48200000,398.1
1749265521,394.30000000,7.52800000,398.1
1749265521,394.20000000,4.82400000,398.1
1749265521,394.10000000,3.91800000,398.1
1749265521,394.00000000,2.07200000,398.1
1749265521,393.90000000,2.56100000,398.1
1749265521,393.80000000,2.08300000,398.1
1749265521,393.70000000,0.02600000,398.1
1749265521,393.60000000,4.87400000,398.1
1749265521,393.50000000,0.09000000,398.1
1749265521,393.40000000,137.63300000,398.1
1749265521,393.30000000,2.92900000,398.1
1749265521,393.20000000,2.08800000,398.1
1749265521,393.10000000,0.06500000,398.1
1749265521,393.00000000,5.10100000,398.1
1749265521,392.90000000,0.02600000,398.1
1749265521,392.80000000,119.09300000,398.1
1749265521,392.70000000,2.99900000,398.1
1749265521,392.60000000,2.09900000,398.1
1749265521,392.50000000,8.61300000,398.1
1749265521,392.40000000,2.08100000,398.1
1749265521,392.30000000,0.04700000,398.1
1749265521,392.20000000,21.03200000,398.1
1749265521,392.10000000,2.05400000,398.1
1749265521,392.00000000,1.79100000,398.1
1749265521,391.90000000,0.02600000,398.1
1749265521,391.80000000,2.05700000,398.1
1749265521,391.70000000,0.04400000,398.1
1749265521,391.60000000,2.05700000,398.1
1749265521,391.50000000,0.04700000,398.1
1749265521,391.40000000,2.68500000,398.1
1749265521,391.30000000,0.34400000,398.1
1749265521,391.20000000,2.05700000,398.1
1749265521,391.10000000,0.08800000,398.1
1749265521,391.00000000,3.27100000,398.1
1749265521,390.90000000,0.02600000,398.1
1749265521,390.80000000,0.27100000,398.1
1749265521,390.70000000,0.04700000,398.1
1749265521,390.60000000,2.07400000,398.1
1749265521,390.50000000,9.92800000,398.1
1749265521,390.40000000,0.04400000,398.1
1749265521,390.30000000,0.08200000,398.1
1749265521,390.20000000,2.01200000,398.1
1749265521,390.10000000,0.45500000,398.1
1749265521,390.00000000,10.70300000,398.1
1749265521,389.80000000,0.02300000,398.1
1749265521,389.50000000,0.06600000,398.1
1749265521,389.30000000,0.01900000,398.1
1749265521,389.20000000,0.18300000,398.1
1749265521,389.10000000,68.36100000,398.1
1749265521,389.00000000,0.94800000,398.1
1749265521,388.90000000,0.01700000,398.1
1749265521,388.70000000,0.06000000,398.1
1749265521,388.60000000,0.02500000,398.1
1749265521,388.50000000,0.02100000,398.1
1749265521,388.40000000,0.04900000,398.1
1749265521,388.30000000,0.02400000,398.1
1749265521,388.20000000,0.25300000,398.1
1749265521,388.10000000,0.03300000,398.1
1749265521,388.00000000,5.17400000,398.1
1749265521,387.90000000,0.01600000,398.1
1749265521,387.70000000,0.14400000,398.1
1749265521,387.60000000,0.01800000,398.1
1749265521,387.50000000,0.28000000,398.1
1749265823,398.60000000,9.66100000,398.6
1749265823,398.50000000,46.18800000,398.6
1749265823,398.40000000,42.55000000,398.6
1749265823,398.30000000,36.36800000,398.6
1749265823,398.20000000,74.15200000,398.6
1749265823,398.10000000,44.20200000,398.6
1749265823,398.00000000,46.54200000,398.6
1749265823,397.90000000,43.57400000,398.6
1749265823,397.80000000,48.13200000,398.6
1749265823,397.70000000,38.66100000,398.6
1749265823,397.60000000,15.37700000,398.6
1749265823,397.50000000,13.23800000,398.6
1749265823,397.40000000,7.59300000,398.6
1749265823,397.30000000,8.00900000,398.6
1749265823,397.20000000,7.59100000,398.6
1749265823,397.10000000,4.16100000,398.6
1749265823,397.00000000,13.98500000,398.6
1749265823,396.90000000,11.34500000,398.6
1749265823,396.80000000,6.21300000,398.6
1749265823,396.70000000,7.93700000,398.6
1749265823,396.60000000,6.18800000,398.6
1749265823,396.50000000,10.11300000,398.6
1749265823,396.40000000,3.67300000,398.6
1749265823,396.30000000,14.32300000,398.6
1749265823,396.20000000,10.57700000,398.6
1749265823,396.10000000,63.55600000,398.6
1749265823,396.00000000,5.95800000,398.6
1749265823,395.90000000,6.90400000,398.6
1749265823,395.80000000,2.35300000,398.6
1749265823,395.70000000,113.48200000,398.6
1749265823,395.60000000,3.67400000,398.6
1749265823,395.50000000,87.41600000,398.6
1749265823,395.40000000,7.17100000,398.6
1749265823,395.30000000,0.27900000,398.6
1749265823,395.20000000,3.68700000,398.6
1749265823,395.10000000,6.39900000,398.6
1749265823,395.00000000,5.33500000,398.6
1749265823,394.90000000,0.05200000,398.6
1749265823,394.80000000,4.74500000,398.6
1749265823,394.70000000,0.28000000,398.6
1749265823,394.60000000,137.46000000,398.6
1749265823,394.50000000,5.17000000,398.6
1749265823,394.40000000,2.13200000,398.6
1749265823,394.30000000,6.17800000,398.6
1749265823,394.20000000,4.57200000,398.6
1749265823,394.10000000,0.05900000,398.6
1749265823,394.00000000,2.07200000,398.6
1749265823,393.90000000,2.56100000,398.6
1749265823,393.80000000,2.08300000,398.6
1749265823,393.70000000,8.48100000,398.6
1749265823,393.60000000,4.87400000,398.6
1749265823,393.50000000,0.09000000,398.6
1749265823,393.40000000,2.25100000,398.6
1749265823,393.30000000,2.76000000,398.6
1749265823,393.20000000,2.08800000,398.6
1749265823,393.10000000,0.06500000,398.6
1749265823,393.00000000,5.10100000,398.6
1749265823,392.90000000,0.02600000,398.6
1749265823,392.80000000,119.09300000,398.6
1749265823,392.70000000,0.48500000,398.6
1749265823,392.60000000,2.09900000,398.6
1749265823,392.50000000,0.13200000,398.6
1749265823,392.40000000,2.08100000,398.6
1749265823,392.30000000,0.04700000,398.6
1749265823,392.20000000,21.03200000,398.6
1749265823,392.10000000,2.05400000,398.6
1749265823,392.00000000,1.79100000,398.6
1749265823,391.90000000,0.02600000,398.6
1749265823,391.80000000,2.05700000,398.6
1749265823,391.70000000,68.40500000,398.6
1749265823,391.60000000,2.05700000,398.6
1749265823,391.50000000,0.65900000,398.6
1749265823,391.40000000,11.44000000,398.6
1749265823,391.30000000,0.34400000,398.6
1749265823,391.20000000,2.05700000,398.6
1749265823,391.10000000,0.08800000,398.6
1749265823,391.00000000,3.24500000,398.6
1749265823,390.80000000,0.24500000,398.6
1749265823,390.70000000,0.02100000,398.6
1749265823,390.60000000,2.04800000,398.6
1749265823,390.50000000,1.37700000,398.6
1749265823,390.40000000,0.02400000,398.6
1749265823,390.30000000,0.08200000,398.6
1749265823,390.20000000,2.01200000,398.6
1749265823,390.10000000,0.45500000,398.6
1749265823,390.00000000,10.70300000,398.6
1749265823,389.80000000,0.02300000,398.6
1749265823,389.50000000,0.06600000,398.6
1749265823,389.30000000,0.01900000,398.6
1749265823,389.20000000,0.18300000,398.6
1749265823,389.00000000,0.94800000,398.6
1749265823,388.90000000,0.01700000,398.6
1749265823,388.70000000,0.06000000,398.6
1749265823,388.60000000,0.02500000,398.6
1749265823,388.50000000,0.02100000,398.6
1749265823,388.40000000,0.04900000,398.6
1749265823,388.30000000,0.02400000,398.6
1749265823,388.10000000,0.03300000,398.6
1749265823,388.00000000,5.17400000,398.6
1749265823,387.90000000,0.01600000,398.6
1749266125,398.80000000,6.12600000,398.9
1749266125,398.70000000,39.64700000,398.9
1749266125,398.60000000,40.67800000,398.9
1749266125,398.50000000,78.88300000,398.9
1749266125,398.40000000,59.24100000,398.9
1749266125,398.30000000,34.51900000,398.9
1749266125,398.20000000,76.41900000,398.9
1749266125,398.10000000,47.38300000,398.9
1749266125,398.00000000,26.40200000,398.9
1749266125,397.90000000,15.65400000,398.9
1749266125,397.80000000,14.49800000,398.9
1749266125,397.70000000,34.43800000,398.9
1749266125,397.60000000,16.95500000,398.9
1749266125,397.50000000,6.67500000,398.9
1749266125,397.40000000,3.69100000,398.9
1749266125,397.30000000,10.17600000,398.9
1749266125,397.20000000,7.44700000,398.9
1749266125,397.10000000,4.16100000,398.9
1749266125,397.00000000,6.40800000,398.9
1749266125,396.90000000,6.27100000,398.9
1749266125,396.80000000,5.98700000,398.9
1749266125,396.70000000,7.91800000,398.9
1749266125,396.60000000,11.98200000,398.9
1749266125,396.50000000,2.55600000,398.9
1749266125,396.40000000,3.67300000,398.9
1749266125,396.30000000,91.70100000,398.9
1749266125,396.20000000,3.47000000,398.9
1749266125,396.10000000,57.73800000,398.9
1749266125,396.00000000,5.95800000,398.9
1749266125,395.90000000,6.90400000,398.9
1749266125,395.80000000,2.35300000,398.9
1749266125,395.70000000,113.48200000,398.9
1749266125,395.60000000,3.67400000,398.9
1749266125,395.50000000,2.53500000,398.9
1749266125,395.40000000,7.17100000,398.9
1749266125,395.30000000,0.27900000,398.9
1749266125,395.20000000,2.33700000,398.9
1749266125,395.10000000,11.04800000,398.9
1749266125,395.00000000,5.33500000,398.9
1749266125,394.90000000,0.05200000,398.9
1749266125,394.80000000,4.74500000,398.9
1749266125,394.70000000,0.02600000,398.9
1749266125,394.60000000,137.46000000,398.9
1749266125,394.50000000,2.66100000,398.9
1749266125,394.40000000,2.13200000,398.9
1749266125,394.30000000,0.13000000,398.9
1749266125,394.20000000,4.57200000,398.9
1749266125,394.10000000,0.05900000,398.9
1749266125,394.00000000,2.05800000,398.9
1749266125,393.90000000,2.56100000,398.9
1749266125,393.80000000,2.08300000,398.9
1749266125,393.70000000,17.27400000,398.9
1749266125,393.60000000,4.87400000,398.9
1749266125,393.50000000,0.09000000,398.9
1749266125,393.40000000,2.25100000,398.9
1749266125,393.30000000,2.76000000,398.9
1749266125,393.20000000,2.08800000,398.9
1749266125,393.10000000,0.06500000,398.9
1749266125,393.00000000,2.58700000,398.9
1749266125,392.90000000,0.53400000,398.9
1749266125,392.80000000,110.28200000,398.9
1749266125,392.70000000,0.48500000,398.9
1749266125,392.60000000,2.09900000,398.9
1749266125,392.50000000,0.13200000,398.9
1749266125,392.40000000,2.08100000,398.9
1749266125,392.30000000,0.04700000,398.9
1749266125,392.20000000,21.03200000,398.9
1749266125,392.10000000,2.05400000,398.9
1749266125,392.00000000,1.28600000,398.9
1749266125,391.90000000,0.02600000,398.9
1749266125,391.80000000,2.05700000,398.9
1749266125,391.70000000,68.40500000,398.9
1749266125,391.60000000,2.05700000,398.9
1749266125,391.50000000,0.04700000,398.9
1749266125,391.40000000,11.44000000,398.9
1749266125,391.30000000,0.34400000,398.9
1749266125,391.20000000,2.03100000,398.9
1749266125,391.10000000,0.06200000,398.9
1749266125,391.00000000,3.24500000,398.9
1749266125,390.90000000,0.66300000,398.9
1749266125,390.80000000,0.22600000,398.9
1749266125,390.70000000,0.02100000,398.9
1749266125,390.60000000,2.02800000,398.9
1749266125,390.50000000,0.71800000,398.9
1749266125,390.40000000,0.02400000,398.9
1749266125,390.30000000,0.08200000,398.9
1749266125,390.10000000,0.45500000,398.9
1749266125,390.00000000,10.70300000,398.9
1749266125,389.80000000,0.02300000,398.9
1749266125,389.50000000,0.06600000,398.9
1749266125,389.30000000,0.01900000,398.9
1749266125,389.20000000,0.18300000,398.9
1749266125,389.00000000,0.94800000,398.9
1749266125,388.90000000,0.01700000,398.9
1749266125,388.70000000,0.06000000,398.9
1749266125,388.60000000,0.02500000,398.9
1749266125,388.50000000,0.02100000,398.9
1749266125,388.40000000,0.04900000,398.9
1749266125,388.30000000,0.02400000,398.9
1749266125,388.10000000,0.03300000,398.9
1749266426,398.00000000,5.69500000,398.1
1749266426,397.90000000,54.42200000,398.1
1749266426,397.80000000,69.65500000,398.1
1749266426,397.70000000,43.26200000,398.1
1749266426,397.60000000,47.64700000,398.1
1749266426,397.50000000,91.36300000,398.1
1749266426,397.40000000,47.40100000,398.1
1749266426,397.30000000,28.55000000,398.1
1749266426,397.20000000,14.44700000,398.1
1749266426,397.10000000,9.88100000,398.1
1749266426,397.00000000,6.25700000,398.1
1749266426,396.90000000,34.06000000,398.1
1749266426,396.80000000,6.19500000,398.1
1749266426,396.70000000,4.39400000,398.1
1749266426,396.60000000,6.18800000,398.1
1749266426,396.50000000,10.48900000,398.1
1749266426,396.40000000,3.88200000,398.1
1749266426,396.30000000,94.65500000,398.1
1749266426,396.20000000,58.42300000,398.1
1749266426,396.10000000,6.11400000,398.1
1749266426,396.00000000,5.95800000,398.1
1749266426,395.90000000,6.90400000,398.1
1749266426,395.80000000,8.18100000,398.1
1749266426,395.70000000,113.48200000,398.1
1749266426,395.60000000,3.67400000,398.1
1749266426,395.50000000,3.88500000,398.1
1749266426,395.40000000,7.17100000,398.1
1749266426,395.30000000,0.27900000,398.1
1749266426,395.20000000,2.48800000,398.1
1749266426,395.10000000,5.04900000,398.1
1749266426,395.00000000,5.08200000,398.1
1749266426,394.90000000,0.05200000,398.1
1749266426,394.80000000,6.76000000,398.1
1749266426,394.70000000,0.02600000,398.1
1749266426,394.60000000,137.71200000,398.1
1749266426,394.50000000,111.77800000,398.1
1749266426,394.40000000,2.38400000,398.1
1749266426,394.30000000,6.17300000,398.1
1749266426,394.20000000,4.57200000,398.1
1749266426,394.10000000,0.05900000,398.1
1749266426,394.00000000,2.05800000,398.1
1749266426,393.90000000,2.56100000,398.1
1749266426,393.80000000,2.08300000,398.1
1749266426,393.70000000,0.02600000,398.1
1749266426,393.60000000,13.67000000,398.1
1749266426,393.50000000,0.09000000,398.1
1749266426,393.40000000,4.01100000,398.1
1749266426,393.30000000,2.76000000,398.1
1749266426,393.20000000,9.25700000,398.1
1749266426,393.10000000,0.06500000,398.1
1749266426,393.00000000,3.86900000,398.1
1749266426,392.90000000,8.49900000,398.1
1749266426,392.80000000,3.28400000,398.1
1749266426,392.70000000,0.48500000,398.1
1749266426,392.60000000,2.09900000,398.1
1749266426,392.50000000,0.13200000,398.1
1749266426,392.40000000,2.08100000,398.1
1749266426,392.30000000,0.04700000,398.1
1749266426,392.20000000,13.84500000,398.1
1749266426,392.10000000,2.05400000,398.1
1749266426,392.00000000,0.94200000,398.1
1749266426,391.90000000,0.02600000,398.1
1749266426,391.80000000,2.05700000,398.1
1749266426,391.70000000,68.40500000,398.1
1749266426,391.60000000,10.55800000,398.1
1749266426,391.50000000,0.11100000,398.1
1749266426,391.40000000,2.93500000,398.1
1749266426,391.30000000,0.34400000,398.1
1749266426,391.20000000,2.05700000,398.1
1749266426,391.10000000,0.08800000,398.1
1749266426,391.00000000,3.27100000,398.1
1749266426,390.90000000,0.02600000,398.1
1749266426,390.80000000,0.91600000,398.1
1749266426,390.70000000,0.04700000,398.1
1749266426,390.60000000,0.04200000,398.1
1749266426,390.50000000,0.08500000,398.1
1749266426,390.40000000,0.02400000,398.1
1749266426,390.30000000,0.01800000,398.1
1749266426,390.10000000,0.45500000,398.1
1749266426,390.00000000,11.36800000,398.1
1749266426,389.80000000,0.02300000,398.1
1749266426,389.50000000,0.06600000,398.1
1749266426,389.30000000,0.01900000,398.1
1749266426,389.20000000,0.18300000,398.1
1749266426,389.00000000,0.94800000,398.1
1749266426,388.90000000,0.01700000,398.1
1749266426,388.80000000,20.91400000,398.1
1749266426,388.70000000,0.06000000,398.1
1749266426,388.60000000,0.02500000,398.1
1749266426,388.50000000,0.02100000,398.1
1749266426,388.40000000,0.04900000,398.1
1749266426,388.30000000,0.02400000,398.1
1749266426,388.10000000,0.03300000,398.1
1749266426,388.00000000,5.17400000,398.1
1749266426,387.90000000,0.01600000,398.1
1749266426,387.70000000,0.14400000,398.1
1749266426,387.60000000,0.01800000,398.1
1749266426,387.50000000,0.28000000,398.1
1749266426,387.40000000,0.08100000,398.1
1749266426,387.30000000,0.01400000,398.1
1749266728,398.40000000,23.42100000,398.5
1749266728,398.30000000,24.06600000,398.5
1749266728,398.20000000,40.81600000,398.5
1749266728,398.10000000,48.90600000,398.5
1749266728,398.00000000,69.76200000,398.5
1749266728,397.90000000,53.62100000,398.5
1749266728,397.80000000,58.73800000,398.5
1749266728,397.70000000,53.81000000,398.5
1749266728,397.60000000,36.61300000,398.5
1749266728,397.50000000,14.29700000,398.5
1749266728,397.40000000,3.44000000,398.5
1749266728,397.30000000,38.24000000,398.5
1749266728,397.20000000,9.51700000,398.5
1749266728,397.10000000,4.16100000,398.5
1749266728,397.00000000,6.25700000,398.5
1749266728,396.90000000,12.68200000,398.5
1749266728,396.80000000,6.28900000,398.5
1749266728,396.70000000,4.71300000,398.5
1749266728,396.60000000,11.99800000,398.5
1749266728,396.50000000,4.46700000,398.5
1749266728,396.40000000,3.67300000,398.5
1749266728,396.30000000,95.59700000,398.5
1749266728,396.20000000,58.42200000,398.5
1749266728,396.10000000,5.87900000,398.5
1749266728,396.00000000,5.95800000,398.5
1749266728,395.90000000,6.90400000,398.5
1749266728,395.80000000,3.70300000,398.5
1749266728,395.70000000,113.48200000,398.5
1749266728,395.60000000,3.67400000,398.5
1749266728,395.50000000,2.53500000,398.5
1749266728,395.40000000,5.82100000,398.5
1749266728,395.30000000,0.27900000,398.5
1749266728,395.20000000,2.33700000,398.5
1749266728,395.10000000,5.04900000,398.5
1749266728,395.00000000,5.08200000,398.5
1749266728,394.90000000,0.05200000,398.5
1749266728,394.80000000,6.76000000,398.5
1749266728,394.70000000,0.02600000,398.5
1749266728,394.60000000,137.71200000,398.5
1749266728,394.50000000,111.77800000,398.5
1749266728,394.40000000,2.13200000,398.5
1749266728,394.30000000,6.17300000,398.5
1749266728,394.20000000,4.57200000,398.5
1749266728,394.10000000,0.05900000,398.5
1749266728,394.00000000,2.05800000,398.5
1749266728,393.90000000,2.56100000,398.5
1749266728,393.80000000,2.08300000,398.5
1749266728,393.70000000,0.02600000,398.5
1749266728,393.60000000,13.33200000,398.5
1749266728,393.50000000,0.09000000,398.5
1749266728,393.40000000,4.01100000,398.5
1749266728,393.30000000,2.76000000,398.5
1749266728,393.20000000,9.25700000,398.5
1749266728,393.10000000,0.06500000,398.5
1749266728,393.00000000,4.54500000,398.5
1749266728,392.90000000,8.49900000,398.5
1749266728,392.80000000,2.08800000,398.5
1749266728,392.70000000,0.48500000,398.5
1749266728,392.60000000,2.09900000,398.5
1749266728,392.50000000,0.13200000,398.5
1749266728,392.40000000,2.08100000,398.5
1749266728,392.30000000,0.04700000,398.5
1749266728,392.20000000,15.21400000,398.5
1749266728,392.10000000,2.05400000,398.5
1749266728,392.00000000,0.43300000,398.5
1749266728,391.90000000,0.02600000,398.5
1749266728,391.80000000,2.05700000,398.5
1749266728,391.70000000,68.40500000,398.5
1749266728,391.60000000,10.55800000,398.5
1749266728,391.50000000,0.11100000,398.5
1749266728,391.40000000,2.93500000,398.5
1749266728,391.30000000,0.34400000,398.5
1749266728,391.20000000,2.05700000,398.5
1749266728,391.10000000,0.08800000,398.5
1749266728,391.00000000,3.27100000,398.5
1749266728,390.90000000,0.02600000,398.5
1749266728,390.80000000,0.22600000,398.5
1749266728,390.70000000,0.02100000,398.5
1749266728,390.60000000,0.01600000,398.5
1749266728,390.50000000,0.05900000,398.5
1749266728,390.40000000,0.02400000,398.5
1749266728,390.30000000,0.01800000,398.5
1749266728,390.20000000,1.33000000,398.5
1749266728,390.10000000,0.47000000,398.5
1749266728,390.00000000,10.70300000,398.5
1749266728,389.80000000,0.02300000,398.5
1749266728,389.50000000,0.06600000,398.5
1749266728,389.30000000,0.01900000,398.5
1749266728,389.20000000,0.18300000,398.5
1749266728,389.00000000,0.94800000,398.5
1749266728,388.90000000,0.01700000,398.5
1749266728,388.70000000,0.06000000,398.5
1749266728,388.60000000,0.02500000,398.5
1749266728,388.50000000,0.02100000,398.5
1749266728,388.40000000,0.04900000,398.5
1749266728,388.30000000,0.02400000,398.5
1749266728,388.10000000,0.03300000,398.5
1749266728,388.00000000,5.17400000,398.5
1749266728,387.90000000,0.01600000,398.5
1749266728,387.70000000,0.14400000,398.5
1749267030,398.00000000,3.67600000,398.0
1749267030,397.90000000,34.92800000,398.0
1749267030,397.80000000,60.27100000,398.0
1749267030,397.70000000,60.27600000,398.0
1749267030,397.60000000,51.87700000,398.0
1749267030,397.50000000,52.27200000,398.0
1749267030,397.40000000,54.46500000,398.0
1749267030,397.30000000,59.51300000,398.0
1749267030,397.20000000,18.90200000,398.0
1749267030,397.10000000,8.70600000,398.0
1749267030,397.00000000,12.69600000,398.0
1749267030,396.90000000,10.94200000,398.0
1749267030,396.80000000,31.39500000,398.0
1749267030,396.70000000,4.86500000,398.0
1749267030,396.60000000,6.18800000,398.0
1749267030,396.50000000,10.49500000,398.0
1749267030,396.40000000,3.88200000,398.0
1749267030,396.30000000,95.59700000,398.0
1749267030,396.20000000,64.25600000,398.0
1749267030,396.10000000,5.72900000,398.0
1749267030,396.00000000,5.95800000,398.0
1749267030,395.90000000,6.90400000,398.0
1749267030,395.80000000,3.70300000,398.0
1749267030,395.70000000,113.48200000,398.0
1749267030,395.60000000,3.67400000,398.0
1749267030,395.50000000,3.88500000,398.0
1749267030,395.40000000,7.17100000,398.0
1749267030,395.30000000,0.27900000,398.0
1749267030,395.20000000,2.33700000,398.0
1749267030,395.10000000,5.04900000,398.0
1749267030,395.00000000,5.08200000,398.0
1749267030,394.90000000,0.05200000,398.0
1749267030,394.80000000,6.76000000,398.0
1749267030,394.70000000,0.02600000,398.0
1749267030,394.60000000,137.71200000,398.0
1749267030,394.50000000,111.77800000,398.0
1749267030,394.40000000,2.38400000,398.0
1749267030,394.30000000,6.17300000,398.0
1749267030,394.20000000,4.82400000,398.0
1749267030,394.10000000,1.88800000,398.0
1749267030,394.00000000,2.05800000,398.0
1749267030,393.90000000,2.56100000,398.0
1749267030,393.80000000,2.08300000,398.0
1749267030,393.70000000,0.02600000,398.0
1749267030,393.60000000,13.33200000,398.0
1749267030,393.50000000,0.09000000,398.0
1749267030,393.40000000,4.01100000,398.0
1749267030,393.30000000,2.76000000,398.0
1749267030,393.20000000,9.25700000,398.0
1749267030,393.10000000,0.06500000,398.0
1749267030,393.00000000,3.86900000,398.0
1749267030,392.90000000,8.49900000,398.0
1749267030,392.80000000,2.76400000,398.0
1749267030,392.70000000,0.48500000,398.0
1749267030,392.60000000,2.09900000,398.0
1749267030,392.50000000,0.13200000,398.0
1749267030,392.40000000,2.08100000,398.0
1749267030,392.30000000,0.04700000,398.0
1749267030,392.20000000,13.84500000,398.0
1749267030,392.10000000,2.05400000,398.0
1749267030,392.00000000,1.80200000,398.0
1749267030,391.90000000,0.02600000,398.0
1749267030,391.80000000,2.05700000,398.0
1749267030,391.70000000,68.40500000,398.0
1749267030,391.60000000,10.55800000,398.0
1749267030,391.50000000,0.11100000,398.0
1749267030,391.40000000,2.93500000,398.0
1749267030,391.30000000,0.34400000,398.0
1749267030,391.20000000,2.05700000,398.0
1749267030,391.10000000,0.08800000,398.0
1749267030,391.00000000,3.27100000,398.0
1749267030,390.90000000,0.02600000,398.0
1749267030,390.80000000,0.25200000,398.0
1749267030,390.70000000,0.04700000,398.0
1749267030,390.60000000,0.04200000,398.0
1749267030,390.50000000,0.08500000,398.0
1749267030,390.40000000,0.02400000,398.0
1749267030,390.30000000,0.01800000,398.0
1749267030,390.10000000,0.47000000,398.0
1749267030,390.00000000,12.03300000,398.0
1749267030,389.80000000,0.02300000,398.0
1749267030,389.50000000,0.06600000,398.0
1749267030,389.30000000,0.01900000,398.0
1749267030,389.20000000,0.18300000,398.0
1749267030,389.00000000,0.94800000,398.0
1749267030,388.90000000,0.01700000,398.0
1749267030,388.70000000,0.06000000,398.0
1749267030,388.60000000,0.02500000,398.0
1749267030,388.50000000,0.02100000,398.0
1749267030,388.40000000,0.04900000,398.0
1749267030,388.30000000,0.02400000,398.0
1749267030,388.10000000,0.03300000,398.0
1749267030,388.00000000,5.17400000,398.0
1749267030,387.90000000,0.01600000,398.0
1749267030,387.70000000,0.14400000,398.0
1749267030,387.60000000,0.01800000,398.0
1749267030,387.50000000,0.28000000,398.0
1749267030,387.40000000,0.08100000,398.0
1749267030,387.30000000,0.01400000,398.0
1749267030,387.20000000,0.04200000,398.0
1749267331,397.60000000,2.16200000,397.6
1749267331,397.50000000,21.72500000,397.6
1749267331,397.40000000,32.62400000,397.6
1749267331,397.30000000,49.31600000,397.6
1749267331,397.20000000,76.52200000,397.6
1749267331,397.10000000,50.00200000,397.6
1749267331,397.00000000,57.14900000,397.6
1749267331,396.90000000,71.00900000,397.6
1749267331,396.80000000,26.21000000,397.6
1749267331,396.70000000,21.35500000,397.6
1749267331,396.60000000,11.41000000,397.6
1749267331,396.50000000,4.92500000,397.6
1749267331,396.40000000,36.44600000,397.6
1749267331,396.30000000,8.96200000,397.6
1749267331,396.20000000,4.05500000,397.6
1749267331,396.10000000,10.21100000,397.6
1749267331,396.00000000,6.02500000,397.6
1749267331,395.90000000,7.61000000,397.6
1749267331,395.80000000,3.71700000,397.6
1749267331,395.70000000,114.03900000,397.6
1749267331,395.60000000,140.02800000,397.6
1749267331,395.50000000,14.03400000,397.6
1749267331,395.40000000,7.93800000,397.6
1749267331,395.30000000,2.79300000,397.6
1749267331,395.20000000,4.06800000,397.6
1749267331,395.10000000,6.39900000,397.6
1749267331,395.00000000,6.43200000,397.6
1749267331,394.90000000,0.05200000,397.6
1749267331,394.80000000,6.34700000,397.6
1749267331,394.70000000,0.02600000,397.6
1749267331,394.60000000,137.71200000,397.6
1749267331,394.50000000,111.77800000,397.6
1749267331,394.40000000,3.73400000,397.6
1749267331,394.30000000,0.13000000,397.6
1749267331,394.20000000,4.57200000,397.6
1749267331,394.10000000,0.31100000,397.6
1749267331,394.00000000,2.07200000,397.6
1749267331,393.90000000,2.81300000,397.6
1749267331,393.80000000,3.85000000,397.6
1749267331,393.70000000,0.27800000,397.6
1749267331,393.60000000,13.34600000,397.6
1749267331,393.50000000,6.13700000,397.6
1749267331,393.40000000,4.01100000,397.6
1749267331,393.30000000,2.76000000,397.6
1749267331,393.20000000,2.08800000,397.6
1749267331,393.10000000,0.06500000,397.6
1749267331,393.00000000,3.86900000,397.6
1749267331,392.90000000,0.81300000,397.6
1749267331,392.80000000,2.08800000,397.6
1749267331,392.70000000,0.48500000,397.6
1749267331,392.60000000,2.09900000,397.6
1749267331,392.50000000,0.13200000,397.6
1749267331,392.40000000,2.08100000,397.6
1749267331,392.30000000,0.04700000,397.6
1749267331,392.20000000,13.84500000,397.6
1749267331,392.10000000,9.24300000,397.6
1749267331,392.00000000,8.92500000,397.6
1749267331,391.90000000,0.02600000,397.6
1749267331,391.80000000,2.05700000,397.6
1749267331,391.70000000,68.40500000,397.6
1749267331,391.60000000,10.55800000,397.6
1749267331,391.50000000,0.04700000,397.6
1749267331,391.40000000,2.93500000,397.6
1749267331,391.30000000,0.34400000,397.6
1749267331,391.20000000,2.05700000,397.6
1749267331,391.10000000,0.08800000,397.6
1749267331,391.00000000,2.48400000,397.6
1749267331,390.90000000,0.02600000,397.6
1749267331,390.80000000,0.25200000,397.6
1749267331,390.70000000,0.04700000,397.6
1749267331,390.60000000,0.04200000,397.6
1749267331,390.50000000,0.08500000,397.6
1749267331,390.40000000,0.05000000,397.6
1749267331,390.30000000,0.04400000,397.6
1749267331,390.20000000,0.09000000,397.6
1749267331,390.10000000,0.49600000,397.6
1749267331,390.00000000,10.70300000,397.6
1749267331,389.80000000,0.02300000,397.6
1749267331,389.50000000,0.06600000,397.6
1749267331,389.30000000,0.01900000,397.6
1749267331,389.20000000,0.18300000,397.6
1749267331,389.10000000,0.78700000,397.6
1749267331,389.00000000,0.43400000,397.6
1749267331,388.90000000,0.01700000,397.6
1749267331,388.70000000,0.06000000,397.6
1749267331,388.60000000,0.02500000,397.6
1749267331,388.50000000,0.02100000,397.6
1749267331,388.40000000,0.04900000,397.6
1749267331,388.30000000,0.02400000,397.6
1749267331,388.10000000,0.03300000,397.6
1749267331,388.00000000,5.17400000,397.6
1749267331,387.90000000,0.01600000,397.6
1749267331,387.70000000,0.14400000,397.6
1749267331,387.60000000,0.01800000,397.6
1749267331,387.50000000,0.28000000,397.6
1749267331,387.40000000,0.08100000,397.6
1749267331,387.30000000,0.01400000,397.6
1749267331,387.20000000,0.04200000,397.6
1749267331,387.10000000,0.13100000,397.6
1749267331,387.00000000,0.12400000,397.6
1749267632,397.80000000,18.03400000,397.9
1749267632,397.70000000,46.18700000,397.9
1749267632,397.60000000,48.88300000,397.9
1749267632,397.50000000,29.37400000,397.9
1749267632,397.40000000,66.70300000,397.9
1749267632,397.30000000,90.24500000,397.9
1749267632,397.20000000,46.59400000,397.9
1749267632,397.10000000,24.63300000,397.9
1749267632,397.00000000,21.39800000,397.9
1749267632,396.90000000,19.75800000,397.9
1749267632,396.80000000,11.16800000,397.9
1749267632,396.70000000,41.94300000,397.9
1749267632,396.60000000,7.18200000,397.9
1749267632,396.50000000,3.92500000,397.9
1749267632,396.40000000,10.13100000,397.9
1749267632,396.30000000,8.96200000,397.9
1749267632,396.20000000,4.05500000,397.9
1749267632,396.10000000,10.21100000,397.9
1749267632,396.00000000,5.95800000,397.9
1749267632,395.90000000,16.71500000,397.9
1749267632,395.80000000,3.71700000,397.9
1749267632,395.70000000,114.03900000,397.9
1749267632,395.60000000,140.02800000,397.9
1749267632,395.50000000,4.85300000,397.9
1749267632,395.40000000,7.93800000,397.9
1749267632,395.30000000,2.79300000,397.9
1749267632,395.20000000,4.06800000,397.9
1749267632,395.10000000,6.39900000,397.9
1749267632,395.00000000,6.43200000,397.9
1749267632,394.90000000,0.05200000,397.9
1749267632,394.80000000,6.34700000,397.9
1749267632,394.70000000,0.02600000,397.9
1749267632,394.60000000,137.71200000,397.9
1749267632,394.50000000,111.77800000,397.9
1749267632,394.40000000,3.73400000,397.9
1749267632,394.30000000,0.13000000,397.9
1749267632,394.20000000,4.57200000,397.9
1749267632,394.10000000,0.31100000,397.9
1749267632,394.00000000,2.32400000,397.9
1749267632,393.90000000,2.56100000,397.9
1749267632,393.80000000,3.85000000,397.9
1749267632,393.70000000,0.02600000,397.9
1749267632,393.60000000,13.34600000,397.9
1749267632,393.50000000,6.13700000,397.9
1749267632,393.40000000,4.01100000,397.9
1749267632,393.30000000,2.76000000,397.9
1749267632,393.20000000,2.08800000,397.9
1749267632,393.10000000,0.85200000,397.9
1749267632,393.00000000,3.86900000,397.9
1749267632,392.90000000,0.81300000,397.9
1749267632,392.80000000,2.08800000,397.9
1749267632,392.70000000,0.48500000,397.9
1749267632,392.60000000,2.09900000,397.9
1749267632,392.50000000,0.13200000,397.9
1749267632,392.40000000,2.08100000,397.9
1749267632,392.30000000,0.04700000,397.9
1749267632,392.20000000,13.84500000,397.9
1749267632,392.10000000,9.24300000,397.9
1749267632,392.00000000,8.92500000,397.9
1749267632,391.90000000,0.02600000,397.9
1749267632,391.80000000,2.05700000,397.9
1749267632,391.70000000,68.40500000,397.9
1749267632,391.60000000,10.55800000,397.9
1749267632,391.50000000,0.04700000,397.9
