timestamp,price,volume,current_price
1749258252,395.30000000,2.75300000,395.4
1749258252,395.20000000,46.56300000,395.4
1749258252,395.10000000,65.30200000,395.4
1749258252,395.00000000,65.90500000,395.4
1749258252,394.90000000,44.37800000,395.4
1749258252,394.80000000,71.17800000,395.4
1749258252,394.70000000,81.77900000,395.4
1749258252,394.60000000,13.84300000,395.4
1749258252,394.50000000,16.88500000,395.4
1749258252,394.40000000,29.59600000,395.4
1749258252,394.30000000,6.17600000,395.4
1749258252,394.20000000,5.55100000,395.4
1749258252,394.10000000,8.83600000,395.4
1749258252,394.00000000,1.43000000,395.4
1749258252,393.90000000,11.46600000,395.4
1749258252,393.80000000,15.65200000,395.4
1749258252,393.70000000,8.92100000,395.4
1749258252,393.60000000,6.58000000,395.4
1749258252,393.50000000,4.47400000,395.4
1749258252,393.40000000,6.52200000,395.4
1749258252,393.30000000,9.82400000,395.4
1749258252,393.20000000,3.45200000,395.4
1749258252,393.10000000,4.18200000,395.4
1749258252,393.00000000,6.51400000,395.4
1749258252,392.90000000,6.65200000,395.4
1749258252,392.80000000,3.45300000,395.4
1749258252,392.70000000,7.11600000,395.4
1749258252,392.60000000,3.70200000,395.4
1749258252,392.50000000,5.28500000,395.4
1749258252,392.40000000,5.96000000,395.4
1749258252,392.30000000,58.71300000,395.4
1749258252,392.20000000,13.84500000,395.4
1749258252,392.10000000,4.82100000,395.4
1749258252,392.00000000,82.43900000,395.4
1749258252,391.90000000,0.02600000,395.4
1749258252,391.80000000,4.82500000,395.4
1749258252,391.70000000,125.54300000,395.4
1749258252,391.60000000,2.56900000,395.4
1749258252,391.50000000,0.04700000,395.4
1749258252,391.40000000,4.61100000,395.4
1749258252,391.30000000,2.92500000,395.4
1749258252,391.20000000,137.29900000,395.4
1749258252,391.10000000,1.37700000,395.4
1749258252,391.00000000,6.85800000,395.4
1749258252,390.90000000,2.53500000,395.4
1749258252,390.80000000,0.95100000,395.4
1749258252,390.70000000,11.08100000,395.4
1749258252,390.60000000,2.07400000,395.4
1749258252,390.50000000,0.09900000,395.4
1749258252,390.40000000,0.07000000,395.4
1749258252,390.30000000,0.04400000,395.4
1749258252,390.20000000,9.28200000,395.4
1749258252,390.10000000,2.99500000,395.4
1749258252,390.00000000,114.07700000,395.4
1749258252,389.90000000,0.81300000,395.4
1749258252,389.80000000,0.06900000,395.4
1749258252,389.70000000,2.54000000,395.4
1749258252,389.60000000,0.02600000,395.4
1749258252,389.50000000,0.09200000,395.4
1749258252,389.40000000,0.02600000,395.4
1749258252,389.30000000,0.04500000,395.4
1749258252,389.20000000,0.20900000,395.4
1749258252,389.10000000,2.54000000,395.4
1749258252,389.00000000,0.98800000,395.4
1749258252,388.90000000,0.04300000,395.4
1749258252,388.80000000,0.02600000,395.4
1749258252,388.70000000,0.08600000,395.4
1749258252,388.60000000,0.05100000,395.4
1749258252,388.50000000,0.04700000,395.4
1749258252,388.40000000,0.07500000,395.4
1749258252,388.30000000,0.05000000,395.4
1749258252,388.20000000,0.09100000,395.4
1749258252,388.10000000,0.31200000,395.4
1749258252,388.00000000,76.74500000,395.4
1749258252,387.90000000,0.04200000,395.4
1749258252,387.80000000,0.02600000,395.4
1749258252,387.70000000,0.14400000,395.4
1749258252,387.60000000,0.01800000,395.4
1749258252,387.50000000,0.29400000,395.4
1749258252,387.40000000,0.08100000,395.4
1749258252,387.30000000,0.01400000,395.4
1749258252,387.20000000,0.04200000,395.4
1749258252,387.10000000,0.91800000,395.4
1749258252,387.00000000,0.12400000,395.4
1749258252,386.90000000,1.68000000,395.4
1749258252,386.70000000,0.25800000,395.4
1749258252,386.60000000,4.22100000,395.4
1749258252,386.50000000,0.55300000,395.4
1749258252,386.40000000,0.17700000,395.4
1749258252,386.30000000,0.05900000,395.4
1749258252,386.20000000,0.04600000,395.4
1749258252,386.10000000,0.02400000,395.4
1749258252,386.00000000,9.36700000,395.4
1749258252,385.90000000,3.77600000,395.4
1749258252,385.80000000,0.04900000,395.4
1749258252,385.70000000,0.01600000,395.4
1749258252,385.50000000,0.03600000,395.4
1749258252,385.40000000,0.06300000,395.4
1749258252,385.20000000,0.05000000,395.4
1749258252,385.10000000,26.75500000,395.4
1749258560,395.20000000,5.56300000,395.2
1749258560,395.10000000,36.30100000,395.2
1749258560,395.00000000,24.56100000,395.2
1749258560,394.90000000,62.08900000,395.2
1749258560,394.80000000,58.05000000,395.2
1749258560,394.70000000,55.91300000,395.2
1749258560,394.60000000,68.30300000,395.2
1749258560,394.50000000,48.14600000,395.2
1749258560,394.40000000,41.04700000,395.2
1749258560,394.30000000,9.07700000,395.2
1749258560,394.20000000,30.38100000,395.2
1749258560,394.10000000,30.07500000,395.2
1749258560,394.00000000,3.41000000,395.2
1749258560,393.90000000,10.78000000,395.2
1749258560,393.80000000,3.72000000,395.2
1749258560,393.70000000,6.39900000,395.2
1749258560,393.60000000,12.40400000,395.2
1749258560,393.50000000,4.47400000,395.2
1749258560,393.40000000,68.52400000,395.2
1749258560,393.30000000,9.38600000,395.2
1749258560,393.20000000,3.45200000,395.2
1749258560,393.10000000,87.47100000,395.2
1749258560,393.00000000,6.61600000,395.2
1749258560,392.90000000,11.75100000,395.2
1749258560,392.80000000,112.09100000,395.2
1749258560,392.70000000,7.11600000,395.2
1749258560,392.60000000,3.70200000,395.2
1749258560,392.50000000,5.66900000,395.2
1749258560,392.40000000,5.96000000,395.2
1749258560,392.30000000,143.90800000,395.2
1749258560,392.20000000,13.84500000,395.2
1749258560,392.10000000,4.82100000,395.2
1749258560,392.00000000,1.61300000,395.2
1749258560,391.90000000,0.02600000,395.2
1749258560,391.80000000,4.82500000,395.2
1749258560,391.70000000,8.54300000,395.2
1749258560,391.60000000,2.56900000,395.2
1749258560,391.50000000,0.04700000,395.2
1749258560,391.40000000,4.61100000,395.2
1749258560,391.30000000,3.17900000,395.2
1749258560,391.20000000,2.07200000,395.2
1749258560,391.10000000,111.87000000,395.2
1749258560,391.00000000,12.96100000,395.2
1749258560,390.90000000,2.53500000,395.2
1749258560,390.80000000,0.27100000,395.2
1749258560,390.70000000,19.60100000,395.2
1749258560,390.60000000,2.07400000,395.2
1749258560,390.50000000,0.09900000,395.2
1749258560,390.40000000,0.07000000,395.2
1749258560,390.30000000,0.04400000,395.2
1749258560,390.20000000,9.28200000,395.2
1749258560,390.10000000,2.99500000,395.2
1749258560,390.00000000,5.21100000,395.2
1749258560,389.90000000,0.81300000,395.2
1749258560,389.80000000,0.06900000,395.2
1749258560,389.70000000,2.54000000,395.2
1749258560,389.60000000,0.02600000,395.2
1749258560,389.50000000,0.09200000,395.2
1749258560,389.40000000,0.02600000,395.2
1749258560,389.30000000,0.04500000,395.2
1749258560,389.20000000,1.58700000,395.2
1749258560,389.10000000,72.02900000,395.2
1749258560,389.00000000,0.98800000,395.2
1749258560,388.90000000,0.04300000,395.2
1749258560,388.80000000,0.02600000,395.2
1749258560,388.70000000,0.08600000,395.2
1749258560,388.60000000,0.05100000,395.2
1749258560,388.50000000,0.04700000,395.2
1749258560,388.40000000,0.07500000,395.2
1749258560,388.30000000,0.05000000,395.2
1749258560,388.20000000,0.09100000,395.2
1749258560,388.10000000,0.31200000,395.2
1749258560,388.00000000,5.20000000,395.2
1749258560,387.90000000,0.04200000,395.2
1749258560,387.80000000,0.02600000,395.2
1749258560,387.70000000,0.17000000,395.2
1749258560,387.60000000,0.01800000,395.2
1749258560,387.50000000,0.29400000,395.2
1749258560,387.40000000,0.08100000,395.2
1749258560,387.30000000,0.01400000,395.2
1749258560,387.20000000,1.38200000,395.2
1749258560,387.10000000,0.91800000,395.2
1749258560,387.00000000,0.12400000,395.2
1749258560,386.90000000,1.68000000,395.2
1749258560,386.70000000,0.25800000,395.2
1749258560,386.60000000,4.22100000,395.2
1749258560,386.50000000,0.55300000,395.2
1749258560,386.40000000,0.17700000,395.2
1749258560,386.30000000,0.05900000,395.2
1749258560,386.20000000,27.21400000,395.2
1749258560,386.10000000,0.02400000,395.2
1749258560,386.00000000,9.36700000,395.2
1749258560,385.90000000,3.77600000,395.2
1749258560,385.80000000,0.04900000,395.2
1749258560,385.70000000,0.01600000,395.2
1749258560,385.50000000,0.03600000,395.2
1749258560,385.40000000,0.06300000,395.2
1749258560,385.20000000,0.05000000,395.2
1749258560,385.00000000,12.25100000,395.2
1749258560,384.70000000,0.02100000,395.2
1749258875,395.50000000,0.08400000,395.5
1749258875,395.40000000,31.99100000,395.5
1749258875,395.30000000,30.66500000,395.5
1749258875,395.20000000,38.69600000,395.5
1749258875,395.10000000,61.49600000,395.5
1749258875,395.00000000,30.92400000,395.5
1749258875,394.90000000,73.69100000,395.5
1749258875,394.80000000,34.46600000,395.5
1749258875,394.70000000,60.05500000,395.5
1749258875,394.60000000,51.77100000,395.5
1749258875,394.50000000,14.34400000,395.5
1749258875,394.40000000,18.62100000,395.5
1749258875,394.30000000,6.17600000,395.5
1749258875,394.20000000,10.65000000,395.5
1749258875,394.10000000,29.03200000,395.5
1749258875,394.00000000,9.64000000,395.5
1749258875,393.90000000,10.22100000,395.5
1749258875,393.80000000,3.72000000,395.5
1749258875,393.70000000,11.25300000,395.5
1749258875,393.60000000,6.58000000,395.5
1749258875,393.50000000,4.22100000,395.5
1749258875,393.40000000,61.28300000,395.5
1749258875,393.30000000,9.38600000,395.5
1749258875,393.20000000,3.45200000,395.5
1749258875,393.10000000,85.91100000,395.5
1749258875,393.00000000,6.51400000,395.5
1749258875,392.90000000,8.42200000,395.5
1749258875,392.80000000,112.09100000,395.5
1749258875,392.70000000,7.11600000,395.5
1749258875,392.60000000,3.70200000,395.5
1749258875,392.50000000,5.66900000,395.5
1749258875,392.40000000,4.67300000,395.5
1749258875,392.30000000,142.55800000,395.5
1749258875,392.20000000,13.84500000,395.5
1749258875,392.10000000,4.82100000,395.5
1749258875,392.00000000,0.46200000,395.5
1749258875,391.90000000,0.02600000,395.5
1749258875,391.80000000,10.91500000,395.5
1749258875,391.70000000,8.54300000,395.5
1749258875,391.60000000,2.56900000,395.5
1749258875,391.50000000,0.04700000,395.5
1749258875,391.40000000,4.61100000,395.5
1749258875,391.30000000,2.92500000,395.5
1749258875,391.20000000,2.13500000,395.5
1749258875,391.10000000,111.61600000,395.5
1749258875,391.00000000,6.85800000,395.5
1749258875,390.90000000,2.53500000,395.5
1749258875,390.80000000,0.27100000,395.5
1749258875,390.70000000,11.08100000,395.5
1749258875,390.60000000,2.13700000,395.5
1749258875,390.50000000,0.09900000,395.5
1749258875,390.40000000,0.75000000,395.5
1749258875,390.30000000,0.04400000,395.5
1749258875,390.20000000,9.28200000,395.5
1749258875,390.10000000,2.99500000,395.5
1749258875,390.00000000,4.43500000,395.5
1749258875,389.90000000,9.35100000,395.5
1749258875,389.80000000,0.06900000,395.5
1749258875,389.70000000,2.54000000,395.5
1749258875,389.60000000,1.40400000,395.5
1749258875,389.50000000,0.09200000,395.5
1749258875,389.40000000,0.02600000,395.5
1749258875,389.30000000,0.04500000,395.5
1749258875,389.20000000,0.20900000,395.5
1749258875,389.10000000,72.02900000,395.5
1749258875,389.00000000,0.98800000,395.5
1749258875,388.90000000,0.04300000,395.5
1749258875,388.80000000,0.02600000,395.5
1749258875,388.70000000,0.08600000,395.5
1749258875,388.60000000,0.05100000,395.5
1749258875,388.50000000,0.04700000,395.5
1749258875,388.40000000,0.07500000,395.5
1749258875,388.30000000,0.05000000,395.5
1749258875,388.20000000,0.02600000,395.5
1749258875,388.10000000,0.31200000,395.5
1749258875,388.00000000,5.20000000,395.5
1749258875,387.90000000,0.01600000,395.5
1749258875,387.70000000,0.14400000,395.5
1749258875,387.60000000,1.35600000,395.5
1749258875,387.50000000,0.29400000,395.5
1749258875,387.40000000,0.08100000,395.5
1749258875,387.30000000,0.01400000,395.5
1749258875,387.20000000,0.04200000,395.5
1749258875,387.10000000,0.91800000,395.5
1749258875,387.00000000,0.12400000,395.5
1749258875,386.90000000,1.68000000,395.5
1749258875,386.70000000,0.25800000,395.5
1749258875,386.60000000,4.22100000,395.5
1749258875,386.50000000,0.55300000,395.5
1749258875,386.40000000,0.17700000,395.5
1749258875,386.30000000,0.05900000,395.5
1749258875,386.20000000,27.21400000,395.5
1749258875,386.10000000,0.02400000,395.5
1749258875,386.00000000,9.36700000,395.5
1749258875,385.90000000,3.77600000,395.5
1749258875,385.80000000,0.04900000,395.5
1749258875,385.70000000,0.01600000,395.5
1749258875,385.50000000,0.03600000,395.5
1749258875,385.40000000,0.06300000,395.5
1749258875,385.20000000,0.05000000,395.5
1749259177,395.50000000,11.69700000,395.5
1749259177,395.40000000,47.35900000,395.5
1749259177,395.30000000,38.43900000,395.5
1749259177,395.20000000,70.51900000,395.5
1749259177,395.10000000,50.44500000,395.5
1749259177,395.00000000,55.99000000,395.5
1749259177,394.90000000,53.63400000,395.5
1749259177,394.80000000,41.06400000,395.5
1749259177,394.70000000,42.87800000,395.5
1749259177,394.60000000,15.25400000,395.5
1749259177,394.50000000,36.79900000,395.5
1749259177,394.40000000,2.44800000,395.5
1749259177,394.30000000,19.74200000,395.5
1749259177,394.20000000,10.64600000,395.5
1749259177,394.10000000,16.44000000,395.5
1749259177,394.00000000,1.58500000,395.5
1749259177,393.90000000,10.78000000,395.5
1749259177,393.80000000,9.60100000,395.5
1749259177,393.70000000,9.72600000,395.5
1749259177,393.60000000,7.15900000,395.5
1749259177,393.50000000,4.22100000,395.5
1749259177,393.40000000,61.28300000,395.5
1749259177,393.30000000,9.38600000,395.5
1749259177,393.20000000,3.45200000,395.5
1749259177,393.10000000,87.47100000,395.5
1749259177,393.00000000,6.51400000,395.5
1749259177,392.90000000,8.42200000,395.5
1749259177,392.80000000,112.47500000,395.5
1749259177,392.70000000,7.11600000,395.5
1749259177,392.60000000,3.70200000,395.5
1749259177,392.50000000,3.93500000,395.5
1749259177,392.40000000,4.67300000,395.5
1749259177,392.30000000,142.55800000,395.5
1749259177,392.20000000,13.84500000,395.5
1749259177,392.10000000,4.82100000,395.5
1749259177,392.00000000,0.46200000,395.5
1749259177,391.90000000,0.02600000,395.5
1749259177,391.80000000,10.91500000,395.5
1749259177,391.70000000,0.04400000,395.5
1749259177,391.60000000,2.56900000,395.5
1749259177,391.50000000,0.04700000,395.5
1749259177,391.40000000,4.45300000,395.5
1749259177,391.30000000,2.92500000,395.5
1749259177,391.20000000,2.13500000,395.5
1749259177,391.10000000,111.61600000,395.5
1749259177,391.00000000,6.85800000,395.5
1749259177,390.90000000,2.53500000,395.5
1749259177,390.80000000,8.78900000,395.5
1749259177,390.70000000,2.56100000,395.5
1749259177,390.60000000,2.13700000,395.5
1749259177,390.50000000,0.09900000,395.5
1749259177,390.40000000,0.07000000,395.5
1749259177,390.30000000,0.04400000,395.5
1749259177,390.20000000,9.96400000,395.5
1749259177,390.10000000,2.99500000,395.5
1749259177,390.00000000,4.43500000,395.5
1749259177,389.90000000,9.35100000,395.5
1749259177,389.80000000,0.06900000,395.5
1749259177,389.70000000,2.54000000,395.5
1749259177,389.60000000,8.57000000,395.5
1749259177,389.50000000,0.09200000,395.5
1749259177,389.40000000,1.40400000,395.5
1749259177,389.30000000,0.04500000,395.5
1749259177,389.20000000,0.20900000,395.5
1749259177,389.10000000,72.02900000,395.5
1749259177,389.00000000,0.98800000,395.5
1749259177,388.90000000,0.04300000,395.5
1749259177,388.80000000,0.02600000,395.5
1749259177,388.70000000,0.08600000,395.5
1749259177,388.60000000,0.05100000,395.5
1749259177,388.50000000,0.04700000,395.5
1749259177,388.40000000,0.07500000,395.5
1749259177,388.30000000,0.05000000,395.5
1749259177,388.20000000,0.02600000,395.5
1749259177,388.10000000,0.31200000,395.5
1749259177,388.00000000,5.20000000,395.5
1749259177,387.90000000,0.01600000,395.5
1749259177,387.70000000,0.14400000,395.5
1749259177,387.60000000,0.01800000,395.5
1749259177,387.50000000,0.29400000,395.5
1749259177,387.40000000,1.41900000,395.5
1749259177,387.30000000,0.01400000,395.5
1749259177,387.20000000,0.04200000,395.5
1749259177,387.10000000,0.91800000,395.5
1749259177,387.00000000,0.12400000,395.5
1749259177,386.90000000,1.68000000,395.5
1749259177,386.70000000,0.25800000,395.5
1749259177,386.60000000,4.22100000,395.5
1749259177,386.50000000,0.55300000,395.5
1749259177,386.40000000,0.17700000,395.5
1749259177,386.30000000,0.05900000,395.5
1749259177,386.20000000,27.21400000,395.5
1749259177,386.10000000,0.02400000,395.5
1749259177,386.00000000,9.36700000,395.5
1749259177,385.90000000,3.77600000,395.5
1749259177,385.80000000,0.04900000,395.5
1749259177,385.70000000,0.01600000,395.5
1749259177,385.50000000,0.03600000,395.5
1749259177,385.40000000,0.06300000,395.5
1749259177,385.20000000,0.05000000,395.5
