timestamp,price,volume,current_price
1749260850,0.08630000,16167.00000000,0.0863
1749260850,0.08620000,120337.70000000,0.0863
1749260850,0.08610000,204339.40000000,0.0863
1749260850,0.08600000,80089.50000000,0.0863
1749260850,0.08590000,167970.40000000,0.0863
1749260850,0.08580000,137209.30000000,0.0863
1749260850,0.08570000,27857.10000000,0.0863
1749260850,0.08560000,110813.80000000,0.0863
1749260850,0.08550000,38331.50000000,0.0863
1749260850,0.08540000,124695.60000000,0.0863
1749260850,0.08530000,13819.10000000,0.0863
1749260850,0.08520000,12310.70000000,0.0863
1749260850,0.08510000,10087.00000000,0.0863
1749260850,0.08500000,59177.00000000,0.0863
1749260850,0.08490000,12311.70000000,0.0863
1749260850,0.08480000,12311.90000000,0.0863
1749260850,0.08470000,18693.00000000,0.0863
1749260850,0.08460000,12684.50000000,0.0863
1749260850,0.08450000,12481.40000000,0.0863
1749260850,0.08440000,12221.90000000,0.0863
1749260850,0.08430000,27714.90000000,0.0863
1749260850,0.08420000,12577.80000000,0.0863
1749260850,0.08410000,12221.90000000,0.0863
1749260850,0.08400000,19524.50000000,0.0863
1749260850,0.08390000,12221.90000000,0.0863
1749260850,0.08380000,18260.20000000,0.0863
1749260850,0.08370000,15244.10000000,0.0863
1749260850,0.08360000,6504.30000000,0.0863
1749260850,0.08350000,12191.00000000,0.0863
1749260850,0.08340000,6504.40000000,0.0863
1749260850,0.08330000,6504.50000000,0.0863
1749260850,0.08320000,6504.60000000,0.0863
1749260850,0.08310000,6504.70000000,0.0863
1749260850,0.08300000,8215.50000000,0.0863
1749260850,0.08290000,8685.70000000,0.0863
1749260850,0.08280000,6505.00000000,0.0863
1749260850,0.08270000,6416.60000000,0.0863
1749260850,0.08260000,116.60000000,0.0863
1749260850,0.08250000,224.60000000,0.0863
1749260850,0.08240000,7637.60000000,0.0863
1749260850,0.08230000,116.60000000,0.0863
1749260850,0.08220000,116.60000000,0.0863
1749260850,0.08210000,116.60000000,0.0863
1749260850,0.08200000,14776.50000000,0.0863
1749260850,0.08190000,116.60000000,0.0863
1749260850,0.08180000,116.60000000,0.0863
1749260850,0.08170000,116.60000000,0.0863
1749260850,0.08160000,6918.10000000,0.0863
1749260850,0.08150000,116.60000000,0.0863
1749260850,0.08140000,227.20000000,0.0863
1749260850,0.08130000,1346.60000000,0.0863
1749260850,0.08120000,178.20000000,0.0863
1749260850,0.08110000,116.60000000,0.0863
1749260850,0.08100000,15156.00000000,0.0863
1749260850,0.08090000,116.60000000,0.0863
1749260850,0.08080000,178.60000000,0.0863
1749260850,0.08070000,1045.80000000,0.0863
1749260850,0.08060000,756.20000000,0.0863
1749260850,0.08050000,116.60000000,0.0863
1749260850,0.08040000,116.60000000,0.0863
1749260850,0.08030000,116.60000000,0.0863
1749260850,0.08020000,179.00000000,0.0863
1749260850,0.08010000,5035.50000000,0.0863
1749260850,0.08000000,63389.20000000,0.0863
1749260850,0.07990000,116.60000000,0.0863
1749260850,0.07980000,116.60000000,0.0863
1749260850,0.07970000,116.60000000,0.0863
1749260850,0.07960000,914.30000000,0.0863
1749260850,0.07950000,921.50000000,0.0863
1749260850,0.07940000,116.60000000,0.0863
1749260850,0.07930000,116.60000000,0.0863
1749260850,0.07920000,179.80000000,0.0863
1749260850,0.07910000,236.70000000,0.0863
1749260850,0.07900000,1923.10000000,0.0863
1749260850,0.07890000,115.70000000,0.0863
1749260850,0.07880000,268.00000000,0.0863
1749260850,0.07850000,71.30000000,0.0863
1749260850,0.07830000,89.30000000,0.0863
1749260850,0.07820000,64.00000000,0.0863
1749260850,0.07800000,76.80000000,0.0863
1749260850,0.07770000,128.70000000,0.0863
1749260850,0.07760000,281.20000000,0.0863
1749260850,0.07720000,64.80000000,0.0863
1749260850,0.07700000,974.00000000,0.0863
1749260850,0.07680000,1376.20000000,0.0863
1749260850,0.07670000,66.40000000,0.0863
1749260850,0.07660000,326.30000000,0.0863
1749260850,0.07630000,108.00000000,0.0863
1749260850,0.07620000,65.70000000,0.0863
1749260850,0.07600000,197.30000000,0.0863
1749260850,0.07580000,2651.70000000,0.0863
1749260850,0.07520000,66.50000000,0.0863
1749260850,0.07500000,2469.70000000,0.0863
1749260850,0.07480000,4934.50000000,0.0863
1749260850,0.07470000,763.50000000,0.0863
1749260850,0.07420000,67.40000000,0.0863
1749260850,0.07410000,1727.30000000,0.0863
1749260850,0.07400000,1891.80000000,0.0863
1749260850,0.07380000,12319.30000000,0.0863
1749260850,0.07370000,2362.50000000,0.0863
1749261176,0.08630000,39410.10000000,0.0863
1749261176,0.08620000,190278.90000000,0.0863
1749261176,0.08610000,188694.60000000,0.0863
1749261176,0.08600000,121548.60000000,0.0863
1749261176,0.08590000,151218.10000000,0.0863
1749261176,0.08580000,114208.10000000,0.0863
1749261176,0.08570000,34394.90000000,0.0863
1749261176,0.08560000,40909.10000000,0.0863
1749261176,0.08550000,38331.50000000,0.0863
1749261176,0.08540000,106707.40000000,0.0863
1749261176,0.08530000,13819.10000000,0.0863
1749261176,0.08520000,12310.70000000,0.0863
1749261176,0.08510000,16440.40000000,0.0863
1749261176,0.08500000,52816.10000000,0.0863
1749261176,0.08490000,12311.70000000,0.0863
1749261176,0.08480000,12311.90000000,0.0863
1749261176,0.08470000,18693.00000000,0.0863
1749261176,0.08460000,13038.80000000,0.0863
1749261176,0.08450000,12481.40000000,0.0863
1749261176,0.08440000,18060.80000000,0.0863
1749261176,0.08430000,27714.90000000,0.0863
1749261176,0.08420000,12221.90000000,0.0863
1749261176,0.08410000,12221.90000000,0.0863
1749261176,0.08400000,22816.40000000,0.0863
1749261176,0.08390000,12221.90000000,0.0863
1749261176,0.08380000,12221.90000000,0.0863
1749261176,0.08370000,15244.10000000,0.0863
1749261176,0.08360000,6504.30000000,0.0863
1749261176,0.08350000,8907.40000000,0.0863
1749261176,0.08340000,6504.40000000,0.0863
1749261176,0.08330000,6504.50000000,0.0863
1749261176,0.08320000,6504.60000000,0.0863
1749261176,0.08310000,6504.70000000,0.0863
1749261176,0.08300000,10394.00000000,0.0863
1749261176,0.08290000,6504.90000000,0.0863
1749261176,0.08280000,6505.00000000,0.0863
1749261176,0.08270000,6416.60000000,0.0863
1749261176,0.08260000,116.60000000,0.0863
1749261176,0.08250000,224.60000000,0.0863
1749261176,0.08240000,7637.60000000,0.0863
1749261176,0.08230000,116.60000000,0.0863
1749261176,0.08220000,116.60000000,0.0863
1749261176,0.08210000,116.60000000,0.0863
1749261176,0.08200000,14776.50000000,0.0863
1749261176,0.08190000,116.60000000,0.0863
1749261176,0.08180000,116.60000000,0.0863
1749261176,0.08170000,239.00000000,0.0863
1749261176,0.08160000,495.50000000,0.0863
1749261176,0.08150000,116.60000000,0.0863
1749261176,0.08140000,227.20000000,0.0863
1749261176,0.08130000,1346.60000000,0.0863
1749261176,0.08120000,178.20000000,0.0863
1749261176,0.08110000,116.60000000,0.0863
1749261176,0.08100000,15156.00000000,0.0863
1749261176,0.08090000,116.60000000,0.0863
1749261176,0.08080000,178.60000000,0.0863
1749261176,0.08070000,1045.80000000,0.0863
1749261176,0.08060000,756.20000000,0.0863
1749261176,0.08050000,116.60000000,0.0863
1749261176,0.08040000,116.60000000,0.0863
1749261176,0.08030000,116.60000000,0.0863
1749261176,0.08020000,179.00000000,0.0863
1749261176,0.08010000,5035.50000000,0.0863
1749261176,0.08000000,63389.20000000,0.0863
1749261176,0.07990000,116.60000000,0.0863
1749261176,0.07980000,116.60000000,0.0863
1749261176,0.07970000,116.60000000,0.0863
1749261176,0.07960000,914.30000000,0.0863
1749261176,0.07950000,921.50000000,0.0863
1749261176,0.07940000,116.60000000,0.0863
1749261176,0.07930000,116.60000000,0.0863
1749261176,0.07920000,179.80000000,0.0863
1749261176,0.07910000,236.70000000,0.0863
1749261176,0.07900000,1923.10000000,0.0863
1749261176,0.07890000,115.70000000,0.0863
1749261176,0.07880000,268.00000000,0.0863
1749261176,0.07850000,71.30000000,0.0863
1749261176,0.07830000,89.30000000,0.0863
1749261176,0.07820000,64.00000000,0.0863
1749261176,0.07800000,76.80000000,0.0863
1749261176,0.07770000,128.70000000,0.0863
1749261176,0.07760000,281.20000000,0.0863
1749261176,0.07720000,64.80000000,0.0863
1749261176,0.07700000,974.00000000,0.0863
1749261176,0.07680000,1376.20000000,0.0863
1749261176,0.07670000,66.40000000,0.0863
1749261176,0.07660000,326.30000000,0.0863
1749261176,0.07630000,108.00000000,0.0863
1749261176,0.07620000,65.70000000,0.0863
1749261176,0.07600000,197.30000000,0.0863
1749261176,0.07580000,2651.70000000,0.0863
1749261176,0.07520000,66.50000000,0.0863
1749261176,0.07500000,2469.70000000,0.0863
1749261176,0.07480000,4934.50000000,0.0863
1749261176,0.07470000,763.10000000,0.0863
1749261176,0.07420000,67.40000000,0.0863
1749261176,0.07410000,1727.30000000,0.0863
1749261176,0.07400000,1891.80000000,0.0863
1749261176,0.07380000,12319.30000000,0.0863
1749261176,0.07370000,2362.50000000,0.0863
1749261490,0.08640000,11877.90000000,0.0864
1749261490,0.08630000,107472.60000000,0.0864
1749261490,0.08620000,230640.40000000,0.0864
1749261490,0.08610000,149770.00000000,0.0864
1749261490,0.08600000,205000.20000000,0.0864
1749261490,0.08590000,32795.70000000,0.0864
1749261490,0.08580000,110091.70000000,0.0864
1749261490,0.08570000,29930.70000000,0.0864
1749261490,0.08560000,35091.80000000,0.0864
1749261490,0.08550000,44293.90000000,0.0864
1749261490,0.08540000,94907.40000000,0.0864
1749261490,0.08530000,13819.10000000,0.0864
1749261490,0.08520000,12310.70000000,0.0864
1749261490,0.08510000,16440.40000000,0.0864
1749261490,0.08500000,52816.10000000,0.0864
1749261490,0.08490000,18680.10000000,0.0864
1749261490,0.08480000,12311.90000000,0.0864
1749261490,0.08470000,12309.60000000,0.0864
1749261490,0.08460000,13038.80000000,0.0864
1749261490,0.08450000,12481.40000000,0.0864
1749261490,0.08440000,18151.10000000,0.0864
1749261490,0.08430000,27714.90000000,0.0864
1749261490,0.08420000,12221.90000000,0.0864
1749261490,0.08410000,12221.90000000,0.0864
1749261490,0.08400000,22816.40000000,0.0864
1749261490,0.08390000,12221.90000000,0.0864
1749261490,0.08380000,12221.90000000,0.0864
1749261490,0.08370000,15244.10000000,0.0864
1749261490,0.08360000,6504.30000000,0.0864
1749261490,0.08350000,8907.40000000,0.0864
1749261490,0.08340000,6504.40000000,0.0864
1749261490,0.08330000,6504.50000000,0.0864
1749261490,0.08320000,6504.60000000,0.0864
1749261490,0.08310000,6504.70000000,0.0864
1749261490,0.08300000,8215.50000000,0.0864
1749261490,0.08290000,8685.90000000,0.0864
1749261490,0.08280000,6505.00000000,0.0864
1749261490,0.08270000,6416.60000000,0.0864
1749261490,0.08260000,116.60000000,0.0864
1749261490,0.08250000,224.60000000,0.0864
1749261490,0.08240000,7637.60000000,0.0864
1749261490,0.08230000,116.60000000,0.0864
1749261490,0.08220000,116.60000000,0.0864
1749261490,0.08210000,116.60000000,0.0864
1749261490,0.08200000,14776.50000000,0.0864
1749261490,0.08190000,116.60000000,0.0864
1749261490,0.08180000,116.60000000,0.0864
1749261490,0.08170000,239.00000000,0.0864
1749261490,0.08160000,495.50000000,0.0864
1749261490,0.08150000,116.60000000,0.0864
1749261490,0.08140000,227.20000000,0.0864
1749261490,0.08130000,1346.60000000,0.0864
1749261490,0.08120000,178.20000000,0.0864
1749261490,0.08110000,116.60000000,0.0864
1749261490,0.08100000,15156.00000000,0.0864
1749261490,0.08090000,116.60000000,0.0864
1749261490,0.08080000,178.60000000,0.0864
1749261490,0.08070000,1045.80000000,0.0864
1749261490,0.08060000,756.20000000,0.0864
1749261490,0.08050000,116.60000000,0.0864
1749261490,0.08040000,116.60000000,0.0864
1749261490,0.08030000,116.60000000,0.0864
1749261490,0.08020000,179.00000000,0.0864
1749261490,0.08010000,5035.50000000,0.0864
1749261490,0.08000000,63389.20000000,0.0864
1749261490,0.07990000,116.60000000,0.0864
1749261490,0.07980000,116.60000000,0.0864
1749261490,0.07970000,116.60000000,0.0864
1749261490,0.07960000,914.30000000,0.0864
1749261490,0.07950000,921.50000000,0.0864
1749261490,0.07940000,116.60000000,0.0864
1749261490,0.07930000,116.60000000,0.0864
1749261490,0.07920000,179.80000000,0.0864
1749261490,0.07910000,236.70000000,0.0864
1749261490,0.07900000,1923.10000000,0.0864
1749261490,0.07890000,115.70000000,0.0864
1749261490,0.07880000,152.30000000,0.0864
1749261490,0.07850000,71.30000000,0.0864
1749261490,0.07830000,89.30000000,0.0864
1749261490,0.07820000,64.00000000,0.0864
1749261490,0.07800000,76.80000000,0.0864
1749261490,0.07770000,409.50000000,0.0864
1749261490,0.07720000,64.80000000,0.0864
1749261490,0.07700000,974.00000000,0.0864
1749261490,0.07680000,1376.20000000,0.0864
1749261490,0.07670000,66.40000000,0.0864
1749261490,0.07660000,326.30000000,0.0864
1749261490,0.07630000,108.00000000,0.0864
1749261490,0.07620000,65.70000000,0.0864
1749261490,0.07600000,197.30000000,0.0864
1749261490,0.07580000,2651.70000000,0.0864
1749261490,0.07520000,66.50000000,0.0864
1749261490,0.07500000,2469.70000000,0.0864
1749261490,0.07480000,4934.50000000,0.0864
1749261490,0.07470000,763.00000000,0.0864
1749261490,0.07420000,67.40000000,0.0864
1749261490,0.07410000,1727.30000000,0.0864
1749261490,0.07400000,1891.80000000,0.0864
1749261490,0.07380000,12319.30000000,0.0864
1749261490,0.07370000,2362.50000000,0.0864
1749261801,0.08600000,179777.60000000,0.0861
1749261801,0.08590000,245696.10000000,0.0861
1749261801,0.08580000,228827.70000000,0.0861
1749261801,0.08570000,26413.40000000,0.0861
1749261801,0.08560000,125155.20000000,0.0861
1749261801,0.08550000,35464.10000000,0.0861
1749261801,0.08540000,112895.60000000,0.0861
1749261801,0.08530000,22906.10000000,0.0861
1749261801,0.08520000,13023.40000000,0.0861
1749261801,0.08510000,11598.20000000,0.0861
1749261801,0.08500000,57897.50000000,0.0861
1749261801,0.08490000,12311.70000000,0.0861
1749261801,0.08480000,12311.90000000,0.0861
1749261801,0.08470000,25076.40000000,0.0861
1749261801,0.08460000,13038.80000000,0.0861
1749261801,0.08450000,12481.40000000,0.0861
1749261801,0.08440000,12221.90000000,0.0861
1749261801,0.08430000,27714.90000000,0.0861
1749261801,0.08420000,12221.90000000,0.0861
1749261801,0.08410000,12221.90000000,0.0861
1749261801,0.08400000,22816.40000000,0.0861
1749261801,0.08390000,12221.90000000,0.0861
1749261801,0.08380000,18081.20000000,0.0861
1749261801,0.08370000,15244.10000000,0.0861
1749261801,0.08360000,6504.30000000,0.0861
1749261801,0.08350000,8907.40000000,0.0861
1749261801,0.08340000,6504.40000000,0.0861
1749261801,0.08330000,6504.50000000,0.0861
1749261801,0.08320000,6504.60000000,0.0861
1749261801,0.08310000,6504.70000000,0.0861
1749261801,0.08300000,14515.50000000,0.0861
1749261801,0.08290000,8685.50000000,0.0861
1749261801,0.08280000,6505.00000000,0.0861
1749261801,0.08270000,6416.60000000,0.0861
1749261801,0.08260000,116.60000000,0.0861
1749261801,0.08250000,224.60000000,0.0861
1749261801,0.08240000,7637.60000000,0.0861
1749261801,0.08230000,116.60000000,0.0861
1749261801,0.08220000,116.60000000,0.0861
1749261801,0.08210000,116.60000000,0.0861
1749261801,0.08200000,14776.50000000,0.0861
1749261801,0.08190000,116.60000000,0.0861
1749261801,0.08180000,116.60000000,0.0861
1749261801,0.08170000,6539.00000000,0.0861
1749261801,0.08160000,495.50000000,0.0861
1749261801,0.08150000,116.60000000,0.0861
1749261801,0.08140000,227.20000000,0.0861
1749261801,0.08130000,1346.60000000,0.0861
1749261801,0.08120000,178.20000000,0.0861
1749261801,0.08110000,116.60000000,0.0861
1749261801,0.08100000,15156.00000000,0.0861
1749261801,0.08090000,116.60000000,0.0861
1749261801,0.08080000,178.60000000,0.0861
1749261801,0.08070000,1045.80000000,0.0861
1749261801,0.08060000,756.20000000,0.0861
1749261801,0.08050000,116.60000000,0.0861
1749261801,0.08040000,116.60000000,0.0861
1749261801,0.08030000,116.60000000,0.0861
1749261801,0.08020000,179.00000000,0.0861
1749261801,0.08010000,5035.50000000,0.0861
1749261801,0.08000000,63389.20000000,0.0861
1749261801,0.07990000,116.60000000,0.0861
1749261801,0.07980000,116.60000000,0.0861
1749261801,0.07970000,116.60000000,0.0861
1749261801,0.07960000,914.30000000,0.0861
1749261801,0.07950000,921.50000000,0.0861
1749261801,0.07940000,116.60000000,0.0861
1749261801,0.07930000,116.60000000,0.0861
1749261801,0.07920000,179.80000000,0.0861
1749261801,0.07910000,236.70000000,0.0861
1749261801,0.07900000,1923.10000000,0.0861
1749261801,0.07890000,115.70000000,0.0861
1749261801,0.07880000,268.00000000,0.0861
1749261801,0.07870000,115.80000000,0.0861
1749261801,0.07860000,115.90000000,0.0861
1749261801,0.07850000,187.40000000,0.0861
1749261801,0.07830000,89.30000000,0.0861
1749261801,0.07820000,64.00000000,0.0861
1749261801,0.07800000,76.80000000,0.0861
1749261801,0.07770000,128.70000000,0.0861
1749261801,0.07750000,281.60000000,0.0861
1749261801,0.07720000,64.80000000,0.0861
1749261801,0.07700000,974.00000000,0.0861
1749261801,0.07680000,1376.20000000,0.0861
1749261801,0.07670000,66.40000000,0.0861
1749261801,0.07660000,326.30000000,0.0861
1749261801,0.07630000,108.00000000,0.0861
1749261801,0.07620000,65.70000000,0.0861
1749261801,0.07600000,197.30000000,0.0861
1749261801,0.07580000,2651.70000000,0.0861
1749261801,0.07520000,66.50000000,0.0861
1749261801,0.07500000,2469.70000000,0.0861
1749261801,0.07480000,4934.50000000,0.0861
1749261801,0.07460000,763.60000000,0.0861
1749261801,0.07420000,67.40000000,0.0861
1749261801,0.07410000,1727.30000000,0.0861
1749261801,0.07400000,1891.80000000,0.0861
1749261801,0.07380000,12319.30000000,0.0861
1749261801,0.07370000,2362.50000000,0.0861
1749261801,0.07360000,95216.10000000,0.0861
1749262103,0.08600000,85077.10000000,0.0861
1749262103,0.08590000,295024.30000000,0.0861
1749262103,0.08580000,202219.00000000,0.0861
1749262103,0.08570000,165240.60000000,0.0861
1749262103,0.08560000,94384.30000000,0.0861
1749262103,0.08550000,38015.20000000,0.0861
1749262103,0.08540000,112895.60000000,0.0861
1749262103,0.08530000,17095.60000000,0.0861
1749262103,0.08520000,13088.50000000,0.0861
1749262103,0.08510000,9779.80000000,0.0861
1749262103,0.08500000,52087.00000000,0.0861
1749262103,0.08490000,14109.00000000,0.0861
1749262103,0.08480000,12311.90000000,0.0861
1749262103,0.08470000,12309.60000000,0.0861
1749262103,0.08460000,19075.50000000,0.0861
1749262103,0.08450000,18879.90000000,0.0861
1749262103,0.08440000,12221.90000000,0.0861
1749262103,0.08430000,27714.90000000,0.0861
1749262103,0.08420000,12577.80000000,0.0861
1749262103,0.08410000,12221.90000000,0.0861
1749262103,0.08400000,22816.40000000,0.0861
1749262103,0.08390000,12221.90000000,0.0861
1749262103,0.08380000,18081.20000000,0.0861
1749262103,0.08370000,15244.10000000,0.0861
1749262103,0.08360000,6504.30000000,0.0861
1749262103,0.08350000,8907.40000000,0.0861
1749262103,0.08340000,6504.40000000,0.0861
1749262103,0.08330000,6504.50000000,0.0861
1749262103,0.08320000,6504.60000000,0.0861
1749262103,0.08310000,6504.70000000,0.0861
1749262103,0.08300000,14515.50000000,0.0861
1749262103,0.08290000,6504.90000000,0.0861
1749262103,0.08280000,6505.00000000,0.0861
1749262103,0.08270000,6416.60000000,0.0861
1749262103,0.08260000,2305.10000000,0.0861
1749262103,0.08250000,224.60000000,0.0861
1749262103,0.08240000,7637.60000000,0.0861
1749262103,0.08230000,116.60000000,0.0861
1749262103,0.08220000,116.60000000,0.0861
1749262103,0.08210000,116.60000000,0.0861
1749262103,0.08200000,14776.50000000,0.0861
1749262103,0.08190000,116.60000000,0.0861
1749262103,0.08180000,238.90000000,0.0861
1749262103,0.08170000,6416.60000000,0.0861
1749262103,0.08160000,495.50000000,0.0861
1749262103,0.08150000,116.60000000,0.0861
1749262103,0.08140000,227.20000000,0.0861
1749262103,0.08130000,1346.60000000,0.0861
1749262103,0.08120000,178.20000000,0.0861
1749262103,0.08110000,116.60000000,0.0861
1749262103,0.08100000,15156.00000000,0.0861
1749262103,0.08090000,116.60000000,0.0861
1749262103,0.08080000,178.60000000,0.0861
1749262103,0.08070000,1045.80000000,0.0861
1749262103,0.08060000,756.20000000,0.0861
1749262103,0.08050000,116.60000000,0.0861
1749262103,0.08040000,116.60000000,0.0861
1749262103,0.08030000,116.60000000,0.0861
1749262103,0.08020000,179.00000000,0.0861
1749262103,0.08010000,5035.50000000,0.0861
1749262103,0.08000000,63389.20000000,0.0861
1749262103,0.07990000,116.60000000,0.0861
1749262103,0.07980000,116.60000000,0.0861
1749262103,0.07970000,116.60000000,0.0861
1749262103,0.07960000,914.30000000,0.0861
1749262103,0.07950000,921.50000000,0.0861
1749262103,0.07940000,116.60000000,0.0861
1749262103,0.07930000,116.60000000,0.0861
1749262103,0.07920000,179.80000000,0.0861
1749262103,0.07910000,236.70000000,0.0861
1749262103,0.07900000,1923.10000000,0.0861
1749262103,0.07890000,115.70000000,0.0861
1749262103,0.07880000,268.00000000,0.0861
1749262103,0.07870000,115.80000000,0.0861
1749262103,0.07860000,115.90000000,0.0861
1749262103,0.07850000,187.40000000,0.0861
1749262103,0.07830000,89.30000000,0.0861
1749262103,0.07820000,64.00000000,0.0861
1749262103,0.07800000,76.80000000,0.0861
1749262103,0.07770000,128.70000000,0.0861
1749262103,0.07750000,281.60000000,0.0861
1749262103,0.07720000,64.80000000,0.0861
1749262103,0.07700000,974.00000000,0.0861
1749262103,0.07680000,1376.20000000,0.0861
1749262103,0.07670000,66.40000000,0.0861
1749262103,0.07660000,326.30000000,0.0861
1749262103,0.07630000,108.00000000,0.0861
1749262103,0.07620000,65.70000000,0.0861
1749262103,0.07600000,197.30000000,0.0861
1749262103,0.07580000,2651.70000000,0.0861
1749262103,0.07560000,754.10000000,0.0861
1749262103,0.07520000,66.50000000,0.0861
1749262103,0.07500000,2469.70000000,0.0861
1749262103,0.07480000,4934.50000000,0.0861
1749262103,0.07420000,67.40000000,0.0861
1749262103,0.07410000,1727.30000000,0.0861
1749262103,0.07400000,1891.80000000,0.0861
1749262103,0.07380000,12319.30000000,0.0861
1749262103,0.07370000,2362.50000000,0.0861
1749262103,0.07360000,95216.10000000,0.0861
1749262405,0.08630000,32360.00000000,0.0863
1749262405,0.08620000,137952.90000000,0.0863
1749262405,0.08610000,216794.20000000,0.0863
1749262405,0.08600000,128443.70000000,0.0863
1749262405,0.08590000,137350.50000000,0.0863
1749262405,0.08580000,135364.50000000,0.0863
1749262405,0.08570000,97500.90000000,0.0863
1749262405,0.08560000,29257.60000000,0.0863
1749262405,0.08550000,38277.20000000,0.0863
1749262405,0.08540000,118364.50000000,0.0863
1749262405,0.08530000,17095.60000000,0.0863
1749262405,0.08520000,13023.40000000,0.0863
1749262405,0.08510000,17918.10000000,0.0863
1749262405,0.08500000,52087.00000000,0.0863
1749262405,0.08490000,12311.70000000,0.0863
1749262405,0.08480000,12311.90000000,0.0863
1749262405,0.08470000,18693.00000000,0.0863
1749262405,0.08460000,12684.50000000,0.0863
1749262405,0.08450000,12481.40000000,0.0863
1749262405,0.08440000,12221.90000000,0.0863
1749262405,0.08430000,27714.90000000,0.0863
1749262405,0.08420000,12577.80000000,0.0863
1749262405,0.08410000,12221.90000000,0.0863
1749262405,0.08400000,22816.40000000,0.0863
1749262405,0.08390000,18200.30000000,0.0863
1749262405,0.08380000,12221.90000000,0.0863
1749262405,0.08370000,15244.10000000,0.0863
1749262405,0.08360000,6504.30000000,0.0863
1749262405,0.08350000,8907.40000000,0.0863
1749262405,0.08340000,6504.40000000,0.0863
1749262405,0.08330000,6504.50000000,0.0863
1749262405,0.08320000,6504.60000000,0.0863
1749262405,0.08310000,6504.70000000,0.0863
1749262405,0.08300000,14515.50000000,0.0863
1749262405,0.08290000,6504.90000000,0.0863
1749262405,0.08280000,6505.00000000,0.0863
1749262405,0.08270000,6416.60000000,0.0863
1749262405,0.08260000,8605.20000000,0.0863
1749262405,0.08250000,224.60000000,0.0863
1749262405,0.08240000,7637.60000000,0.0863
1749262405,0.08230000,116.60000000,0.0863
1749262405,0.08220000,116.60000000,0.0863
1749262405,0.08210000,116.60000000,0.0863
1749262405,0.08200000,14776.50000000,0.0863
1749262405,0.08190000,116.60000000,0.0863
1749262405,0.08180000,238.90000000,0.0863
1749262405,0.08170000,116.60000000,0.0863
1749262405,0.08160000,495.50000000,0.0863
1749262405,0.08150000,116.60000000,0.0863
1749262405,0.08140000,227.20000000,0.0863
1749262405,0.08130000,1346.60000000,0.0863
1749262405,0.08120000,178.20000000,0.0863
1749262405,0.08110000,116.60000000,0.0863
1749262405,0.08100000,15156.00000000,0.0863
1749262405,0.08090000,116.60000000,0.0863
1749262405,0.08080000,178.60000000,0.0863
1749262405,0.08070000,1045.80000000,0.0863
1749262405,0.08060000,756.20000000,0.0863
1749262405,0.08050000,116.60000000,0.0863
1749262405,0.08040000,116.60000000,0.0863
1749262405,0.08030000,116.60000000,0.0863
1749262405,0.08020000,179.00000000,0.0863
1749262405,0.08010000,5035.50000000,0.0863
1749262405,0.08000000,63389.20000000,0.0863
1749262405,0.07990000,116.60000000,0.0863
1749262405,0.07980000,116.60000000,0.0863
1749262405,0.07970000,116.60000000,0.0863
1749262405,0.07960000,914.30000000,0.0863
1749262405,0.07950000,921.50000000,0.0863
1749262405,0.07940000,116.60000000,0.0863
1749262405,0.07930000,116.60000000,0.0863
1749262405,0.07920000,179.80000000,0.0863
1749262405,0.07910000,236.70000000,0.0863
1749262405,0.07900000,1923.10000000,0.0863
1749262405,0.07890000,115.70000000,0.0863
1749262405,0.07880000,268.00000000,0.0863
1749262405,0.07850000,71.30000000,0.0863
1749262405,0.07830000,89.30000000,0.0863
1749262405,0.07820000,64.00000000,0.0863
1749262405,0.07800000,76.80000000,0.0863
1749262405,0.07770000,128.70000000,0.0863
1749262405,0.07760000,281.20000000,0.0863
1749262405,0.07720000,64.80000000,0.0863
1749262405,0.07700000,974.00000000,0.0863
1749262405,0.07680000,1376.20000000,0.0863
1749262405,0.07670000,66.40000000,0.0863
1749262405,0.07660000,326.30000000,0.0863
1749262405,0.07630000,108.00000000,0.0863
1749262405,0.07620000,65.70000000,0.0863
1749262405,0.07600000,197.30000000,0.0863
1749262405,0.07580000,2651.70000000,0.0863
1749262405,0.07550000,755.30000000,0.0863
1749262405,0.07520000,66.50000000,0.0863
1749262405,0.07500000,2469.70000000,0.0863
1749262405,0.07480000,4934.50000000,0.0863
1749262405,0.07420000,67.40000000,0.0863
1749262405,0.07410000,1727.30000000,0.0863
1749262405,0.07400000,1891.80000000,0.0863
1749262405,0.07380000,12319.30000000,0.0863
1749262405,0.07370000,2362.50000000,0.0863
1749262710,0.08650000,51794.90000000,0.0865
1749262710,0.08640000,216725.50000000,0.0865
1749262710,0.08630000,140973.00000000,0.0865
1749262710,0.08620000,114755.20000000,0.0865
1749262710,0.08610000,100559.50000000,0.0865
1749262710,0.08600000,82682.30000000,0.0865
1749262710,0.08590000,53443.90000000,0.0865
1749262710,0.08580000,115976.40000000,0.0865
1749262710,0.08570000,17146.60000000,0.0865
1749262710,0.08560000,85110.20000000,0.0865
1749262710,0.08550000,50077.20000000,0.0865
1749262710,0.08540000,50726.70000000,0.0865
1749262710,0.08530000,18883.90000000,0.0865
1749262710,0.08520000,13023.40000000,0.0865
1749262710,0.08510000,8268.60000000,0.0865
1749262710,0.08500000,48783.30000000,0.0865
1749262710,0.08490000,18680.10000000,0.0865
1749262710,0.08480000,12311.90000000,0.0865
1749262710,0.08470000,12309.60000000,0.0865
1749262710,0.08460000,18950.90000000,0.0865
1749262710,0.08450000,12481.40000000,0.0865
1749262710,0.08440000,12221.90000000,0.0865
1749262710,0.08430000,27714.90000000,0.0865
1749262710,0.08420000,12221.90000000,0.0865
1749262710,0.08410000,12221.90000000,0.0865
1749262710,0.08400000,22816.40000000,0.0865
1749262710,0.08390000,12221.90000000,0.0865
1749262710,0.08380000,12221.90000000,0.0865
1749262710,0.08370000,15244.10000000,0.0865
1749262710,0.08360000,6504.30000000,0.0865
1749262710,0.08350000,8907.40000000,0.0865
1749262710,0.08340000,6504.40000000,0.0865
1749262710,0.08330000,6504.50000000,0.0865
1749262710,0.08320000,6504.60000000,0.0865
1749262710,0.08310000,6504.70000000,0.0865
1749262710,0.08300000,16693.50000000,0.0865
1749262710,0.08290000,6504.90000000,0.0865
1749262710,0.08280000,6505.00000000,0.0865
1749262710,0.08270000,6416.60000000,0.0865
1749262710,0.08260000,6416.60000000,0.0865
1749262710,0.08250000,224.60000000,0.0865
1749262710,0.08240000,1337.60000000,0.0865
1749262710,0.08230000,116.60000000,0.0865
1749262710,0.08220000,116.60000000,0.0865
1749262710,0.08210000,116.60000000,0.0865
1749262710,0.08200000,8476.50000000,0.0865
1749262710,0.08190000,116.60000000,0.0865
1749262710,0.08180000,238.90000000,0.0865
1749262710,0.08170000,116.60000000,0.0865
1749262710,0.08160000,495.50000000,0.0865
1749262710,0.08150000,116.60000000,0.0865
1749262710,0.08140000,227.20000000,0.0865
1749262710,0.08130000,1346.60000000,0.0865
1749262710,0.08120000,178.20000000,0.0865
1749262710,0.08110000,116.60000000,0.0865
1749262710,0.08100000,15156.00000000,0.0865
1749262710,0.08090000,116.60000000,0.0865
1749262710,0.08080000,178.60000000,0.0865
1749262710,0.08070000,1045.80000000,0.0865
1749262710,0.08060000,756.20000000,0.0865
1749262710,0.08050000,116.60000000,0.0865
1749262710,0.08040000,116.60000000,0.0865
1749262710,0.08030000,116.60000000,0.0865
1749262710,0.08020000,179.00000000,0.0865
1749262710,0.08010000,5035.50000000,0.0865
1749262710,0.08000000,63389.20000000,0.0865
1749262710,0.07990000,116.60000000,0.0865
1749262710,0.07980000,116.60000000,0.0865
1749262710,0.07970000,116.60000000,0.0865
1749262710,0.07960000,914.30000000,0.0865
1749262710,0.07950000,921.50000000,0.0865
1749262710,0.07940000,116.60000000,0.0865
1749262710,0.07930000,116.60000000,0.0865
1749262710,0.07920000,179.80000000,0.0865
1749262710,0.07910000,236.70000000,0.0865
1749262710,0.07900000,1923.10000000,0.0865
1749262710,0.07880000,152.30000000,0.0865
1749262710,0.07850000,71.30000000,0.0865
1749262710,0.07830000,89.30000000,0.0865
1749262710,0.07820000,64.00000000,0.0865
1749262710,0.07800000,76.80000000,0.0865
1749262710,0.07770000,128.70000000,0.0865
1749262710,0.07760000,281.20000000,0.0865
1749262710,0.07720000,64.80000000,0.0865
1749262710,0.07700000,974.00000000,0.0865
1749262710,0.07680000,1376.20000000,0.0865
1749262710,0.07670000,66.40000000,0.0865
1749262710,0.07660000,326.30000000,0.0865
1749262710,0.07630000,108.00000000,0.0865
1749262710,0.07620000,65.70000000,0.0865
1749262710,0.07600000,197.30000000,0.0865
1749262710,0.07580000,2651.70000000,0.0865
1749262710,0.07560000,753.40000000,0.0865
1749262710,0.07520000,66.50000000,0.0865
1749262710,0.07500000,2469.70000000,0.0865
1749262710,0.07480000,4934.50000000,0.0865
1749262710,0.07420000,67.40000000,0.0865
1749262710,0.07410000,1727.30000000,0.0865
1749262710,0.07400000,1891.80000000,0.0865
1749262710,0.07380000,12319.30000000,0.0865
1749263018,0.08650000,10700.70000000,0.0865
1749263018,0.08640000,136216.50000000,0.0865
1749263018,0.08630000,192931.90000000,0.0865
1749263018,0.08620000,136313.80000000,0.0865
1749263018,0.08610000,120865.50000000,0.0865
1749263018,0.08600000,133851.50000000,0.0865
1749263018,0.08590000,40923.40000000,0.0865
1749263018,0.08580000,42090.90000000,0.0865
1749263018,0.08570000,94924.00000000,0.0865
1749263018,0.08560000,34741.30000000,0.0865
1749263018,0.08550000,39782.40000000,0.0865
1749263018,0.08540000,32738.50000000,0.0865
1749263018,0.08530000,56107.10000000,0.0865
1749263018,0.08520000,19369.40000000,0.0865
1749263018,0.08510000,8268.60000000,0.0865
1749263018,0.08500000,10143.60000000,0.0865
1749263018,0.08490000,12311.70000000,0.0865
1749263018,0.08480000,12311.90000000,0.0865
1749263018,0.08470000,18693.00000000,0.0865
1749263018,0.08460000,28021.80000000,0.0865
1749263018,0.08450000,18540.90000000,0.0865
1749263018,0.08440000,12221.90000000,0.0865
1749263018,0.08430000,12221.90000000,0.0865
1749263018,0.08420000,12221.90000000,0.0865
1749263018,0.08410000,12221.90000000,0.0865
1749263018,0.08400000,38066.70000000,0.0865
1749263018,0.08390000,12221.90000000,0.0865
1749263018,0.08380000,12221.90000000,0.0865
1749263018,0.08370000,204.30000000,0.0865
1749263018,0.08360000,6504.30000000,0.0865
1749263018,0.08350000,8907.40000000,0.0865
1749263018,0.08340000,6504.40000000,0.0865
1749263018,0.08330000,14210.30000000,0.0865
1749263018,0.08320000,6504.60000000,0.0865
1749263018,0.08310000,6504.70000000,0.0865
1749263018,0.08300000,8811.10000000,0.0865
1749263018,0.08290000,6504.90000000,0.0865
1749263018,0.08280000,6505.00000000,0.0865
1749263018,0.08270000,6416.60000000,0.0865
1749263018,0.08260000,6416.60000000,0.0865
1749263018,0.08250000,224.60000000,0.0865
1749263018,0.08240000,1337.60000000,0.0865
1749263018,0.08230000,116.60000000,0.0865
1749263018,0.08220000,116.60000000,0.0865
1749263018,0.08210000,116.60000000,0.0865
1749263018,0.08200000,8476.50000000,0.0865
1749263018,0.08190000,238.80000000,0.0865
1749263018,0.08180000,116.60000000,0.0865
1749263018,0.08170000,116.60000000,0.0865
1749263018,0.08160000,495.50000000,0.0865
1749263018,0.08150000,116.60000000,0.0865
1749263018,0.08140000,227.20000000,0.0865
1749263018,0.08130000,1346.60000000,0.0865
1749263018,0.08120000,178.20000000,0.0865
1749263018,0.08110000,116.60000000,0.0865
1749263018,0.08100000,15156.00000000,0.0865
1749263018,0.08090000,116.60000000,0.0865
1749263018,0.08080000,178.60000000,0.0865
1749263018,0.08070000,1045.80000000,0.0865
1749263018,0.08060000,756.20000000,0.0865
1749263018,0.08050000,116.60000000,0.0865
1749263018,0.08040000,116.60000000,0.0865
1749263018,0.08030000,116.60000000,0.0865
1749263018,0.08020000,179.00000000,0.0865
1749263018,0.08010000,5035.50000000,0.0865
1749263018,0.08000000,63389.20000000,0.0865
1749263018,0.07990000,116.60000000,0.0865
1749263018,0.07980000,116.60000000,0.0865
1749263018,0.07970000,116.60000000,0.0865
1749263018,0.07960000,914.30000000,0.0865
1749263018,0.07950000,921.50000000,0.0865
1749263018,0.07940000,116.60000000,0.0865
1749263018,0.07930000,116.60000000,0.0865
1749263018,0.07920000,179.80000000,0.0865
1749263018,0.07910000,236.70000000,0.0865
1749263018,0.07900000,1923.10000000,0.0865
1749263018,0.07880000,152.30000000,0.0865
1749263018,0.07850000,71.30000000,0.0865
1749263018,0.07830000,89.30000000,0.0865
1749263018,0.07820000,64.00000000,0.0865
1749263018,0.07800000,76.80000000,0.0865
1749263018,0.07780000,280.40000000,0.0865
1749263018,0.07770000,128.70000000,0.0865
1749263018,0.07720000,64.80000000,0.0865
1749263018,0.07700000,974.00000000,0.0865
1749263018,0.07680000,1376.20000000,0.0865
1749263018,0.07670000,66.40000000,0.0865
1749263018,0.07660000,326.30000000,0.0865
1749263018,0.07630000,108.00000000,0.0865
1749263018,0.07620000,65.70000000,0.0865
1749263018,0.07600000,197.30000000,0.0865
1749263018,0.07580000,2651.70000000,0.0865
1749263018,0.07560000,753.70000000,0.0865
1749263018,0.07520000,66.50000000,0.0865
1749263018,0.07500000,2469.70000000,0.0865
1749263018,0.07480000,4934.50000000,0.0865
1749263018,0.07420000,67.40000000,0.0865
1749263018,0.07410000,1727.30000000,0.0865
1749263018,0.07400000,1891.80000000,0.0865
1749263018,0.07380000,12319.30000000,0.0865
1749263326,0.08660000,33664.10000000,0.0866
1749263326,0.08650000,149683.50000000,0.0866
1749263326,0.08640000,246488.90000000,0.0866
1749263326,0.08630000,126410.50000000,0.0866
1749263326,0.08620000,82181.20000000,0.0866
1749263326,0.08610000,132687.00000000,0.0866
1749263326,0.08600000,92154.90000000,0.0866
1749263326,0.08590000,35935.70000000,0.0866
1749263326,0.08580000,40989.20000000,0.0866
1749263326,0.08570000,88798.80000000,0.0866
1749263326,0.08560000,22941.30000000,0.0866
1749263326,0.08550000,46827.20000000,0.0866
1749263326,0.08540000,39069.60000000,0.0866
1749263326,0.08530000,56107.10000000,0.0866
1749263326,0.08520000,12310.70000000,0.0866
1749263326,0.08510000,8268.60000000,0.0866
1749263326,0.08500000,10143.60000000,0.0866
1749263326,0.08490000,18680.10000000,0.0866
1749263326,0.08480000,12311.90000000,0.0866
1749263326,0.08470000,12309.60000000,0.0866
1749263326,0.08460000,33962.60000000,0.0866
1749263326,0.08450000,12481.40000000,0.0866
1749263326,0.08440000,12221.90000000,0.0866
1749263326,0.08430000,12221.90000000,0.0866
1749263326,0.08420000,12221.90000000,0.0866
1749263326,0.08410000,12221.90000000,0.0866
1749263326,0.08400000,38066.70000000,0.0866
1749263326,0.08390000,12221.90000000,0.0866
1749263326,0.08380000,12221.90000000,0.0866
1749263326,0.08370000,204.30000000,0.0866
1749263326,0.08360000,6504.30000000,0.0866
1749263326,0.08350000,8907.40000000,0.0866
1749263326,0.08340000,6504.40000000,0.0866
1749263326,0.08330000,14210.30000000,0.0866
1749263326,0.08320000,6504.60000000,0.0866
1749263326,0.08310000,6504.70000000,0.0866
1749263326,0.08300000,8811.10000000,0.0866
1749263326,0.08290000,6504.90000000,0.0866
1749263326,0.08280000,6505.00000000,0.0866
1749263326,0.08270000,116.60000000,0.0866
1749263326,0.08260000,116.60000000,0.0866
1749263326,0.08250000,224.60000000,0.0866
1749263326,0.08240000,1337.60000000,0.0866
1749263326,0.08230000,116.60000000,0.0866
1749263326,0.08220000,116.60000000,0.0866
1749263326,0.08210000,116.60000000,0.0866
1749263326,0.08200000,8476.50000000,0.0866
1749263326,0.08190000,238.80000000,0.0866
1749263326,0.08180000,116.60000000,0.0866
1749263326,0.08170000,116.60000000,0.0866
1749263326,0.08160000,495.50000000,0.0866
1749263326,0.08150000,116.60000000,0.0866
1749263326,0.08140000,227.20000000,0.0866
1749263326,0.08130000,1346.60000000,0.0866
1749263326,0.08120000,178.20000000,0.0866
1749263326,0.08110000,116.60000000,0.0866
1749263326,0.08100000,15156.00000000,0.0866
1749263326,0.08090000,116.60000000,0.0866
1749263326,0.08080000,178.60000000,0.0866
1749263326,0.08070000,1045.80000000,0.0866
1749263326,0.08060000,756.20000000,0.0866
1749263326,0.08050000,116.60000000,0.0866
1749263326,0.08040000,116.60000000,0.0866
1749263326,0.08030000,116.60000000,0.0866
1749263326,0.08020000,179.00000000,0.0866
1749263326,0.08010000,5035.50000000,0.0866
1749263326,0.08000000,63389.20000000,0.0866
1749263326,0.07990000,116.60000000,0.0866
1749263326,0.07980000,116.60000000,0.0866
1749263326,0.07970000,116.60000000,0.0866
1749263326,0.07960000,914.30000000,0.0866
1749263326,0.07950000,921.50000000,0.0866
1749263326,0.07940000,116.60000000,0.0866
1749263326,0.07930000,116.60000000,0.0866
1749263326,0.07920000,179.80000000,0.0866
1749263326,0.07910000,236.70000000,0.0866
1749263326,0.07900000,1807.70000000,0.0866
1749263326,0.07880000,152.30000000,0.0866
1749263326,0.07850000,71.30000000,0.0866
1749263326,0.07830000,89.30000000,0.0866
1749263326,0.07820000,64.00000000,0.0866
1749263326,0.07800000,76.80000000,0.0866
1749263326,0.07780000,280.40000000,0.0866
1749263326,0.07770000,128.70000000,0.0866
1749263326,0.07720000,64.80000000,0.0866
1749263326,0.07700000,974.00000000,0.0866
1749263326,0.07680000,1376.20000000,0.0866
1749263326,0.07670000,66.40000000,0.0866
1749263326,0.07660000,326.30000000,0.0866
1749263326,0.07630000,108.00000000,0.0866
1749263326,0.07620000,65.70000000,0.0866
1749263326,0.07600000,197.30000000,0.0866
1749263326,0.07580000,2651.70000000,0.0866
1749263326,0.07560000,753.60000000,0.0866
1749263326,0.07520000,66.50000000,0.0866
1749263326,0.07500000,2469.70000000,0.0866
1749263326,0.07480000,4934.50000000,0.0866
1749263326,0.07420000,67.40000000,0.0866
1749263326,0.07410000,1727.30000000,0.0866
1749263326,0.07400000,1891.80000000,0.0866
1749263628,0.08640000,84747.80000000,0.0865
1749263628,0.08630000,251312.10000000,0.0865
1749263628,0.08620000,126820.30000000,0.0865
1749263628,0.08610000,161002.90000000,0.0865
1749263628,0.08600000,130120.30000000,0.0865
1749263628,0.08590000,41526.80000000,0.0865
1749263628,0.08580000,42155.60000000,0.0865
1749263628,0.08570000,76998.80000000,0.0865
1749263628,0.08560000,46376.70000000,0.0865
1749263628,0.08550000,46827.20000000,0.0865
1749263628,0.08540000,32738.50000000,0.0865
1749263628,0.08530000,56107.10000000,0.0865
1749263628,0.08520000,18656.70000000,0.0865
1749263628,0.08510000,8268.60000000,0.0865
1749263628,0.08500000,10143.60000000,0.0865
1749263628,0.08490000,18680.10000000,0.0865
1749263628,0.08480000,12311.90000000,0.0865
1749263628,0.08470000,12309.60000000,0.0865
1749263628,0.08460000,28021.80000000,0.0865
1749263628,0.08450000,18502.40000000,0.0865
1749263628,0.08440000,12221.90000000,0.0865
1749263628,0.08430000,12221.90000000,0.0865
1749263628,0.08420000,12221.90000000,0.0865
1749263628,0.08410000,12221.90000000,0.0865
1749263628,0.08400000,38066.70000000,0.0865
1749263628,0.08390000,12221.90000000,0.0865
1749263628,0.08380000,12221.90000000,0.0865
1749263628,0.08370000,204.30000000,0.0865
1749263628,0.08360000,6504.30000000,0.0865
1749263628,0.08350000,8907.40000000,0.0865
1749263628,0.08340000,6504.40000000,0.0865
1749263628,0.08330000,14210.30000000,0.0865
1749263628,0.08320000,6504.60000000,0.0865
1749263628,0.08310000,6504.70000000,0.0865
1749263628,0.08300000,8811.60000000,0.0865
1749263628,0.08290000,6504.90000000,0.0865
1749263628,0.08280000,6505.00000000,0.0865
1749263628,0.08270000,116.60000000,0.0865
1749263628,0.08260000,116.60000000,0.0865
1749263628,0.08250000,224.60000000,0.0865
1749263628,0.08240000,1337.60000000,0.0865
1749263628,0.08230000,116.60000000,0.0865
1749263628,0.08220000,116.60000000,0.0865
1749263628,0.08210000,116.60000000,0.0865
1749263628,0.08200000,8476.50000000,0.0865
1749263628,0.08190000,238.80000000,0.0865
1749263628,0.08180000,116.60000000,0.0865
1749263628,0.08170000,116.60000000,0.0865
1749263628,0.08160000,495.50000000,0.0865
1749263628,0.08150000,116.60000000,0.0865
1749263628,0.08140000,227.20000000,0.0865
1749263628,0.08130000,1346.60000000,0.0865
1749263628,0.08120000,178.20000000,0.0865
1749263628,0.08110000,116.60000000,0.0865
1749263628,0.08100000,15156.00000000,0.0865
1749263628,0.08090000,116.60000000,0.0865
1749263628,0.08080000,178.60000000,0.0865
1749263628,0.08070000,1045.80000000,0.0865
1749263628,0.08060000,756.20000000,0.0865
1749263628,0.08050000,116.60000000,0.0865
1749263628,0.08040000,116.60000000,0.0865
1749263628,0.08030000,116.60000000,0.0865
1749263628,0.08020000,179.00000000,0.0865
1749263628,0.08010000,5035.50000000,0.0865
1749263628,0.08000000,63389.20000000,0.0865
1749263628,0.07990000,116.60000000,0.0865
1749263628,0.07980000,116.60000000,0.0865
1749263628,0.07970000,116.60000000,0.0865
1749263628,0.07960000,914.30000000,0.0865
1749263628,0.07950000,921.50000000,0.0865
1749263628,0.07940000,116.60000000,0.0865
1749263628,0.07930000,116.60000000,0.0865
1749263628,0.07920000,179.80000000,0.0865
1749263628,0.07910000,236.70000000,0.0865
1749263628,0.07900000,1923.10000000,0.0865
1749263628,0.07890000,115.50000000,0.0865
1749263628,0.07880000,152.30000000,0.0865
1749263628,0.07850000,71.30000000,0.0865
1749263628,0.07830000,89.30000000,0.0865
1749263628,0.07820000,64.00000000,0.0865
1749263628,0.07800000,76.80000000,0.0865
1749263628,0.07780000,280.40000000,0.0865
1749263628,0.07770000,128.70000000,0.0865
1749263628,0.07720000,64.80000000,0.0865
1749263628,0.07700000,974.00000000,0.0865
1749263628,0.07680000,1376.20000000,0.0865
1749263628,0.07670000,66.40000000,0.0865
1749263628,0.07660000,326.30000000,0.0865
1749263628,0.07630000,108.00000000,0.0865
1749263628,0.07620000,65.70000000,0.0865
1749263628,0.07600000,197.30000000,0.0865
1749263628,0.07580000,2651.70000000,0.0865
1749263628,0.07570000,753.40000000,0.0865
1749263628,0.07520000,66.50000000,0.0865
1749263628,0.07500000,2469.70000000,0.0865
1749263628,0.07480000,4934.50000000,0.0865
1749263628,0.07420000,67.40000000,0.0865
1749263628,0.07410000,1727.30000000,0.0865
1749263628,0.07400000,1891.80000000,0.0865
1749263628,0.07380000,12319.30000000,0.0865
1749263935,0.08650000,51997.80000000,0.0866
1749263935,0.08640000,281256.10000000,0.0866
1749263935,0.08630000,159740.10000000,0.0866
1749263935,0.08620000,123160.20000000,0.0866
1749263935,0.08610000,138310.10000000,0.0866
1749263935,0.08600000,114509.40000000,0.0866
1749263935,0.08590000,25116.90000000,0.0866
1749263935,0.08580000,22794.40000000,0.0866
1749263935,0.08570000,88798.80000000,0.0866
1749263935,0.08560000,34576.70000000,0.0866
1749263935,0.08550000,46827.20000000,0.0866
1749263935,0.08540000,39069.60000000,0.0866
1749263935,0.08530000,56107.10000000,0.0866
1749263935,0.08520000,12310.70000000,0.0866
1749263935,0.08510000,8268.60000000,0.0866
1749263935,0.08500000,10143.60000000,0.0866
1749263935,0.08490000,18680.10000000,0.0866
1749263935,0.08480000,12311.90000000,0.0866
1749263935,0.08470000,12309.60000000,0.0866
1749263935,0.08460000,33986.10000000,0.0866
1749263935,0.08450000,12481.40000000,0.0866
1749263935,0.08440000,12221.90000000,0.0866
1749263935,0.08430000,12221.90000000,0.0866
1749263935,0.08420000,12221.90000000,0.0866
1749263935,0.08410000,12221.90000000,0.0866
1749263935,0.08400000,38066.70000000,0.0866
1749263935,0.08390000,12221.90000000,0.0866
1749263935,0.08380000,12221.90000000,0.0866
1749263935,0.08370000,204.30000000,0.0866
1749263935,0.08360000,6504.30000000,0.0866
1749263935,0.08350000,8907.40000000,0.0866
1749263935,0.08340000,6504.40000000,0.0866
1749263935,0.08330000,14210.30000000,0.0866
1749263935,0.08320000,6504.60000000,0.0866
1749263935,0.08310000,6504.70000000,0.0866
1749263935,0.08300000,8811.60000000,0.0866
1749263935,0.08290000,6504.90000000,0.0866
1749263935,0.08280000,6505.00000000,0.0866
1749263935,0.08270000,116.60000000,0.0866
1749263935,0.08260000,116.60000000,0.0866
1749263935,0.08250000,224.60000000,0.0866
1749263935,0.08240000,1337.60000000,0.0866
1749263935,0.08230000,116.60000000,0.0866
1749263935,0.08220000,116.60000000,0.0866
1749263935,0.08210000,116.60000000,0.0866
1749263935,0.08200000,8476.50000000,0.0866
1749263935,0.08190000,238.80000000,0.0866
1749263935,0.08180000,116.60000000,0.0866
1749263935,0.08170000,116.60000000,0.0866
1749263935,0.08160000,495.50000000,0.0866
1749263935,0.08150000,116.60000000,0.0866
1749263935,0.08140000,227.20000000,0.0866
1749263935,0.08130000,1346.60000000,0.0866
1749263935,0.08120000,178.20000000,0.0866
1749263935,0.08110000,116.60000000,0.0866
1749263935,0.08100000,15156.00000000,0.0866
1749263935,0.08090000,116.60000000,0.0866
1749263935,0.08080000,178.60000000,0.0866
1749263935,0.08070000,1045.80000000,0.0866
1749263935,0.08060000,756.20000000,0.0866
1749263935,0.08050000,116.60000000,0.0866
1749263935,0.08040000,116.60000000,0.0866
1749263935,0.08030000,116.60000000,0.0866
1749263935,0.08020000,179.00000000,0.0866
1749263935,0.08010000,5035.50000000,0.0866
1749263935,0.08000000,63389.20000000,0.0866
1749263935,0.07990000,116.60000000,0.0866
1749263935,0.07980000,116.60000000,0.0866
1749263935,0.07970000,116.60000000,0.0866
1749263935,0.07960000,914.30000000,0.0866
1749263935,0.07950000,921.50000000,0.0866
1749263935,0.07940000,116.60000000,0.0866
1749263935,0.07930000,116.60000000,0.0866
1749263935,0.07920000,179.80000000,0.0866
1749263935,0.07910000,236.70000000,0.0866
1749263935,0.07900000,1923.10000000,0.0866
1749263935,0.07880000,152.30000000,0.0866
1749263935,0.07850000,71.30000000,0.0866
1749263935,0.07830000,89.30000000,0.0866
1749263935,0.07820000,64.00000000,0.0866
1749263935,0.07800000,76.80000000,0.0866
1749263935,0.07780000,280.40000000,0.0866
1749263935,0.07770000,128.70000000,0.0866
1749263935,0.07720000,64.80000000,0.0866
1749263935,0.07700000,974.00000000,0.0866
1749263935,0.07680000,1376.20000000,0.0866
1749263935,0.07670000,66.40000000,0.0866
1749263935,0.07660000,326.30000000,0.0866
1749263935,0.07630000,108.00000000,0.0866
1749263935,0.07620000,65.70000000,0.0866
1749263935,0.07600000,197.30000000,0.0866
1749263935,0.07580000,2651.70000000,0.0866
1749263935,0.07570000,752.60000000,0.0866
1749263935,0.07520000,66.50000000,0.0866
1749263935,0.07500000,2469.70000000,0.0866
1749263935,0.07480000,4934.50000000,0.0866
1749263935,0.07420000,67.40000000,0.0866
1749263935,0.07410000,1727.30000000,0.0866
1749263935,0.07400000,1891.80000000,0.0866
1749263935,0.07380000,12319.30000000,0.0866
1749264237,0.08640000,12924.70000000,0.0864
1749264237,0.08630000,158782.60000000,0.0864
1749264237,0.08620000,254185.00000000,0.0864
1749264237,0.08610000,120644.70000000,0.0864
1749264237,0.08600000,152547.80000000,0.0864
1749264237,0.08590000,25904.60000000,0.0864
1749264237,0.08580000,26601.30000000,0.0864
1749264237,0.08570000,83307.70000000,0.0864
1749264237,0.08560000,46376.70000000,0.0864
1749264237,0.08550000,45322.00000000,0.0864
1749264237,0.08540000,34244.30000000,0.0864
1749264237,0.08530000,56107.10000000,0.0864
1749264237,0.08520000,18656.70000000,0.0864
1749264237,0.08510000,8268.60000000,0.0864
1749264237,0.08500000,10143.60000000,0.0864
1749264237,0.08490000,18680.10000000,0.0864
1749264237,0.08480000,12311.90000000,0.0864
1749264237,0.08470000,12309.60000000,0.0864
1749264237,0.08460000,34076.80000000,0.0864
1749264237,0.08450000,12481.40000000,0.0864
1749264237,0.08440000,12221.90000000,0.0864
1749264237,0.08430000,12221.90000000,0.0864
1749264237,0.08420000,12221.90000000,0.0864
1749264237,0.08410000,12221.90000000,0.0864
1749264237,0.08400000,38066.70000000,0.0864
1749264237,0.08390000,12221.90000000,0.0864
1749264237,0.08380000,12221.90000000,0.0864
1749264237,0.08370000,204.30000000,0.0864
1749264237,0.08360000,6504.30000000,0.0864
1749264237,0.08350000,8907.40000000,0.0864
1749264237,0.08340000,6504.40000000,0.0864
1749264237,0.08330000,14210.30000000,0.0864
1749264237,0.08320000,6504.60000000,0.0864
1749264237,0.08310000,6504.70000000,0.0864
1749264237,0.08300000,8811.60000000,0.0864
1749264237,0.08290000,6504.90000000,0.0864
1749264237,0.08280000,6505.00000000,0.0864
1749264237,0.08270000,116.60000000,0.0864
1749264237,0.08260000,116.60000000,0.0864
1749264237,0.08250000,224.60000000,0.0864
1749264237,0.08240000,7637.60000000,0.0864
1749264237,0.08230000,116.60000000,0.0864
1749264237,0.08220000,116.60000000,0.0864
1749264237,0.08210000,116.60000000,0.0864
1749264237,0.08200000,8476.50000000,0.0864
1749264237,0.08190000,238.80000000,0.0864
1749264237,0.08180000,116.60000000,0.0864
1749264237,0.08170000,116.60000000,0.0864
1749264237,0.08160000,495.50000000,0.0864
1749264237,0.08150000,116.60000000,0.0864
1749264237,0.08140000,227.20000000,0.0864
1749264237,0.08130000,1346.60000000,0.0864
1749264237,0.08120000,178.20000000,0.0864
1749264237,0.08110000,116.60000000,0.0864
1749264237,0.08100000,15156.00000000,0.0864
1749264237,0.08090000,116.60000000,0.0864
1749264237,0.08080000,178.60000000,0.0864
1749264237,0.08070000,1045.80000000,0.0864
1749264237,0.08060000,756.20000000,0.0864
1749264237,0.08050000,116.60000000,0.0864
1749264237,0.08040000,116.60000000,0.0864
1749264237,0.08030000,116.60000000,0.0864
1749264237,0.08020000,179.00000000,0.0864
1749264237,0.08010000,5035.50000000,0.0864
1749264237,0.08000000,63389.20000000,0.0864
1749264237,0.07990000,116.60000000,0.0864
1749264237,0.07980000,116.60000000,0.0864
1749264237,0.07970000,116.60000000,0.0864
1749264237,0.07960000,914.30000000,0.0864
1749264237,0.07950000,921.50000000,0.0864
1749264237,0.07940000,116.60000000,0.0864
1749264237,0.07930000,116.60000000,0.0864
1749264237,0.07920000,179.80000000,0.0864
1749264237,0.07910000,236.70000000,0.0864
1749264237,0.07900000,1923.10000000,0.0864
1749264237,0.07890000,115.50000000,0.0864
1749264237,0.07880000,152.30000000,0.0864
1749264237,0.07850000,71.30000000,0.0864
1749264237,0.07830000,89.30000000,0.0864
1749264237,0.07820000,64.00000000,0.0864
1749264237,0.07800000,76.80000000,0.0864
1749264237,0.07780000,280.40000000,0.0864
1749264237,0.07770000,128.70000000,0.0864
1749264237,0.07720000,64.80000000,0.0864
1749264237,0.07700000,974.00000000,0.0864
1749264237,0.07680000,1376.20000000,0.0864
1749264237,0.07670000,66.40000000,0.0864
1749264237,0.07660000,326.30000000,0.0864
1749264237,0.07630000,108.00000000,0.0864
1749264237,0.07620000,65.70000000,0.0864
1749264237,0.07600000,197.30000000,0.0864
1749264237,0.07580000,2651.70000000,0.0864
1749264237,0.07570000,752.70000000,0.0864
1749264237,0.07520000,66.50000000,0.0864
1749264237,0.07500000,2469.70000000,0.0864
1749264237,0.07480000,4934.50000000,0.0864
1749264237,0.07420000,67.40000000,0.0864
1749264237,0.07410000,1727.30000000,0.0864
1749264237,0.07400000,1891.80000000,0.0864
1749264237,0.07380000,12319.30000000,0.0864
1749264539,0.08640000,63711.90000000,0.0865
1749264539,0.08630000,277570.70000000,0.0865
1749264539,0.08620000,165127.50000000,0.0865
1749264539,0.08610000,144614.60000000,0.0865
1749264539,0.08600000,157846.40000000,0.0865
1749264539,0.08590000,20612.10000000,0.0865
1749264539,0.08580000,31762.90000000,0.0865
1749264539,0.08570000,83307.70000000,0.0865
1749264539,0.08560000,46376.70000000,0.0865
1749264539,0.08550000,38212.30000000,0.0865
1749264539,0.08540000,34244.30000000,0.0865
1749264539,0.08530000,56107.10000000,0.0865
1749264539,0.08520000,19369.90000000,0.0865
1749264539,0.08510000,8268.60000000,0.0865
1749264539,0.08500000,10143.60000000,0.0865
1749264539,0.08490000,18680.10000000,0.0865
1749264539,0.08480000,12311.90000000,0.0865
1749264539,0.08470000,12309.60000000,0.0865
1749264539,0.08460000,28021.80000000,0.0865
1749264539,0.08450000,18403.90000000,0.0865
1749264539,0.08440000,12221.90000000,0.0865
1749264539,0.08430000,12221.90000000,0.0865
1749264539,0.08420000,12221.90000000,0.0865
1749264539,0.08410000,12221.90000000,0.0865
1749264539,0.08400000,38066.70000000,0.0865
1749264539,0.08390000,12221.90000000,0.0865
1749264539,0.08380000,12221.90000000,0.0865
1749264539,0.08370000,204.30000000,0.0865
1749264539,0.08360000,6504.30000000,0.0865
1749264539,0.08350000,8907.40000000,0.0865
1749264539,0.08340000,6504.40000000,0.0865
1749264539,0.08330000,14210.30000000,0.0865
1749264539,0.08320000,6504.60000000,0.0865
1749264539,0.08310000,6504.70000000,0.0865
1749264539,0.08300000,8811.60000000,0.0865
1749264539,0.08290000,6504.90000000,0.0865
1749264539,0.08280000,6505.00000000,0.0865
1749264539,0.08270000,116.60000000,0.0865
1749264539,0.08260000,116.60000000,0.0865
1749264539,0.08250000,224.60000000,0.0865
1749264539,0.08240000,7637.60000000,0.0865
1749264539,0.08230000,116.60000000,0.0865
1749264539,0.08220000,116.60000000,0.0865
1749264539,0.08210000,116.60000000,0.0865
1749264539,0.08200000,8476.50000000,0.0865
1749264539,0.08190000,238.80000000,0.0865
1749264539,0.08180000,116.60000000,0.0865
1749264539,0.08170000,116.60000000,0.0865
1749264539,0.08160000,495.50000000,0.0865
1749264539,0.08150000,116.60000000,0.0865
1749264539,0.08140000,227.20000000,0.0865
1749264539,0.08130000,1346.60000000,0.0865
1749264539,0.08120000,178.20000000,0.0865
1749264539,0.08110000,116.60000000,0.0865
1749264539,0.08100000,15156.00000000,0.0865
1749264539,0.08090000,116.60000000,0.0865
1749264539,0.08080000,178.60000000,0.0865
1749264539,0.08070000,1045.80000000,0.0865
1749264539,0.08060000,756.20000000,0.0865
1749264539,0.08050000,116.60000000,0.0865
1749264539,0.08040000,116.60000000,0.0865
1749264539,0.08030000,116.60000000,0.0865
1749264539,0.08020000,179.00000000,0.0865
1749264539,0.08010000,5035.50000000,0.0865
1749264539,0.08000000,63389.20000000,0.0865
1749264539,0.07990000,116.60000000,0.0865
1749264539,0.07980000,116.60000000,0.0865
1749264539,0.07970000,116.60000000,0.0865
1749264539,0.07960000,914.30000000,0.0865
1749264539,0.07950000,921.50000000,0.0865
1749264539,0.07940000,116.60000000,0.0865
1749264539,0.07930000,116.60000000,0.0865
1749264539,0.07920000,179.80000000,0.0865
1749264539,0.07910000,236.70000000,0.0865
1749264539,0.07900000,1923.10000000,0.0865
1749264539,0.07890000,115.50000000,0.0865
1749264539,0.07880000,152.30000000,0.0865
1749264539,0.07850000,71.30000000,0.0865
1749264539,0.07830000,89.30000000,0.0865
1749264539,0.07820000,64.00000000,0.0865
1749264539,0.07800000,76.80000000,0.0865
1749264539,0.07770000,409.50000000,0.0865
1749264539,0.07720000,64.80000000,0.0865
1749264539,0.07700000,974.00000000,0.0865
1749264539,0.07680000,1376.20000000,0.0865
1749264539,0.07670000,66.40000000,0.0865
1749264539,0.07660000,326.30000000,0.0865
1749264539,0.07630000,108.00000000,0.0865
1749264539,0.07620000,65.70000000,0.0865
1749264539,0.07600000,197.30000000,0.0865
1749264539,0.07580000,3404.10000000,0.0865
1749264539,0.07520000,66.50000000,0.0865
1749264539,0.07500000,2469.70000000,0.0865
1749264539,0.07480000,4934.50000000,0.0865
1749264539,0.07420000,67.40000000,0.0865
1749264539,0.07410000,1727.30000000,0.0865
1749264539,0.07400000,1891.80000000,0.0865
1749264539,0.07380000,12319.30000000,0.0865
1749264539,0.07370000,2362.50000000,0.0865
1749264539,0.07360000,95216.10000000,0.0865
1749264840,0.08660000,48290.40000000,0.0866
1749264840,0.08650000,186401.90000000,0.0866
1749264840,0.08640000,145152.90000000,0.0866
1749264840,0.08630000,94410.70000000,0.0866
1749264840,0.08620000,153633.00000000,0.0866
1749264840,0.08610000,118452.50000000,0.0866
1749264840,0.08600000,114544.90000000,0.0866
1749264840,0.08590000,16947.30000000,0.0866
1749264840,0.08580000,16960.40000000,0.0866
1749264840,0.08570000,88798.80000000,0.0866
1749264840,0.08560000,17140.90000000,0.0866
1749264840,0.08550000,38212.30000000,0.0866
1749264840,0.08540000,40575.40000000,0.0866
1749264840,0.08530000,56107.10000000,0.0866
1749264840,0.08520000,13023.90000000,0.0866
1749264840,0.08510000,8268.60000000,0.0866
1749264840,0.08500000,10143.60000000,0.0866
1749264840,0.08490000,18680.10000000,0.0866
1749264840,0.08480000,12311.90000000,0.0866
1749264840,0.08470000,12309.60000000,0.0866
1749264840,0.08460000,28021.80000000,0.0866
1749264840,0.08450000,18403.90000000,0.0866
1749264840,0.08440000,12221.90000000,0.0866
1749264840,0.08430000,12221.90000000,0.0866
1749264840,0.08420000,12221.90000000,0.0866
1749264840,0.08410000,12221.90000000,0.0866
1749264840,0.08400000,37995.30000000,0.0866
1749264840,0.08390000,12221.90000000,0.0866
1749264840,0.08380000,12221.90000000,0.0866
1749264840,0.08370000,204.30000000,0.0866
1749264840,0.08360000,6504.30000000,0.0866
1749264840,0.08350000,8907.40000000,0.0866
1749264840,0.08340000,6504.40000000,0.0866
1749264840,0.08330000,14210.30000000,0.0866
1749264840,0.08320000,6504.60000000,0.0866
1749264840,0.08310000,6504.70000000,0.0866
1749264840,0.08300000,8811.60000000,0.0866
1749264840,0.08290000,6504.90000000,0.0866
1749264840,0.08280000,6505.00000000,0.0866
1749264840,0.08270000,116.60000000,0.0866
1749264840,0.08260000,116.60000000,0.0866
1749264840,0.08250000,224.60000000,0.0866
1749264840,0.08240000,1337.60000000,0.0866
1749264840,0.08230000,116.60000000,0.0866
1749264840,0.08220000,116.60000000,0.0866
1749264840,0.08210000,238.50000000,0.0866
1749264840,0.08200000,8476.50000000,0.0866
1749264840,0.08190000,116.60000000,0.0866
1749264840,0.08180000,116.60000000,0.0866
1749264840,0.08170000,116.60000000,0.0866
1749264840,0.08160000,495.50000000,0.0866
1749264840,0.08150000,116.60000000,0.0866
1749264840,0.08140000,116.60000000,0.0866
1749264840,0.08130000,1346.60000000,0.0866
1749264840,0.08120000,178.20000000,0.0866
1749264840,0.08110000,116.60000000,0.0866
1749264840,0.08100000,15156.00000000,0.0866
1749264840,0.08090000,116.60000000,0.0866
1749264840,0.08080000,178.60000000,0.0866
1749264840,0.08070000,1045.80000000,0.0866
1749264840,0.08060000,756.20000000,0.0866
1749264840,0.08050000,116.60000000,0.0866
1749264840,0.08040000,116.60000000,0.0866
1749264840,0.08030000,116.60000000,0.0866
1749264840,0.08020000,179.00000000,0.0866
1749264840,0.08010000,5035.50000000,0.0866
1749264840,0.08000000,63389.20000000,0.0866
1749264840,0.07990000,116.60000000,0.0866
1749264840,0.07980000,116.60000000,0.0866
1749264840,0.07970000,116.60000000,0.0866
1749264840,0.07960000,914.30000000,0.0866
1749264840,0.07950000,921.50000000,0.0866
1749264840,0.07940000,116.60000000,0.0866
1749264840,0.07930000,116.60000000,0.0866
1749264840,0.07920000,179.80000000,0.0866
1749264840,0.07910000,236.70000000,0.0866
1749264840,0.07900000,1807.70000000,0.0866
1749264840,0.07850000,71.30000000,0.0866
1749264840,0.07830000,89.30000000,0.0866
1749264840,0.07820000,64.00000000,0.0866
1749264840,0.07800000,76.80000000,0.0866
1749264840,0.07770000,409.50000000,0.0866
1749264840,0.07720000,64.80000000,0.0866
1749264840,0.07700000,974.00000000,0.0866
1749264840,0.07680000,1376.20000000,0.0866
1749264840,0.07670000,66.40000000,0.0866
1749264840,0.07660000,326.30000000,0.0866
1749264840,0.07630000,108.00000000,0.0866
1749264840,0.07620000,65.70000000,0.0866
1749264840,0.07600000,197.30000000,0.0866
1749264840,0.07580000,2651.70000000,0.0866
1749264840,0.07570000,752.70000000,0.0866
1749264840,0.07520000,66.50000000,0.0866
1749264840,0.07500000,2469.70000000,0.0866
1749264840,0.07480000,4934.50000000,0.0866
1749264840,0.07420000,67.40000000,0.0866
1749264840,0.07410000,1727.30000000,0.0866
1749264840,0.07400000,1891.80000000,0.0866
1749264840,0.07380000,12319.30000000,0.0866
1749264840,0.07370000,2362.50000000,0.0866
1749265148,0.08670000,41614.50000000,0.0867
1749265148,0.08660000,200629.40000000,0.0867
1749265148,0.08650000,157682.20000000,0.0867
1749265148,0.08640000,134381.80000000,0.0867
1749265148,0.08630000,99715.40000000,0.0867
1749265148,0.08620000,140548.00000000,0.0867
1749265148,0.08610000,51932.40000000,0.0867
1749265148,0.08600000,16934.80000000,0.0867
1749265148,0.08590000,88398.60000000,0.0867
1749265148,0.08580000,22973.40000000,0.0867
1749265148,0.08570000,17841.80000000,0.0867
1749265148,0.08560000,20129.00000000,0.0867
1749265148,0.08550000,40025.90000000,0.0867
1749265148,0.08540000,32738.50000000,0.0867
1749265148,0.08530000,54322.70000000,0.0867
1749265148,0.08520000,12310.70000000,0.0867
1749265148,0.08510000,14622.00000000,0.0867
1749265148,0.08500000,10496.20000000,0.0867
1749265148,0.08490000,12311.70000000,0.0867
1749265148,0.08480000,12311.90000000,0.0867
1749265148,0.08470000,12309.60000000,0.0867
1749265148,0.08460000,27667.50000000,0.0867
1749265148,0.08450000,18313.80000000,0.0867
1749265148,0.08440000,12221.90000000,0.0867
1749265148,0.08430000,12221.90000000,0.0867
1749265148,0.08420000,12221.90000000,0.0867
1749265148,0.08410000,12221.90000000,0.0867
1749265148,0.08400000,37995.30000000,0.0867
1749265148,0.08390000,12221.90000000,0.0867
1749265148,0.08380000,12221.90000000,0.0867
1749265148,0.08370000,204.30000000,0.0867
1749265148,0.08360000,6504.30000000,0.0867
1749265148,0.08350000,8907.40000000,0.0867
1749265148,0.08340000,6504.40000000,0.0867
1749265148,0.08330000,16380.80000000,0.0867
1749265148,0.08320000,6504.60000000,0.0867
1749265148,0.08310000,6504.70000000,0.0867
1749265148,0.08300000,6633.10000000,0.0867
1749265148,0.08290000,204.90000000,0.0867
1749265148,0.08280000,205.00000000,0.0867
1749265148,0.08270000,116.60000000,0.0867
1749265148,0.08260000,116.60000000,0.0867
1749265148,0.08250000,224.60000000,0.0867
1749265148,0.08240000,1337.60000000,0.0867
1749265148,0.08230000,116.60000000,0.0867
1749265148,0.08220000,116.60000000,0.0867
1749265148,0.08210000,238.50000000,0.0867
1749265148,0.08200000,8476.50000000,0.0867
1749265148,0.08190000,116.60000000,0.0867
1749265148,0.08180000,116.60000000,0.0867
1749265148,0.08170000,116.60000000,0.0867
1749265148,0.08160000,495.50000000,0.0867
1749265148,0.08150000,116.60000000,0.0867
1749265148,0.08140000,116.60000000,0.0867
1749265148,0.08130000,1346.60000000,0.0867
1749265148,0.08120000,178.20000000,0.0867
1749265148,0.08110000,116.60000000,0.0867
1749265148,0.08100000,15156.00000000,0.0867
1749265148,0.08090000,116.60000000,0.0867
1749265148,0.08080000,178.60000000,0.0867
1749265148,0.08070000,1045.80000000,0.0867
1749265148,0.08060000,756.20000000,0.0867
1749265148,0.08050000,116.60000000,0.0867
1749265148,0.08040000,116.60000000,0.0867
1749265148,0.08030000,116.60000000,0.0867
1749265148,0.08020000,179.00000000,0.0867
1749265148,0.08010000,5035.50000000,0.0867
1749265148,0.08000000,63389.20000000,0.0867
1749265148,0.07990000,116.60000000,0.0867
1749265148,0.07980000,116.60000000,0.0867
1749265148,0.07970000,116.60000000,0.0867
1749265148,0.07960000,914.30000000,0.0867
1749265148,0.07950000,921.50000000,0.0867
1749265148,0.07940000,116.60000000,0.0867
1749265148,0.07930000,116.60000000,0.0867
1749265148,0.07920000,179.80000000,0.0867
1749265148,0.07910000,121.40000000,0.0867
1749265148,0.07900000,1807.70000000,0.0867
1749265148,0.07850000,71.30000000,0.0867
1749265148,0.07830000,89.30000000,0.0867
1749265148,0.07820000,64.00000000,0.0867
1749265148,0.07800000,356.40000000,0.0867
1749265148,0.07770000,128.70000000,0.0867
1749265148,0.07720000,64.80000000,0.0867
1749265148,0.07700000,974.00000000,0.0867
1749265148,0.07680000,1376.20000000,0.0867
1749265148,0.07670000,66.40000000,0.0867
1749265148,0.07660000,326.30000000,0.0867
1749265148,0.07630000,108.00000000,0.0867
1749265148,0.07620000,65.70000000,0.0867
1749265148,0.07600000,197.30000000,0.0867
1749265148,0.07580000,3403.40000000,0.0867
1749265148,0.07520000,66.50000000,0.0867
1749265148,0.07500000,2469.70000000,0.0867
1749265148,0.07480000,4934.50000000,0.0867
1749265148,0.07420000,67.40000000,0.0867
1749265148,0.07410000,1727.30000000,0.0867
1749265148,0.07400000,1891.80000000,0.0867
1749265148,0.07380000,12319.30000000,0.0867
1749265148,0.07370000,2362.50000000,0.0867
1749265450,0.08690000,11780.40000000,0.0869
1749265450,0.08680000,82216.20000000,0.0869
1749265450,0.08670000,189707.80000000,0.0869
1749265450,0.08660000,88934.10000000,0.0869
1749265450,0.08650000,69458.90000000,0.0869
1749265450,0.08640000,78127.20000000,0.0869
1749265450,0.08630000,147008.20000000,0.0869
1749265450,0.08620000,113344.40000000,0.0869
1749265450,0.08610000,35318.40000000,0.0869
1749265450,0.08600000,16934.80000000,0.0869
1749265450,0.08590000,88599.50000000,0.0869
1749265450,0.08580000,11173.40000000,0.0869
1749265450,0.08570000,13004.20000000,0.0869
1749265450,0.08560000,23388.70000000,0.0869
1749265450,0.08550000,40025.90000000,0.0869
1749265450,0.08540000,32738.50000000,0.0869
1749265450,0.08530000,51042.30000000,0.0869
1749265450,0.08520000,12310.70000000,0.0869
1749265450,0.08510000,14622.00000000,0.0869
1749265450,0.08500000,10496.20000000,0.0869
1749265450,0.08490000,12311.70000000,0.0869
1749265450,0.08480000,12311.90000000,0.0869
1749265450,0.08470000,12221.90000000,0.0869
1749265450,0.08460000,27667.50000000,0.0869
1749265450,0.08450000,12481.40000000,0.0869
1749265450,0.08440000,12221.90000000,0.0869
1749265450,0.08430000,12221.90000000,0.0869
1749265450,0.08420000,12221.90000000,0.0869
1749265450,0.08410000,12221.90000000,0.0869
1749265450,0.08400000,37995.30000000,0.0869
1749265450,0.08390000,12221.90000000,0.0869
1749265450,0.08380000,12221.90000000,0.0869
1749265450,0.08370000,204.30000000,0.0869
1749265450,0.08360000,6504.30000000,0.0869
1749265450,0.08350000,8907.40000000,0.0869
1749265450,0.08340000,6504.40000000,0.0869
1749265450,0.08330000,16380.80000000,0.0869
1749265450,0.08320000,6504.60000000,0.0869
1749265450,0.08310000,6504.70000000,0.0869
1749265450,0.08300000,6633.10000000,0.0869
1749265450,0.08290000,204.90000000,0.0869
1749265450,0.08280000,205.00000000,0.0869
1749265450,0.08270000,116.60000000,0.0869
1749265450,0.08260000,116.60000000,0.0869
1749265450,0.08250000,224.60000000,0.0869
1749265450,0.08240000,1337.60000000,0.0869
1749265450,0.08230000,116.60000000,0.0869
1749265450,0.08220000,116.60000000,0.0869
1749265450,0.08210000,238.50000000,0.0869
1749265450,0.08200000,8476.50000000,0.0869
1749265450,0.08190000,116.60000000,0.0869
1749265450,0.08180000,116.60000000,0.0869
1749265450,0.08170000,116.60000000,0.0869
1749265450,0.08160000,495.50000000,0.0869
1749265450,0.08150000,116.60000000,0.0869
1749265450,0.08140000,116.60000000,0.0869
1749265450,0.08130000,1346.60000000,0.0869
1749265450,0.08120000,178.20000000,0.0869
1749265450,0.08110000,116.60000000,0.0869
1749265450,0.08100000,15156.00000000,0.0869
1749265450,0.08090000,116.60000000,0.0869
1749265450,0.08080000,178.60000000,0.0869
1749265450,0.08070000,1045.80000000,0.0869
1749265450,0.08060000,756.20000000,0.0869
1749265450,0.08050000,116.60000000,0.0869
1749265450,0.08040000,116.60000000,0.0869
1749265450,0.08030000,116.60000000,0.0869
1749265450,0.08020000,179.00000000,0.0869
1749265450,0.08010000,5035.50000000,0.0869
1749265450,0.08000000,63389.20000000,0.0869
1749265450,0.07990000,116.60000000,0.0869
1749265450,0.07980000,116.60000000,0.0869
1749265450,0.07970000,116.60000000,0.0869
1749265450,0.07960000,914.30000000,0.0869
1749265450,0.07950000,921.50000000,0.0869
1749265450,0.07940000,116.60000000,0.0869
1749265450,0.07920000,63.20000000,0.0869
1749265450,0.07910000,121.40000000,0.0869
1749265450,0.07900000,1807.70000000,0.0869
1749265450,0.07850000,71.30000000,0.0869
1749265450,0.07830000,89.30000000,0.0869
1749265450,0.07820000,64.00000000,0.0869
1749265450,0.07800000,76.80000000,0.0869
1749265450,0.07790000,280.00000000,0.0869
1749265450,0.07770000,128.70000000,0.0869
1749265450,0.07720000,64.80000000,0.0869
1749265450,0.07700000,974.00000000,0.0869
1749265450,0.07680000,1376.20000000,0.0869
1749265450,0.07670000,66.40000000,0.0869
1749265450,0.07660000,326.30000000,0.0869
1749265450,0.07630000,108.00000000,0.0869
1749265450,0.07620000,65.70000000,0.0869
1749265450,0.07600000,197.30000000,0.0869
1749265450,0.07580000,3403.90000000,0.0869
1749265450,0.07520000,66.50000000,0.0869
1749265450,0.07500000,2469.70000000,0.0869
1749265450,0.07480000,4934.50000000,0.0869
1749265450,0.07420000,67.40000000,0.0869
1749265450,0.07410000,1727.30000000,0.0869
1749265450,0.07400000,1891.80000000,0.0869
1749265751,0.08690000,34848.00000000,0.087
1749265751,0.08680000,195101.30000000,0.087
1749265751,0.08670000,191787.10000000,0.087
1749265751,0.08660000,117779.80000000,0.087
1749265751,0.08650000,112962.40000000,0.087
1749265751,0.08640000,66898.90000000,0.087
1749265751,0.08630000,107764.10000000,0.087
1749265751,0.08620000,28066.60000000,0.087
1749265751,0.08610000,29592.60000000,0.087
1749265751,0.08600000,40323.20000000,0.087
1749265751,0.08590000,76799.50000000,0.087
1749265751,0.08580000,18910.10000000,0.087
1749265751,0.08570000,14798.90000000,0.087
1749265751,0.08560000,15569.00000000,0.087
1749265751,0.08550000,38212.30000000,0.087
1749265751,0.08540000,32738.50000000,0.087
1749265751,0.08530000,57054.40000000,0.087
1749265751,0.08520000,12310.70000000,0.087
1749265751,0.08510000,14622.00000000,0.087
1749265751,0.08500000,10496.20000000,0.087
1749265751,0.08490000,12311.70000000,0.087
1749265751,0.08480000,12223.60000000,0.087
1749265751,0.08470000,12221.90000000,0.087
1749265751,0.08460000,27667.50000000,0.087
1749265751,0.08450000,15747.80000000,0.087
1749265751,0.08440000,12221.90000000,0.087
1749265751,0.08430000,12221.90000000,0.087
1749265751,0.08420000,12221.90000000,0.087
1749265751,0.08410000,12221.90000000,0.087
1749265751,0.08400000,34703.40000000,0.087
1749265751,0.08390000,12221.90000000,0.087
1749265751,0.08380000,12221.90000000,0.087
1749265751,0.08370000,204.30000000,0.087
1749265751,0.08360000,6504.30000000,0.087
1749265751,0.08350000,8907.40000000,0.087
1749265751,0.08340000,8672.30000000,0.087
1749265751,0.08330000,14210.30000000,0.087
1749265751,0.08320000,6504.60000000,0.087
1749265751,0.08310000,6504.70000000,0.087
1749265751,0.08300000,6633.10000000,0.087
1749265751,0.08290000,204.90000000,0.087
1749265751,0.08280000,116.60000000,0.087
1749265751,0.08270000,116.60000000,0.087
1749265751,0.08260000,116.60000000,0.087
1749265751,0.08250000,224.60000000,0.087
1749265751,0.08240000,1337.60000000,0.087
1749265751,0.08230000,116.60000000,0.087
1749265751,0.08220000,116.60000000,0.087
1749265751,0.08210000,116.60000000,0.087
1749265751,0.08200000,8598.50000000,0.087
1749265751,0.08190000,116.60000000,0.087
1749265751,0.08180000,116.60000000,0.087
1749265751,0.08170000,116.60000000,0.087
1749265751,0.08160000,495.50000000,0.087
1749265751,0.08150000,116.60000000,0.087
1749265751,0.08140000,116.60000000,0.087
1749265751,0.08130000,1346.60000000,0.087
1749265751,0.08120000,178.20000000,0.087
1749265751,0.08110000,116.60000000,0.087
1749265751,0.08100000,15156.00000000,0.087
1749265751,0.08090000,116.60000000,0.087
1749265751,0.08080000,178.60000000,0.087
1749265751,0.08070000,1045.80000000,0.087
1749265751,0.08060000,756.20000000,0.087
1749265751,0.08050000,116.60000000,0.087
1749265751,0.08040000,116.60000000,0.087
1749265751,0.08030000,116.60000000,0.087
1749265751,0.08020000,179.00000000,0.087
1749265751,0.08010000,5035.50000000,0.087
1749265751,0.08000000,63389.20000000,0.087
1749265751,0.07990000,116.60000000,0.087
1749265751,0.07980000,116.60000000,0.087
1749265751,0.07970000,116.60000000,0.087
1749265751,0.07960000,914.30000000,0.087
1749265751,0.07950000,921.50000000,0.087
1749265751,0.07940000,116.60000000,0.087
1749265751,0.07920000,63.20000000,0.087
1749265751,0.07910000,121.40000000,0.087
1749265751,0.07900000,1807.70000000,0.087
1749265751,0.07850000,71.30000000,0.087
1749265751,0.07830000,89.30000000,0.087
1749265751,0.07820000,64.00000000,0.087
1749265751,0.07800000,76.80000000,0.087
1749265751,0.07790000,280.00000000,0.087
1749265751,0.07770000,128.70000000,0.087
1749265751,0.07720000,64.80000000,0.087
1749265751,0.07700000,974.00000000,0.087
1749265751,0.07680000,1376.20000000,0.087
1749265751,0.07670000,66.40000000,0.087
1749265751,0.07660000,326.30000000,0.087
1749265751,0.07630000,108.00000000,0.087
1749265751,0.07620000,65.70000000,0.087
1749265751,0.07600000,197.30000000,0.087
1749265751,0.07590000,751.00000000,0.087
1749265751,0.07580000,2651.70000000,0.087
1749265751,0.07520000,66.50000000,0.087
1749265751,0.07500000,2469.70000000,0.087
1749265751,0.07480000,4934.50000000,0.087
1749265751,0.07420000,67.40000000,0.087
1749265751,0.07410000,1727.30000000,0.087
1749266053,0.08720000,23380.90000000,0.0873
1749266053,0.08710000,95128.10000000,0.0873
1749266053,0.08700000,204908.30000000,0.0873
1749266053,0.08690000,79468.10000000,0.0873
1749266053,0.08680000,62781.80000000,0.0873
1749266053,0.08670000,114551.30000000,0.0873
1749266053,0.08660000,96647.60000000,0.0873
1749266053,0.08650000,108206.30000000,0.0873
1749266053,0.08640000,27589.70000000,0.0873
1749266053,0.08630000,29864.00000000,0.0873
1749266053,0.08620000,22736.00000000,0.0873
1749266053,0.08610000,84236.60000000,0.0873
1749266053,0.08600000,25392.80000000,0.0873
1749266053,0.08590000,17423.10000000,0.0873
1749266053,0.08580000,11108.70000000,0.0873
1749266053,0.08570000,51736.10000000,0.0873
1749266053,0.08560000,12309.30000000,0.0873
1749266053,0.08550000,44536.00000000,0.0873
1749266053,0.08540000,33089.50000000,0.0873
1749266053,0.08530000,18186.80000000,0.0873
1749266053,0.08520000,12310.70000000,0.0873
1749266053,0.08510000,8180.60000000,0.0873
1749266053,0.08500000,10055.50000000,0.0873
1749266053,0.08490000,12223.50000000,0.0873
1749266053,0.08480000,12223.60000000,0.0873
1749266053,0.08470000,12221.90000000,0.0873
1749266053,0.08460000,27667.50000000,0.0873
1749266053,0.08450000,15747.80000000,0.0873
1749266053,0.08440000,12221.90000000,0.0873
1749266053,0.08430000,12221.90000000,0.0873
1749266053,0.08420000,12221.90000000,0.0873
1749266053,0.08410000,12221.90000000,0.0873
1749266053,0.08400000,34703.40000000,0.0873
1749266053,0.08390000,12221.90000000,0.0873
1749266053,0.08380000,12221.90000000,0.0873
1749266053,0.08370000,204.30000000,0.0873
1749266053,0.08360000,6504.30000000,0.0873
1749266053,0.08350000,11072.80000000,0.0873
1749266053,0.08340000,6504.40000000,0.0873
1749266053,0.08330000,14210.30000000,0.0873
1749266053,0.08320000,204.60000000,0.0873
1749266053,0.08310000,116.60000000,0.0873
1749266053,0.08300000,244.90000000,0.0873
1749266053,0.08290000,116.60000000,0.0873
1749266053,0.08280000,116.60000000,0.0873
1749266053,0.08270000,116.60000000,0.0873
1749266053,0.08260000,116.60000000,0.0873
1749266053,0.08250000,224.60000000,0.0873
1749266053,0.08240000,1337.60000000,0.0873
1749266053,0.08230000,116.60000000,0.0873
1749266053,0.08220000,116.60000000,0.0873
1749266053,0.08210000,116.60000000,0.0873
1749266053,0.08200000,8598.50000000,0.0873
1749266053,0.08190000,116.60000000,0.0873
1749266053,0.08180000,116.60000000,0.0873
1749266053,0.08170000,116.60000000,0.0873
1749266053,0.08160000,495.50000000,0.0873
1749266053,0.08150000,116.60000000,0.0873
1749266053,0.08140000,116.60000000,0.0873
1749266053,0.08130000,1346.60000000,0.0873
1749266053,0.08120000,178.20000000,0.0873
1749266053,0.08110000,116.60000000,0.0873
1749266053,0.08100000,15156.00000000,0.0873
1749266053,0.08090000,116.60000000,0.0873
1749266053,0.08080000,178.60000000,0.0873
1749266053,0.08070000,1045.80000000,0.0873
1749266053,0.08060000,756.20000000,0.0873
1749266053,0.08050000,116.60000000,0.0873
1749266053,0.08040000,116.60000000,0.0873
1749266053,0.08030000,116.60000000,0.0873
1749266053,0.08020000,179.00000000,0.0873
1749266053,0.08010000,5035.50000000,0.0873
1749266053,0.08000000,63389.20000000,0.0873
1749266053,0.07990000,116.60000000,0.0873
1749266053,0.07980000,116.60000000,0.0873
1749266053,0.07970000,116.60000000,0.0873
1749266053,0.07960000,797.70000000,0.0873
1749266053,0.07950000,804.90000000,0.0873
1749266053,0.07920000,63.20000000,0.0873
1749266053,0.07910000,121.40000000,0.0873
1749266053,0.07900000,1807.70000000,0.0873
1749266053,0.07850000,71.30000000,0.0873
1749266053,0.07830000,368.10000000,0.0873
1749266053,0.07820000,64.00000000,0.0873
1749266053,0.07800000,76.80000000,0.0873
1749266053,0.07770000,128.70000000,0.0873
1749266053,0.07720000,64.80000000,0.0873
1749266053,0.07700000,974.00000000,0.0873
1749266053,0.07680000,1376.20000000,0.0873
1749266053,0.07670000,66.40000000,0.0873
1749266053,0.07660000,326.30000000,0.0873
1749266053,0.07630000,108.00000000,0.0873
1749266053,0.07620000,65.70000000,0.0873
1749266053,0.07600000,197.30000000,0.0873
1749266053,0.07590000,751.00000000,0.0873
1749266053,0.07580000,2651.70000000,0.0873
1749266053,0.07520000,66.50000000,0.0873
1749266053,0.07500000,2469.70000000,0.0873
1749266053,0.07480000,4934.50000000,0.0873
1749266053,0.07420000,67.40000000,0.0873
1749266354,0.08710000,6964.60000000,0.0872
1749266354,0.08700000,176352.00000000,0.0872
1749266354,0.08690000,195459.30000000,0.0872
1749266354,0.08680000,139738.50000000,0.0872
1749266354,0.08670000,89727.60000000,0.0872
1749266354,0.08660000,65087.50000000,0.0872
1749266354,0.08650000,38114.00000000,0.0872
1749266354,0.08640000,18354.30000000,0.0872
1749266354,0.08630000,77916.20000000,0.0872
1749266354,0.08620000,31390.60000000,0.0872
1749266354,0.08610000,20612.80000000,0.0872
1749266354,0.08600000,18594.90000000,0.0872
1749266354,0.08590000,15644.70000000,0.0872
1749266354,0.08580000,11108.70000000,0.0872
1749266354,0.08570000,51040.90000000,0.0872
1749266354,0.08560000,12309.30000000,0.0872
1749266354,0.08550000,44536.00000000,0.0872
1749266354,0.08540000,33089.50000000,0.0872
1749266354,0.08530000,27293.40000000,0.0872
1749266354,0.08520000,17946.30000000,0.0872
1749266354,0.08510000,8180.60000000,0.0872
1749266354,0.08500000,10055.50000000,0.0872
1749266354,0.08490000,12223.50000000,0.0872
1749266354,0.08480000,12223.60000000,0.0872
1749266354,0.08470000,12221.90000000,0.0872
1749266354,0.08460000,12684.50000000,0.0872
1749266354,0.08450000,15747.80000000,0.0872
1749266354,0.08440000,12221.90000000,0.0872
1749266354,0.08430000,12221.90000000,0.0872
1749266354,0.08420000,12221.90000000,0.0872
1749266354,0.08410000,12221.90000000,0.0872
1749266354,0.08400000,34703.40000000,0.0872
1749266354,0.08390000,12221.90000000,0.0872
1749266354,0.08380000,14379.50000000,0.0872
1749266354,0.08370000,204.30000000,0.0872
1749266354,0.08360000,6504.30000000,0.0872
1749266354,0.08350000,8907.40000000,0.0872
1749266354,0.08340000,204.40000000,0.0872
1749266354,0.08330000,14210.30000000,0.0872
1749266354,0.08320000,116.60000000,0.0872
1749266354,0.08310000,116.60000000,0.0872
1749266354,0.08300000,244.90000000,0.0872
1749266354,0.08290000,116.60000000,0.0872
1749266354,0.08280000,116.60000000,0.0872
1749266354,0.08270000,116.60000000,0.0872
1749266354,0.08260000,116.60000000,0.0872
1749266354,0.08250000,224.60000000,0.0872
1749266354,0.08240000,1337.60000000,0.0872
1749266354,0.08230000,116.60000000,0.0872
1749266354,0.08220000,116.60000000,0.0872
1749266354,0.08210000,116.60000000,0.0872
1749266354,0.08200000,8598.50000000,0.0872
1749266354,0.08190000,116.60000000,0.0872
1749266354,0.08180000,116.60000000,0.0872
1749266354,0.08170000,116.60000000,0.0872
1749266354,0.08160000,495.50000000,0.0872
1749266354,0.08150000,116.60000000,0.0872
1749266354,0.08140000,116.60000000,0.0872
1749266354,0.08130000,1346.60000000,0.0872
1749266354,0.08120000,178.20000000,0.0872
1749266354,0.08110000,116.60000000,0.0872
1749266354,0.08100000,15156.00000000,0.0872
1749266354,0.08090000,116.60000000,0.0872
1749266354,0.08080000,178.60000000,0.0872
1749266354,0.08070000,1045.80000000,0.0872
1749266354,0.08060000,756.20000000,0.0872
1749266354,0.08050000,116.60000000,0.0872
1749266354,0.08040000,116.60000000,0.0872
1749266354,0.08030000,116.60000000,0.0872
1749266354,0.08020000,179.00000000,0.0872
1749266354,0.08010000,5035.50000000,0.0872
1749266354,0.08000000,63389.20000000,0.0872
1749266354,0.07990000,116.60000000,0.0872
1749266354,0.07980000,114.30000000,0.0872
1749266354,0.07970000,114.50000000,0.0872
1749266354,0.07960000,912.30000000,0.0872
1749266354,0.07950000,804.90000000,0.0872
1749266354,0.07920000,63.20000000,0.0872
1749266354,0.07910000,121.40000000,0.0872
1749266354,0.07900000,1807.70000000,0.0872
1749266354,0.07850000,71.30000000,0.0872
1749266354,0.07830000,368.10000000,0.0872
1749266354,0.07820000,64.00000000,0.0872
1749266354,0.07800000,76.80000000,0.0872
1749266354,0.07770000,128.70000000,0.0872
1749266354,0.07720000,64.80000000,0.0872
1749266354,0.07700000,974.00000000,0.0872
1749266354,0.07680000,1376.20000000,0.0872
1749266354,0.07670000,66.40000000,0.0872
1749266354,0.07660000,326.30000000,0.0872
1749266354,0.07630000,108.00000000,0.0872
1749266354,0.07620000,65.70000000,0.0872
1749266354,0.07600000,947.70000000,0.0872
1749266354,0.07580000,2651.70000000,0.0872
1749266354,0.07520000,66.50000000,0.0872
1749266354,0.07500000,2469.70000000,0.0872
1749266354,0.07480000,4934.50000000,0.0872
1749266354,0.07420000,67.40000000,0.0872
1749266354,0.07410000,1727.30000000,0.0872
1749266354,0.07400000,1891.80000000,0.0872
1749266657,0.08720000,73568.10000000,0.0873
1749266657,0.08710000,161947.60000000,0.0873
1749266657,0.08700000,229516.50000000,0.0873
1749266657,0.08690000,88768.40000000,0.0873
1749266657,0.08680000,83980.50000000,0.0873
1749266657,0.08670000,150900.50000000,0.0873
1749266657,0.08660000,66897.00000000,0.0873
1749266657,0.08650000,17618.40000000,0.0873
1749266657,0.08640000,18354.30000000,0.0873
1749266657,0.08630000,95981.30000000,0.0873
1749266657,0.08620000,20072.60000000,0.0873
1749266657,0.08610000,24575.80000000,0.0873
1749266657,0.08600000,12308.00000000,0.0873
1749266657,0.08590000,17426.30000000,0.0873
1749266657,0.08580000,11108.70000000,0.0873
1749266657,0.08570000,51040.90000000,0.0873
1749266657,0.08560000,12309.30000000,0.0873
1749266657,0.08550000,38725.50000000,0.0873
1749266657,0.08540000,33089.50000000,0.0873
1749266657,0.08530000,27293.40000000,0.0873
1749266657,0.08520000,17946.30000000,0.0873
1749266657,0.08510000,8180.60000000,0.0873
1749266657,0.08500000,10055.50000000,0.0873
1749266657,0.08490000,12223.50000000,0.0873
1749266657,0.08480000,12223.60000000,0.0873
1749266657,0.08470000,12221.90000000,0.0873
1749266657,0.08460000,12684.50000000,0.0873
1749266657,0.08450000,15747.80000000,0.0873
1749266657,0.08440000,12221.90000000,0.0873
1749266657,0.08430000,12221.90000000,0.0873
1749266657,0.08420000,12221.90000000,0.0873
1749266657,0.08410000,12221.90000000,0.0873
1749266657,0.08400000,34703.40000000,0.0873
1749266657,0.08390000,12221.90000000,0.0873
1749266657,0.08380000,12221.90000000,0.0873
1749266657,0.08370000,204.30000000,0.0873
1749266657,0.08360000,8667.10000000,0.0873
1749266657,0.08350000,8907.40000000,0.0873
1749266657,0.08340000,204.40000000,0.0873
1749266657,0.08330000,14210.30000000,0.0873
1749266657,0.08320000,116.60000000,0.0873
1749266657,0.08310000,116.60000000,0.0873
1749266657,0.08300000,244.90000000,0.0873
1749266657,0.08290000,116.60000000,0.0873
1749266657,0.08280000,116.60000000,0.0873
1749266657,0.08270000,116.60000000,0.0873
1749266657,0.08260000,116.60000000,0.0873
1749266657,0.08250000,224.60000000,0.0873
1749266657,0.08240000,1337.60000000,0.0873
1749266657,0.08230000,116.60000000,0.0873
1749266657,0.08220000,116.60000000,0.0873
1749266657,0.08210000,116.60000000,0.0873
1749266657,0.08200000,8598.50000000,0.0873
1749266657,0.08190000,116.60000000,0.0873
1749266657,0.08180000,116.60000000,0.0873
1749266657,0.08170000,116.60000000,0.0873
1749266657,0.08160000,495.50000000,0.0873
1749266657,0.08150000,116.60000000,0.0873
1749266657,0.08140000,116.60000000,0.0873
1749266657,0.08130000,1346.60000000,0.0873
1749266657,0.08120000,178.20000000,0.0873
1749266657,0.08110000,116.60000000,0.0873
1749266657,0.08100000,15156.00000000,0.0873
1749266657,0.08090000,116.60000000,0.0873
1749266657,0.08080000,178.60000000,0.0873
1749266657,0.08070000,1045.80000000,0.0873
1749266657,0.08060000,756.20000000,0.0873
1749266657,0.08050000,116.60000000,0.0873
1749266657,0.08040000,116.60000000,0.0873
1749266657,0.08030000,116.60000000,0.0873
1749266657,0.08020000,179.00000000,0.0873
1749266657,0.08010000,5035.50000000,0.0873
1749266657,0.08000000,63389.20000000,0.0873
1749266657,0.07990000,116.60000000,0.0873
1749266657,0.07980000,114.30000000,0.0873
1749266657,0.07970000,114.50000000,0.0873
1749266657,0.07960000,797.70000000,0.0873
1749266657,0.07950000,804.90000000,0.0873
1749266657,0.07920000,63.20000000,0.0873
1749266657,0.07910000,121.40000000,0.0873
1749266657,0.07900000,1807.70000000,0.0873
1749266657,0.07850000,71.30000000,0.0873
1749266657,0.07830000,89.30000000,0.0873
1749266657,0.07820000,64.00000000,0.0873
1749266657,0.07800000,76.80000000,0.0873
1749266657,0.07770000,128.70000000,0.0873
1749266657,0.07720000,64.80000000,0.0873
1749266657,0.07700000,974.00000000,0.0873
1749266657,0.07680000,1376.20000000,0.0873
1749266657,0.07670000,66.40000000,0.0873
1749266657,0.07660000,326.30000000,0.0873
1749266657,0.07630000,108.00000000,0.0873
1749266657,0.07620000,65.70000000,0.0873
1749266657,0.07600000,197.30000000,0.0873
1749266657,0.07590000,751.00000000,0.0873
1749266657,0.07580000,2651.70000000,0.0873
1749266657,0.07520000,66.50000000,0.0873
1749266657,0.07500000,2469.70000000,0.0873
1749266657,0.07480000,4934.50000000,0.0873
1749266657,0.07420000,67.40000000,0.0873
1749266959,0.08710000,93196.30000000,0.0872
1749266959,0.08700000,207723.30000000,0.0872
1749266959,0.08690000,187671.80000000,0.0872
1749266959,0.08680000,102636.60000000,0.0872
1749266959,0.08670000,130331.20000000,0.0872
1749266959,0.08660000,36789.90000000,0.0872
1749266959,0.08650000,22747.00000000,0.0872
1749266959,0.08640000,18354.30000000,0.0872
1749266959,0.08630000,89716.20000000,0.0872
1749266959,0.08620000,21878.60000000,0.0872
1749266959,0.08610000,24575.80000000,0.0872
1749266959,0.08600000,12308.00000000,0.0872
1749266959,0.08590000,15644.70000000,0.0872
1749266959,0.08580000,11108.70000000,0.0872
1749266959,0.08570000,51040.90000000,0.0872
1749266959,0.08560000,12309.30000000,0.0872
1749266959,0.08550000,38795.70000000,0.0872
1749266959,0.08540000,33089.50000000,0.0872
1749266959,0.08530000,27293.40000000,0.0872
1749266959,0.08520000,17955.90000000,0.0872
1749266959,0.08510000,8180.60000000,0.0872
1749266959,0.08500000,10055.50000000,0.0872
1749266959,0.08490000,12223.50000000,0.0872
1749266959,0.08480000,12223.60000000,0.0872
1749266959,0.08470000,12221.90000000,0.0872
1749266959,0.08460000,12684.50000000,0.0872
1749266959,0.08450000,15747.80000000,0.0872
1749266959,0.08440000,12221.90000000,0.0872
1749266959,0.08430000,12221.90000000,0.0872
1749266959,0.08420000,12221.90000000,0.0872
1749266959,0.08410000,12221.90000000,0.0872
1749266959,0.08400000,34703.40000000,0.0872
1749266959,0.08390000,12221.90000000,0.0872
1749266959,0.08380000,14379.40000000,0.0872
1749266959,0.08370000,299.90000000,0.0872
1749266959,0.08360000,6504.30000000,0.0872
1749266959,0.08350000,8907.40000000,0.0872
1749266959,0.08340000,204.40000000,0.0872
1749266959,0.08330000,7910.30000000,0.0872
1749266959,0.08320000,116.60000000,0.0872
1749266959,0.08310000,116.60000000,0.0872
1749266959,0.08300000,244.90000000,0.0872
1749266959,0.08290000,116.60000000,0.0872
1749266959,0.08280000,116.60000000,0.0872
1749266959,0.08270000,116.60000000,0.0872
1749266959,0.08260000,116.60000000,0.0872
1749266959,0.08250000,224.60000000,0.0872
1749266959,0.08240000,1337.60000000,0.0872
1749266959,0.08230000,116.60000000,0.0872
1749266959,0.08220000,116.60000000,0.0872
1749266959,0.08210000,116.60000000,0.0872
1749266959,0.08200000,8598.50000000,0.0872
1749266959,0.08190000,116.60000000,0.0872
1749266959,0.08180000,238.90000000,0.0872
1749266959,0.08170000,116.60000000,0.0872
1749266959,0.08160000,495.50000000,0.0872
1749266959,0.08150000,116.60000000,0.0872
1749266959,0.08140000,116.60000000,0.0872
1749266959,0.08130000,1346.60000000,0.0872
1749266959,0.08120000,178.20000000,0.0872
1749266959,0.08110000,116.60000000,0.0872
1749266959,0.08100000,15156.00000000,0.0872
1749266959,0.08090000,116.60000000,0.0872
1749266959,0.08080000,178.60000000,0.0872
1749266959,0.08070000,1045.80000000,0.0872
1749266959,0.08060000,756.20000000,0.0872
1749266959,0.08050000,116.60000000,0.0872
1749266959,0.08040000,116.60000000,0.0872
1749266959,0.08030000,116.60000000,0.0872
1749266959,0.08020000,179.00000000,0.0872
1749266959,0.08010000,5035.50000000,0.0872
1749266959,0.08000000,63389.20000000,0.0872
1749266959,0.07990000,116.60000000,0.0872
1749266959,0.07980000,114.30000000,0.0872
1749266959,0.07970000,114.50000000,0.0872
1749266959,0.07960000,912.30000000,0.0872
1749266959,0.07950000,804.90000000,0.0872
1749266959,0.07920000,63.20000000,0.0872
1749266959,0.07910000,121.40000000,0.0872
1749266959,0.07900000,1807.70000000,0.0872
1749266959,0.07850000,71.30000000,0.0872
1749266959,0.07840000,278.40000000,0.0872
1749266959,0.07830000,89.30000000,0.0872
1749266959,0.07820000,64.00000000,0.0872
1749266959,0.07800000,76.80000000,0.0872
1749266959,0.07770000,128.70000000,0.0872
1749266959,0.07720000,64.80000000,0.0872
1749266959,0.07700000,974.00000000,0.0872
1749266959,0.07680000,1376.20000000,0.0872
1749266959,0.07670000,66.40000000,0.0872
1749266959,0.07660000,326.30000000,0.0872
1749266959,0.07630000,108.00000000,0.0872
1749266959,0.07620000,65.70000000,0.0872
1749266959,0.07600000,197.30000000,0.0872
1749266959,0.07590000,750.50000000,0.0872
1749266959,0.07580000,2651.70000000,0.0872
1749266959,0.07520000,66.50000000,0.0872
1749266959,0.07500000,2469.70000000,0.0872
1749266959,0.07480000,4934.50000000,0.0872
1749266959,0.07420000,67.40000000,0.0872
1749267260,0.08700000,58857.40000000,0.0871
1749267260,0.08690000,270175.70000000,0.0871
1749267260,0.08680000,324042.80000000,0.0871
1749267260,0.08670000,97031.30000000,0.0871
1749267260,0.08660000,27889.90000000,0.0871
1749267260,0.08650000,67241.10000000,0.0871
1749267260,0.08640000,24612.10000000,0.0871
1749267260,0.08630000,77916.20000000,0.0871
1749267260,0.08620000,13800.30000000,0.0871
1749267260,0.08610000,24575.80000000,0.0871
1749267260,0.08600000,20392.90000000,0.0871
1749267260,0.08590000,15644.70000000,0.0871
1749267260,0.08580000,11108.70000000,0.0871
1749267260,0.08570000,51040.90000000,0.0871
1749267260,0.08560000,12309.30000000,0.0871
1749267260,0.08550000,38795.70000000,0.0871
1749267260,0.08540000,33089.50000000,0.0871
1749267260,0.08530000,27293.40000000,0.0871
1749267260,0.08520000,18200.70000000,0.0871
1749267260,0.08510000,8180.60000000,0.0871
1749267260,0.08500000,10055.50000000,0.0871
1749267260,0.08490000,12223.50000000,0.0871
1749267260,0.08480000,12223.60000000,0.0871
1749267260,0.08470000,12221.90000000,0.0871
1749267260,0.08460000,12684.50000000,0.0871
1749267260,0.08450000,15747.80000000,0.0871
1749267260,0.08440000,12221.90000000,0.0871
1749267260,0.08430000,12221.90000000,0.0871
1749267260,0.08420000,12221.90000000,0.0871
1749267260,0.08410000,12221.90000000,0.0871
1749267260,0.08400000,34703.40000000,0.0871
1749267260,0.08390000,12221.90000000,0.0871
1749267260,0.08380000,12221.90000000,0.0871
1749267260,0.08370000,299.90000000,0.0871
1749267260,0.08360000,8666.80000000,0.0871
1749267260,0.08350000,8907.40000000,0.0871
1749267260,0.08340000,204.40000000,0.0871
1749267260,0.08330000,14210.30000000,0.0871
1749267260,0.08320000,116.60000000,0.0871
1749267260,0.08310000,116.60000000,0.0871
1749267260,0.08300000,244.90000000,0.0871
1749267260,0.08290000,116.60000000,0.0871
1749267260,0.08280000,116.60000000,0.0871
1749267260,0.08270000,116.60000000,0.0871
1749267260,0.08260000,116.60000000,0.0871
1749267260,0.08250000,224.60000000,0.0871
1749267260,0.08240000,1337.60000000,0.0871
1749267260,0.08230000,116.60000000,0.0871
1749267260,0.08220000,116.60000000,0.0871
1749267260,0.08210000,116.60000000,0.0871
1749267260,0.08200000,8598.50000000,0.0871
1749267260,0.08190000,116.60000000,0.0871
1749267260,0.08180000,238.90000000,0.0871
1749267260,0.08170000,116.60000000,0.0871
1749267260,0.08160000,495.50000000,0.0871
1749267260,0.08150000,116.60000000,0.0871
1749267260,0.08140000,116.60000000,0.0871
1749267260,0.08130000,1346.60000000,0.0871
1749267260,0.08120000,178.20000000,0.0871
1749267260,0.08110000,116.60000000,0.0871
1749267260,0.08100000,15156.00000000,0.0871
1749267260,0.08090000,116.60000000,0.0871
1749267260,0.08080000,178.60000000,0.0871
1749267260,0.08070000,1045.80000000,0.0871
1749267260,0.08060000,756.20000000,0.0871
1749267260,0.08050000,116.60000000,0.0871
1749267260,0.08040000,116.60000000,0.0871
1749267260,0.08030000,116.60000000,0.0871
1749267260,0.08020000,179.00000000,0.0871
1749267260,0.08010000,5035.50000000,0.0871
1749267260,0.08000000,63389.20000000,0.0871
1749267260,0.07990000,116.60000000,0.0871
1749267260,0.07980000,114.30000000,0.0871
1749267260,0.07970000,114.50000000,0.0871
1749267260,0.07960000,912.30000000,0.0871
1749267260,0.07950000,919.60000000,0.0871
1749267260,0.07920000,63.20000000,0.0871
1749267260,0.07910000,121.40000000,0.0871
1749267260,0.07900000,1807.70000000,0.0871
1749267260,0.07850000,71.30000000,0.0871
1749267260,0.07840000,278.40000000,0.0871
1749267260,0.07830000,89.30000000,0.0871
1749267260,0.07820000,64.00000000,0.0871
1749267260,0.07800000,76.80000000,0.0871
1749267260,0.07770000,128.70000000,0.0871
1749267260,0.07720000,64.80000000,0.0871
1749267260,0.07700000,974.00000000,0.0871
1749267260,0.07680000,1376.20000000,0.0871
1749267260,0.07670000,66.40000000,0.0871
1749267260,0.07660000,326.30000000,0.0871
1749267260,0.07630000,108.00000000,0.0871
1749267260,0.07620000,65.70000000,0.0871
1749267260,0.07600000,197.30000000,0.0871
1749267260,0.07590000,750.50000000,0.0871
1749267260,0.07580000,2651.70000000,0.0871
1749267260,0.07520000,66.50000000,0.0871
1749267260,0.07500000,2469.70000000,0.0871
1749267260,0.07480000,4934.50000000,0.0871
1749267260,0.07420000,67.40000000,0.0871
1749267260,0.07410000,1727.30000000,0.0871
1749267562,0.08710000,44229.90000000,0.0871
1749267562,0.08700000,290372.70000000,0.0871
1749267562,0.08690000,231915.40000000,0.0871
1749267562,0.08680000,148709.00000000,0.0871
1749267562,0.08670000,98184.60000000,0.0871
1749267562,0.08660000,75737.70000000,0.0871
1749267562,0.08650000,25691.40000000,0.0871
1749267562,0.08640000,24612.10000000,0.0871
1749267562,0.08630000,77916.20000000,0.0871
1749267562,0.08620000,13799.40000000,0.0871
1749267562,0.08610000,24575.80000000,0.0871
1749267562,0.08600000,20392.90000000,0.0871
1749267562,0.08590000,15644.70000000,0.0871
1749267562,0.08580000,11108.70000000,0.0871
1749267562,0.08570000,51040.90000000,0.0871
1749267562,0.08560000,12309.30000000,0.0871
1749267562,0.08550000,32985.20000000,0.0871
1749267562,0.08540000,33089.50000000,0.0871
1749267562,0.08530000,33149.20000000,0.0871
1749267562,0.08520000,12222.80000000,0.0871
1749267562,0.08510000,8180.60000000,0.0871
1749267562,0.08500000,10055.50000000,0.0871
1749267562,0.08490000,12223.50000000,0.0871
1749267562,0.08480000,12223.60000000,0.0871
1749267562,0.08470000,12221.90000000,0.0871
1749267562,0.08460000,12684.50000000,0.0871
1749267562,0.08450000,15747.80000000,0.0871
1749267562,0.08440000,12221.90000000,0.0871
1749267562,0.08430000,12221.90000000,0.0871
1749267562,0.08420000,12221.90000000,0.0871
1749267562,0.08410000,12221.90000000,0.0871
1749267562,0.08400000,34703.40000000,0.0871
1749267562,0.08390000,12221.90000000,0.0871
1749267562,0.08380000,12221.90000000,0.0871
1749267562,0.08370000,299.90000000,0.0871
1749267562,0.08360000,8666.70000000,0.0871
1749267562,0.08350000,8907.40000000,0.0871
1749267562,0.08340000,204.40000000,0.0871
1749267562,0.08330000,14210.30000000,0.0871
1749267562,0.08320000,116.60000000,0.0871
1749267562,0.08310000,116.60000000,0.0871
1749267562,0.08300000,244.90000000,0.0871
1749267562,0.08290000,116.60000000,0.0871
1749267562,0.08280000,116.60000000,0.0871
1749267562,0.08270000,116.60000000,0.0871
1749267562,0.08260000,116.60000000,0.0871
1749267562,0.08250000,224.60000000,0.0871
1749267562,0.08240000,1337.60000000,0.0871
1749267562,0.08230000,116.60000000,0.0871
1749267562,0.08220000,116.60000000,0.0871
1749267562,0.08210000,116.60000000,0.0871
1749267562,0.08200000,8598.50000000,0.0871
1749267562,0.08190000,116.60000000,0.0871
1749267562,0.08180000,238.90000000,0.0871
1749267562,0.08170000,116.60000000,0.0871
1749267562,0.08160000,495.50000000,0.0871
1749267562,0.08150000,116.60000000,0.0871
1749267562,0.08140000,116.60000000,0.0871
1749267562,0.08130000,1346.60000000,0.0871
1749267562,0.08120000,178.20000000,0.0871
1749267562,0.08110000,116.60000000,0.0871
1749267562,0.08100000,15156.00000000,0.0871
1749267562,0.08090000,116.60000000,0.0871
1749267562,0.08080000,178.60000000,0.0871
1749267562,0.08070000,1045.80000000,0.0871
1749267562,0.08060000,756.20000000,0.0871
1749267562,0.08050000,116.60000000,0.0871
1749267562,0.08040000,116.60000000,0.0871
1749267562,0.08030000,116.60000000,0.0871
1749267562,0.08020000,179.00000000,0.0871
1749267562,0.08010000,5035.50000000,0.0871
1749267562,0.08000000,63389.20000000,0.0871
1749267562,0.07990000,116.60000000,0.0871
1749267562,0.07980000,114.30000000,0.0871
1749267562,0.07970000,114.50000000,0.0871
1749267562,0.07960000,912.30000000,0.0871
1749267562,0.07950000,804.90000000,0.0871
1749267562,0.07920000,63.20000000,0.0871
1749267562,0.07910000,121.40000000,0.0871
1749267562,0.07900000,1807.70000000,0.0871
1749267562,0.07850000,71.30000000,0.0871
1749267562,0.07840000,278.40000000,0.0871
1749267562,0.07830000,89.30000000,0.0871
1749267562,0.07820000,64.00000000,0.0871
