timestamp,price,volume,current_price
1749258462,0.08650000,32546.00000000,0.0866
1749258462,0.08640000,213405.20000000,0.0866
1749258462,0.08630000,186558.70000000,0.0866
1749258462,0.08620000,73342.30000000,0.0866
1749258462,0.08610000,126380.80000000,0.0866
1749258462,0.08600000,88816.90000000,0.0866
1749258462,0.08590000,89285.20000000,0.0866
1749258462,0.08580000,24000.00000000,0.0866
1749258462,0.08570000,17765.20000000,0.0866
1749258462,0.08560000,25677.50000000,0.0866
1749258462,0.08550000,117915.70000000,0.0866
1749258462,0.08540000,39069.60000000,0.0866
1749258462,0.08530000,54775.60000000,0.0866
1749258462,0.08520000,12310.70000000,0.0866
1749258462,0.08510000,8268.60000000,0.0866
1749258462,0.08500000,11225.30000000,0.0866
1749258462,0.08490000,12311.70000000,0.0866
1749258462,0.08480000,12311.90000000,0.0866
1749258462,0.08470000,12309.60000000,0.0866
1749258462,0.08460000,12684.50000000,0.0866
1749258462,0.08450000,18551.20000000,0.0866
1749258462,0.08440000,12221.90000000,0.0866
1749258462,0.08430000,12221.90000000,0.0866
1749258462,0.08420000,12221.90000000,0.0866
1749258462,0.08410000,27691.90000000,0.0866
1749258462,0.08400000,22865.70000000,0.0866
1749258462,0.08390000,12221.90000000,0.0866
1749258462,0.08380000,12221.90000000,0.0866
1749258462,0.08370000,204.30000000,0.0866
1749258462,0.08360000,6504.30000000,0.0866
1749258462,0.08350000,24471.10000000,0.0866
1749258462,0.08340000,6504.40000000,0.0866
1749258462,0.08330000,8675.00000000,0.0866
1749258462,0.08320000,6504.60000000,0.0866
1749258462,0.08310000,6504.70000000,0.0866
1749258462,0.08300000,333.10000000,0.0866
1749258462,0.08290000,6504.90000000,0.0866
1749258462,0.08280000,14398.20000000,0.0866
1749258462,0.08270000,6416.60000000,0.0866
1749258462,0.08260000,116.60000000,0.0866
1749258462,0.08250000,224.60000000,0.0866
1749258462,0.08240000,1337.60000000,0.0866
1749258462,0.08230000,116.60000000,0.0866
1749258462,0.08220000,116.60000000,0.0866
1749258462,0.08210000,116.60000000,0.0866
1749258462,0.08200000,8476.50000000,0.0866
1749258462,0.08190000,116.60000000,0.0866
1749258462,0.08180000,116.60000000,0.0866
1749258462,0.08170000,116.60000000,0.0866
1749258462,0.08160000,495.50000000,0.0866
1749258462,0.08150000,116.60000000,0.0866
1749258462,0.08140000,350.10000000,0.0866
1749258462,0.08130000,1346.60000000,0.0866
1749258462,0.08120000,551.40000000,0.0866
1749258462,0.08110000,116.60000000,0.0866
1749258462,0.08100000,15156.00000000,0.0866
1749258462,0.08090000,116.60000000,0.0866
1749258462,0.08080000,178.60000000,0.0866
1749258462,0.08070000,1045.80000000,0.0866
1749258462,0.08060000,756.20000000,0.0866
1749258462,0.08050000,116.60000000,0.0866
1749258462,0.08040000,116.60000000,0.0866
1749258462,0.08030000,116.60000000,0.0866
1749258462,0.08020000,179.00000000,0.0866
1749258462,0.08010000,5035.50000000,0.0866
1749258462,0.08000000,63389.20000000,0.0866
1749258462,0.07990000,116.60000000,0.0866
1749258462,0.07980000,116.60000000,0.0866
1749258462,0.07970000,116.60000000,0.0866
1749258462,0.07960000,914.30000000,0.0866
1749258462,0.07950000,921.50000000,0.0866
1749258462,0.07940000,116.60000000,0.0866
1749258462,0.07930000,116.60000000,0.0866
1749258462,0.07920000,179.80000000,0.0866
1749258462,0.07910000,236.70000000,0.0866
1749258462,0.07900000,1923.10000000,0.0866
1749258462,0.07880000,152.30000000,0.0866
1749258462,0.07850000,71.30000000,0.0866
1749258462,0.07830000,89.30000000,0.0866
1749258462,0.07820000,64.00000000,0.0866
1749258462,0.07800000,76.80000000,0.0866
1749258462,0.07790000,280.00000000,0.0866
1749258462,0.07770000,128.70000000,0.0866
1749258462,0.07720000,64.80000000,0.0866
1749258462,0.07700000,974.00000000,0.0866
1749258462,0.07680000,1376.20000000,0.0866
1749258462,0.07670000,66.40000000,0.0866
1749258462,0.07660000,326.30000000,0.0866
1749258462,0.07630000,108.00000000,0.0866
1749258462,0.07620000,65.70000000,0.0866
1749258462,0.07600000,197.30000000,0.0866
1749258462,0.07580000,2651.70000000,0.0866
1749258462,0.07520000,66.50000000,0.0866
1749258462,0.07500000,2469.70000000,0.0866
1749258462,0.07480000,4934.50000000,0.0866
1749258462,0.07470000,763.40000000,0.0866
1749258462,0.07420000,67.40000000,0.0866
1749258462,0.07410000,1727.30000000,0.0866
1749258462,0.07400000,1891.80000000,0.0866
1749258462,0.07380000,12319.30000000,0.0866
1749258829,0.08660000,16903.40000000,0.0867
1749258829,0.08650000,135974.50000000,0.0867
1749258829,0.08640000,181939.40000000,0.0867
1749258829,0.08630000,80418.80000000,0.0867
1749258829,0.08620000,88212.10000000,0.0867
1749258829,0.08610000,126214.30000000,0.0867
1749258829,0.08600000,97681.60000000,0.0867
1749258829,0.08590000,20294.90000000,0.0867
1749258829,0.08580000,78433.10000000,0.0867
1749258829,0.08570000,17476.70000000,0.0867
1749258829,0.08560000,30779.20000000,0.0867
1749258829,0.08550000,55772.90000000,0.0867
1749258829,0.08540000,40864.20000000,0.0867
1749258829,0.08530000,56987.80000000,0.0867
1749258829,0.08520000,12599.50000000,0.0867
1749258829,0.08510000,8268.60000000,0.0867
1749258829,0.08500000,11161.80000000,0.0867
1749258829,0.08490000,12311.70000000,0.0867
1749258829,0.08480000,12601.00000000,0.0867
1749258829,0.08470000,27602.90000000,0.0867
1749258829,0.08460000,13038.80000000,0.0867
1749258829,0.08450000,18238.90000000,0.0867
1749258829,0.08440000,12221.90000000,0.0867
1749258829,0.08430000,12221.90000000,0.0867
1749258829,0.08420000,12221.90000000,0.0867
1749258829,0.08410000,12221.90000000,0.0867
1749258829,0.08400000,38077.60000000,0.0867
1749258829,0.08390000,12221.90000000,0.0867
1749258829,0.08380000,12221.90000000,0.0867
1749258829,0.08370000,204.30000000,0.0867
1749258829,0.08360000,6504.30000000,0.0867
1749258829,0.08350000,8907.40000000,0.0867
1749258829,0.08340000,14331.50000000,0.0867
1749258829,0.08330000,6504.50000000,0.0867
1749258829,0.08320000,6504.60000000,0.0867
1749258829,0.08310000,8680.60000000,0.0867
1749258829,0.08300000,333.10000000,0.0867
1749258829,0.08290000,6504.90000000,0.0867
1749258829,0.08280000,6505.00000000,0.0867
1749258829,0.08270000,6416.60000000,0.0867
1749258829,0.08260000,116.60000000,0.0867
1749258829,0.08250000,224.60000000,0.0867
1749258829,0.08240000,1337.60000000,0.0867
1749258829,0.08230000,116.60000000,0.0867
1749258829,0.08220000,116.60000000,0.0867
1749258829,0.08210000,116.60000000,0.0867
1749258829,0.08200000,8476.50000000,0.0867
1749258829,0.08190000,116.60000000,0.0867
1749258829,0.08180000,116.60000000,0.0867
1749258829,0.08170000,116.60000000,0.0867
1749258829,0.08160000,495.50000000,0.0867
1749258829,0.08150000,116.60000000,0.0867
1749258829,0.08140000,350.10000000,0.0867
1749258829,0.08130000,1346.60000000,0.0867
1749258829,0.08120000,178.20000000,0.0867
1749258829,0.08110000,116.60000000,0.0867
1749258829,0.08100000,15156.00000000,0.0867
1749258829,0.08090000,116.60000000,0.0867
1749258829,0.08080000,178.60000000,0.0867
1749258829,0.08070000,1045.80000000,0.0867
1749258829,0.08060000,756.20000000,0.0867
1749258829,0.08050000,116.60000000,0.0867
1749258829,0.08040000,116.60000000,0.0867
1749258829,0.08030000,116.60000000,0.0867
1749258829,0.08020000,179.00000000,0.0867
1749258829,0.08010000,5035.50000000,0.0867
1749258829,0.08000000,63389.20000000,0.0867
1749258829,0.07990000,116.60000000,0.0867
1749258829,0.07980000,116.60000000,0.0867
1749258829,0.07970000,116.60000000,0.0867
1749258829,0.07960000,914.30000000,0.0867
1749258829,0.07950000,921.50000000,0.0867
1749258829,0.07940000,116.60000000,0.0867
1749258829,0.07930000,116.60000000,0.0867
1749258829,0.07920000,179.80000000,0.0867
1749258829,0.07910000,236.70000000,0.0867
1749258829,0.07900000,1807.70000000,0.0867
1749258829,0.07880000,152.30000000,0.0867
1749258829,0.07850000,71.30000000,0.0867
1749258829,0.07830000,89.30000000,0.0867
1749258829,0.07820000,64.00000000,0.0867
1749258829,0.07800000,76.80000000,0.0867
1749258829,0.07780000,280.40000000,0.0867
1749258829,0.07770000,128.70000000,0.0867
1749258829,0.07720000,64.80000000,0.0867
1749258829,0.07700000,974.00000000,0.0867
1749258829,0.07680000,1376.20000000,0.0867
1749258829,0.07670000,66.40000000,0.0867
1749258829,0.07660000,326.30000000,0.0867
1749258829,0.07630000,108.00000000,0.0867
1749258829,0.07620000,65.70000000,0.0867
1749258829,0.07600000,197.30000000,0.0867
1749258829,0.07580000,2651.70000000,0.0867
1749258829,0.07520000,66.50000000,0.0867
1749258829,0.07500000,2469.70000000,0.0867
1749258829,0.07480000,4934.50000000,0.0867
1749258829,0.07460000,763.50000000,0.0867
1749258829,0.07420000,67.40000000,0.0867
1749258829,0.07410000,1727.30000000,0.0867
1749258829,0.07400000,1891.80000000,0.0867
1749259130,0.08640000,47611.40000000,0.0864
1749259130,0.08630000,247460.00000000,0.0864
1749259130,0.08620000,195384.50000000,0.0864
1749259130,0.08610000,92328.60000000,0.0864
1749259130,0.08600000,163899.40000000,0.0864
1749259130,0.08590000,65779.50000000,0.0864
1749259130,0.08580000,85718.00000000,0.0864
1749259130,0.08570000,22314.30000000,0.0864
1749259130,0.08560000,17494.50000000,0.0864
1749259130,0.08550000,67418.80000000,0.0864
1749259130,0.08540000,52664.20000000,0.0864
1749259130,0.08530000,56987.80000000,0.0864
1749259130,0.08520000,12599.50000000,0.0864
1749259130,0.08510000,14622.00000000,0.0864
1749259130,0.08500000,11161.80000000,0.0864
1749259130,0.08490000,12311.70000000,0.0864
1749259130,0.08480000,12601.00000000,0.0864
1749259130,0.08470000,27602.90000000,0.0864
1749259130,0.08460000,13038.80000000,0.0864
1749259130,0.08450000,12481.40000000,0.0864
1749259130,0.08440000,18176.60000000,0.0864
1749259130,0.08430000,12221.90000000,0.0864
1749259130,0.08420000,12221.90000000,0.0864
1749259130,0.08410000,12221.90000000,0.0864
1749259130,0.08400000,38077.60000000,0.0864
1749259130,0.08390000,12221.90000000,0.0864
1749259130,0.08380000,12221.90000000,0.0864
1749259130,0.08370000,204.30000000,0.0864
1749259130,0.08360000,6504.30000000,0.0864
1749259130,0.08350000,8907.40000000,0.0864
1749259130,0.08340000,14331.50000000,0.0864
1749259130,0.08330000,6504.50000000,0.0864
1749259130,0.08320000,6504.60000000,0.0864
1749259130,0.08310000,8680.60000000,0.0864
1749259130,0.08300000,333.10000000,0.0864
1749259130,0.08290000,6504.90000000,0.0864
1749259130,0.08280000,6505.00000000,0.0864
1749259130,0.08270000,6416.60000000,0.0864
1749259130,0.08260000,116.60000000,0.0864
1749259130,0.08250000,224.60000000,0.0864
1749259130,0.08240000,7637.60000000,0.0864
1749259130,0.08230000,116.60000000,0.0864
1749259130,0.08220000,116.60000000,0.0864
1749259130,0.08210000,116.60000000,0.0864
1749259130,0.08200000,8476.50000000,0.0864
1749259130,0.08190000,116.60000000,0.0864
1749259130,0.08180000,116.60000000,0.0864
1749259130,0.08170000,116.60000000,0.0864
1749259130,0.08160000,495.50000000,0.0864
1749259130,0.08150000,116.60000000,0.0864
1749259130,0.08140000,350.10000000,0.0864
1749259130,0.08130000,1346.60000000,0.0864
1749259130,0.08120000,178.20000000,0.0864
1749259130,0.08110000,116.60000000,0.0864
1749259130,0.08100000,15156.00000000,0.0864
1749259130,0.08090000,116.60000000,0.0864
1749259130,0.08080000,178.60000000,0.0864
1749259130,0.08070000,1045.80000000,0.0864
1749259130,0.08060000,756.20000000,0.0864
1749259130,0.08050000,116.60000000,0.0864
1749259130,0.08040000,116.60000000,0.0864
1749259130,0.08030000,116.60000000,0.0864
1749259130,0.08020000,179.00000000,0.0864
1749259130,0.08010000,5035.50000000,0.0864
1749259130,0.08000000,63389.20000000,0.0864
1749259130,0.07990000,116.60000000,0.0864
1749259130,0.07980000,116.60000000,0.0864
1749259130,0.07970000,116.60000000,0.0864
1749259130,0.07960000,914.30000000,0.0864
1749259130,0.07950000,921.50000000,0.0864
1749259130,0.07940000,116.60000000,0.0864
1749259130,0.07930000,116.60000000,0.0864
1749259130,0.07920000,179.80000000,0.0864
1749259130,0.07910000,236.70000000,0.0864
1749259130,0.07900000,1923.10000000,0.0864
1749259130,0.07890000,115.50000000,0.0864
1749259130,0.07880000,152.30000000,0.0864
1749259130,0.07850000,71.30000000,0.0864
1749259130,0.07830000,89.30000000,0.0864
1749259130,0.07820000,64.00000000,0.0864
1749259130,0.07800000,76.80000000,0.0864
1749259130,0.07780000,280.40000000,0.0864
1749259130,0.07770000,128.70000000,0.0864
1749259130,0.07720000,64.80000000,0.0864
1749259130,0.07700000,974.00000000,0.0864
1749259130,0.07680000,1376.20000000,0.0864
1749259130,0.07670000,66.40000000,0.0864
1749259130,0.07660000,326.30000000,0.0864
1749259130,0.07630000,108.00000000,0.0864
1749259130,0.07620000,65.70000000,0.0864
1749259130,0.07600000,197.30000000,0.0864
1749259130,0.07580000,2651.70000000,0.0864
1749259130,0.07520000,66.50000000,0.0864
1749259130,0.07500000,2469.70000000,0.0864
1749259130,0.07480000,4934.50000000,0.0864
1749259130,0.07470000,762.90000000,0.0864
1749259130,0.07420000,67.40000000,0.0864
1749259130,0.07410000,1727.30000000,0.0864
1749259130,0.07400000,1891.80000000,0.0864
1749259130,0.07380000,12319.30000000,0.0864
