timestamp,price,volume,current_price
1749254478,643.11000000,30.14700000,643.12
1749254478,643.10000000,2.68500000,643.12
1749254478,643.09000000,11.05000000,643.12
1749254478,643.08000000,15.87200000,643.12
1749254478,643.07000000,16.92600000,643.12
1749254478,643.06000000,4.51700000,643.12
1749254478,643.05000000,2.46900000,643.12
1749254478,643.03000000,1.44600000,643.12
1749254478,643.02000000,4.75400000,643.12
1749254478,643.01000000,2.33400000,643.12
1749254478,643.00000000,3.47100000,643.12
1749254478,642.99000000,7.92100000,643.12
1749254478,642.98000000,7.52600000,643.12
1749254478,642.97000000,4.14000000,643.12
1749254478,642.96000000,0.02500000,643.12
1749254478,642.95000000,9.33600000,643.12
1749254478,642.94000000,7.66000000,643.12
1749254478,642.93000000,11.73700000,643.12
1749254478,642.91000000,28.27100000,643.12
1749254478,642.90000000,1.03300000,643.12
1749254478,642.89000000,50.83300000,643.12
1749254478,642.88000000,6.36500000,643.12
1749254478,642.87000000,22.56200000,643.12
1749254478,642.86000000,7.20900000,643.12
1749254478,642.85000000,11.26500000,643.12
1749254478,642.84000000,18.62900000,643.12
1749254478,642.83000000,27.17500000,643.12
1749254478,642.82000000,8.25600000,643.12
1749254478,642.81000000,7.49100000,643.12
1749254478,642.80000000,26.31100000,643.12
1749254478,642.79000000,0.02800000,643.12
1749254478,642.78000000,4.44900000,643.12
1749254478,642.77000000,17.96400000,643.12
1749254478,642.76000000,17.21900000,643.12
1749254478,642.75000000,6.37300000,643.12
1749254478,642.74000000,29.50900000,643.12
1749254478,642.73000000,0.02000000,643.12
1749254478,642.72000000,1.82400000,643.12
1749254478,642.71000000,7.07800000,643.12
1749254478,642.70000000,0.00800000,643.12
1749254478,642.69000000,1.36700000,643.12
1749254478,642.68000000,10.61200000,643.12
1749254478,642.67000000,0.01200000,643.12
1749254478,642.66000000,0.01600000,643.12
1749254478,642.65000000,8.02900000,643.12
1749254478,642.64000000,4.87900000,643.12
1749254478,642.63000000,13.62600000,643.12
1749254478,642.62000000,6.48800000,643.12
1749254478,642.61000000,12.27100000,643.12
1749254478,642.60000000,3.86100000,643.12
1749254478,642.59000000,7.06300000,643.12
1749254478,642.58000000,0.14600000,643.12
1749254478,642.57000000,2.07000000,643.12
1749254478,642.56000000,11.98500000,643.12
1749254478,642.55000000,4.45700000,643.12
1749254478,642.54000000,14.57900000,643.12
1749254478,642.53000000,4.45100000,643.12
1749254478,642.52000000,7.16700000,643.12
1749254478,642.51000000,13.44300000,643.12
1749254478,642.50000000,4.14500000,643.12
1749254478,642.49000000,4.46600000,643.12
1749254478,642.48000000,11.02300000,643.12
1749254478,642.47000000,11.57700000,643.12
1749254478,642.46000000,4.48300000,643.12
1749254478,642.45000000,10.46900000,643.12
1749254478,642.44000000,0.05400000,643.12
1749254478,642.43000000,11.32300000,643.12
1749254478,642.42000000,15.45600000,643.12
1749254478,642.41000000,19.82100000,643.12
1749254478,642.40000000,9.09800000,643.12
1749254478,642.39000000,14.39500000,643.12
1749254478,642.38000000,4.07900000,643.12
1749254478,642.37000000,12.21600000,643.12
1749254478,642.36000000,9.74600000,643.12
1749254478,642.35000000,46.74300000,643.12
1749254478,642.34000000,16.67400000,643.12
1749254478,642.33000000,13.18800000,643.12
1749254478,642.32000000,0.05400000,643.12
1749254478,642.31000000,2.92900000,643.12
1749254478,642.30000000,21.48600000,643.12
1749254478,642.29000000,39.27200000,643.12
1749254478,642.28000000,0.03800000,643.12
1749254478,642.27000000,3.07300000,643.12
1749254478,642.26000000,0.03800000,643.12
1749254478,642.25000000,4.05300000,643.12
1749254478,642.24000000,13.28800000,643.12
1749254478,642.23000000,10.87200000,643.12
1749254478,642.22000000,3.62400000,643.12
1749254478,642.21000000,12.91000000,643.12
1749254478,642.20000000,5.36000000,643.12
1749254478,642.19000000,3.10800000,643.12
1749254478,642.18000000,35.58700000,643.12
1749254478,642.17000000,15.46500000,643.12
1749254478,642.16000000,21.12500000,643.12
1749254478,642.15000000,15.07500000,643.12
1749254478,642.14000000,15.72600000,643.12
1749254478,642.13000000,16.56800000,643.12
1749254478,642.12000000,4.92000000,643.12
1749254478,642.11000000,15.96300000,643.12
1749254478,642.10000000,0.28100000,643.12
1749254779,642.97000000,22.63500000,642.97
1749254779,642.96000000,0.03600000,642.97
1749254779,642.95000000,1.52500000,642.97
1749254779,642.94000000,5.33700000,642.97
1749254779,642.93000000,2.13500000,642.97
1749254779,642.92000000,2.32700000,642.97
1749254779,642.91000000,0.09500000,642.97
1749254779,642.90000000,7.10600000,642.97
1749254779,642.89000000,4.78300000,642.97
1749254779,642.88000000,4.80400000,642.97
1749254779,642.87000000,3.42300000,642.97
1749254779,642.86000000,4.42700000,642.97
1749254779,642.85000000,4.77600000,642.97
1749254779,642.84000000,3.42300000,642.97
1749254779,642.83000000,0.50800000,642.97
1749254779,642.82000000,1.64200000,642.97
1749254779,642.81000000,10.05300000,642.97
1749254779,642.80000000,3.03200000,642.97
1749254779,642.79000000,0.01200000,642.97
1749254779,642.78000000,35.16700000,642.97
1749254779,642.77000000,3.83700000,642.97
1749254779,642.76000000,43.94900000,642.97
1749254779,642.75000000,12.45400000,642.97
1749254779,642.74000000,27.04400000,642.97
1749254779,642.73000000,0.02000000,642.97
1749254779,642.72000000,4.97000000,642.97
1749254779,642.71000000,12.18500000,642.97
1749254779,642.70000000,30.23300000,642.97
1749254779,642.69000000,6.82000000,642.97
1749254779,642.68000000,0.00800000,642.97
1749254779,642.67000000,2.21400000,642.97
1749254779,642.66000000,11.64800000,642.97
1749254779,642.65000000,3.07700000,642.97
1749254779,642.64000000,0.66300000,642.97
1749254779,642.63000000,4.06100000,642.97
1749254779,642.62000000,0.32100000,642.97
1749254779,642.61000000,4.93500000,642.97
1749254779,642.60000000,15.84300000,642.97
1749254779,642.59000000,1.24700000,642.97
1749254779,642.58000000,4.13300000,642.97
1749254779,642.57000000,9.34300000,642.97
1749254779,642.56000000,7.56200000,642.97
1749254779,642.55000000,15.49600000,642.97
1749254779,642.54000000,14.33200000,642.97
1749254779,642.53000000,4.30200000,642.97
1749254779,642.52000000,10.15400000,642.97
1749254779,642.51000000,12.43400000,642.97
1749254779,642.50000000,7.88200000,642.97
1749254779,642.49000000,9.05000000,642.97
1749254779,642.48000000,14.85100000,642.97
1749254779,642.47000000,7.01100000,642.97
1749254779,642.46000000,4.99600000,642.97
1749254779,642.45000000,14.07100000,642.97
1749254779,642.44000000,12.62200000,642.97
1749254779,642.43000000,5.75800000,642.97
1749254779,642.42000000,20.30200000,642.97
1749254779,642.41000000,14.28700000,642.97
1749254779,642.40000000,8.61000000,642.97
1749254779,642.39000000,11.60300000,642.97
1749254779,642.38000000,5.70200000,642.97
1749254779,642.37000000,8.58200000,642.97
1749254779,642.36000000,16.86600000,642.97
1749254779,642.35000000,14.24400000,642.97
1749254779,642.34000000,12.85200000,642.97
1749254779,642.33000000,21.83000000,642.97
1749254779,642.32000000,11.55600000,642.97
1749254779,642.31000000,5.99300000,642.97
1749254779,642.30000000,27.26300000,642.97
1749254779,642.29000000,35.79600000,642.97
1749254779,642.28000000,5.86300000,642.97
1749254779,642.27000000,19.68400000,642.97
1749254779,642.26000000,11.48800000,642.97
1749254779,642.25000000,30.37200000,642.97
1749254779,642.24000000,18.67700000,642.97
1749254779,642.23000000,14.46800000,642.97
1749254779,642.22000000,18.03300000,642.97
1749254779,642.21000000,4.37700000,642.97
1749254779,642.20000000,15.80200000,642.97
1749254779,642.19000000,17.20100000,642.97
1749254779,642.18000000,31.21300000,642.97
1749254779,642.17000000,14.70300000,642.97
1749254779,642.16000000,3.04000000,642.97
1749254779,642.15000000,27.89200000,642.97
1749254779,642.14000000,11.20000000,642.97
1749254779,642.13000000,0.03100000,642.97
1749254779,642.12000000,22.85500000,642.97
1749254779,642.11000000,11.19700000,642.97
1749254779,642.10000000,0.28100000,642.97
1749254779,642.09000000,43.63500000,642.97
1749254779,642.08000000,54.80500000,642.97
1749254779,642.07000000,0.04100000,642.97
1749254779,642.06000000,9.87300000,642.97
1749254779,642.05000000,14.63500000,642.97
1749254779,642.04000000,3.13100000,642.97
1749254779,642.03000000,6.02400000,642.97
1749254779,642.02000000,4.29500000,642.97
1749254779,642.01000000,4.26700000,642.97
1749254779,642.00000000,4.58000000,642.97
1749254779,641.99000000,6.99100000,642.97
1749254779,641.98000000,0.39900000,642.97
