timestamp,price,volume,current_price
1749258248,644.10000000,56.54500000,644.11
1749258248,644.08000000,3.50900000,644.11
1749258248,644.07000000,6.61400000,644.11
1749258248,644.06000000,16.32300000,644.11
1749258248,644.05000000,5.69400000,644.11
1749258248,644.04000000,9.79100000,644.11
1749258248,644.03000000,12.40200000,644.11
1749258248,644.02000000,8.59600000,644.11
1749258248,644.01000000,13.76100000,644.11
1749258248,644.00000000,2.40200000,644.11
1749258248,643.99000000,6.15400000,644.11
1749258248,643.98000000,0.00900000,644.11
1749258248,643.97000000,0.06000000,644.11
1749258248,643.96000000,0.72600000,644.11
1749258248,643.95000000,0.07600000,644.11
1749258248,643.94000000,1.86900000,644.11
1749258248,643.93000000,2.17900000,644.11
1749258248,643.92000000,11.15200000,644.11
1749258248,643.91000000,5.45300000,644.11
1749258248,643.90000000,1.01600000,644.11
1749258248,643.89000000,31.29000000,644.11
1749258248,643.88000000,28.47300000,644.11
1749258248,643.87000000,0.02000000,644.11
1749258248,643.86000000,32.71800000,644.11
1749258248,643.85000000,8.49100000,644.11
1749258248,643.84000000,33.45500000,644.11
1749258248,643.83000000,4.48300000,644.11
1749258248,643.82000000,5.42700000,644.11
1749258248,643.81000000,11.95500000,644.11
1749258248,643.80000000,2.34900000,644.11
1749258248,643.79000000,4.04100000,644.11
1749258248,643.78000000,0.02400000,644.11
1749258248,643.77000000,0.37600000,644.11
1749258248,643.76000000,3.84200000,644.11
1749258248,643.75000000,12.56300000,644.11
1749258248,643.74000000,0.03800000,644.11
1749258248,643.73000000,5.94700000,644.11
1749258248,643.72000000,6.64300000,644.11
1749258248,643.71000000,20.87300000,644.11
1749258248,643.70000000,8.75500000,644.11
1749258248,643.69000000,9.69300000,644.11
1749258248,643.68000000,19.44600000,644.11
1749258248,643.67000000,12.56800000,644.11
1749258248,643.66000000,15.51800000,644.11
1749258248,643.65000000,9.25100000,644.11
1749258248,643.64000000,10.60600000,644.11
1749258248,643.63000000,0.82000000,644.11
1749258248,643.62000000,13.45300000,644.11
1749258248,643.61000000,2.12100000,644.11
1749258248,643.60000000,13.10400000,644.11
1749258248,643.59000000,7.94700000,644.11
1749258248,643.58000000,5.50400000,644.11
1749258248,643.57000000,4.71700000,644.11
1749258248,643.56000000,33.21400000,644.11
1749258248,643.55000000,34.81200000,644.11
1749258248,643.54000000,13.09500000,644.11
1749258248,643.53000000,42.08100000,644.11
1749258248,643.52000000,7.44200000,644.11
1749258248,643.51000000,71.99000000,644.11
1749258248,643.50000000,27.73900000,644.11
1749258248,643.49000000,21.93700000,644.11
1749258248,643.48000000,7.56800000,644.11
1749258248,643.47000000,18.87100000,644.11
1749258248,643.46000000,14.03100000,644.11
1749258248,643.45000000,16.54100000,644.11
1749258248,643.44000000,12.72500000,644.11
1749258248,643.43000000,24.75700000,644.11
1749258248,643.42000000,11.00900000,644.11
1749258248,643.41000000,42.25100000,644.11
1749258248,643.40000000,11.36100000,644.11
1749258248,643.39000000,15.11400000,644.11
1749258248,643.38000000,22.85100000,644.11
1749258248,643.37000000,7.89600000,644.11
1749258248,643.36000000,9.13000000,644.11
1749258248,643.35000000,18.92100000,644.11
1749258248,643.34000000,19.34900000,644.11
1749258248,643.33000000,10.57100000,644.11
1749258248,643.32000000,21.61100000,644.11
1749258248,643.31000000,4.64400000,644.11
1749258248,643.30000000,4.57200000,644.11
1749258248,643.29000000,36.91200000,644.11
1749258248,643.28000000,17.09600000,644.11
1749258248,643.27000000,9.10200000,644.11
1749258248,643.26000000,7.69000000,644.11
1749258248,643.25000000,10.46200000,644.11
1749258248,643.24000000,18.30000000,644.11
1749258248,643.23000000,10.99100000,644.11
1749258248,643.22000000,8.43400000,644.11
1749258248,643.21000000,9.11300000,644.11
1749258248,643.20000000,7.06300000,644.11
1749258248,643.19000000,3.10100000,644.11
1749258248,643.18000000,9.24100000,644.11
1749258248,643.17000000,0.01600000,644.11
1749258248,643.16000000,4.05200000,644.11
1749258248,643.15000000,8.68500000,644.11
1749258248,643.14000000,7.40800000,644.11
1749258248,643.13000000,8.41200000,644.11
1749258248,643.12000000,0.05400000,644.11
1749258248,643.11000000,0.02400000,644.11
1749258248,643.10000000,2.12300000,644.11
1749258555,644.01000000,18.62600000,644.02
1749258555,644.00000000,1.04500000,644.02
1749258555,643.99000000,0.00900000,644.02
1749258555,643.98000000,0.44000000,644.02
1749258555,643.97000000,0.01700000,644.02
1749258555,643.96000000,0.02400000,644.02
1749258555,643.95000000,2.96600000,644.02
1749258555,643.94000000,1.36700000,644.02
1749258555,643.93000000,0.17900000,644.02
1749258555,643.92000000,2.07700000,644.02
1749258555,643.91000000,4.29100000,644.02
1749258555,643.90000000,5.00800000,644.02
1749258555,643.89000000,14.16700000,644.02
1749258555,643.88000000,3.95200000,644.02
1749258555,643.87000000,4.68300000,644.02
1749258555,643.86000000,15.06800000,644.02
1749258555,643.85000000,20.57300000,644.02
1749258555,643.84000000,2.62300000,644.02
1749258555,643.83000000,0.05500000,644.02
1749258555,643.82000000,6.93700000,644.02
1749258555,643.81000000,10.22700000,644.02
1749258555,643.80000000,16.66400000,644.02
1749258555,643.79000000,27.87200000,644.02
1749258555,643.78000000,20.25700000,644.02
1749258555,643.77000000,27.76300000,644.02
1749258555,643.76000000,28.38100000,644.02
1749258555,643.75000000,10.29100000,644.02
1749258555,643.74000000,32.33600000,644.02
1749258555,643.73000000,1.83600000,644.02
1749258555,643.72000000,3.56400000,644.02
1749258555,643.71000000,9.65800000,644.02
1749258555,643.70000000,8.32900000,644.02
1749258555,643.69000000,7.64800000,644.02
1749258555,643.68000000,11.10900000,644.02
1749258555,643.67000000,5.46600000,644.02
1749258555,643.66000000,12.73500000,644.02
1749258555,643.65000000,10.58000000,644.02
1749258555,643.64000000,13.35100000,644.02
1749258555,643.63000000,1.06700000,644.02
1749258555,643.62000000,14.62700000,644.02
1749258555,643.61000000,6.19000000,644.02
1749258555,643.60000000,10.26700000,644.02
1749258555,643.59000000,19.10700000,644.02
1749258555,643.58000000,10.78200000,644.02
1749258555,643.57000000,1.96800000,644.02
1749258555,643.56000000,29.73100000,644.02
1749258555,643.55000000,14.44200000,644.02
1749258555,643.54000000,7.69800000,644.02
1749258555,643.53000000,35.49500000,644.02
1749258555,643.52000000,70.83100000,644.02
1749258555,643.51000000,3.34500000,644.02
1749258555,643.50000000,19.23300000,644.02
1749258555,643.49000000,27.58400000,644.02
1749258555,643.48000000,5.93800000,644.02
1749258555,643.47000000,14.74000000,644.02
1749258555,643.46000000,12.88500000,644.02
1749258555,643.45000000,15.48300000,644.02
1749258555,643.44000000,8.33800000,644.02
1749258555,643.43000000,7.27500000,644.02
1749258555,643.42000000,18.85800000,644.02
1749258555,643.41000000,16.38100000,644.02
1749258555,643.40000000,14.86200000,644.02
1749258555,643.39000000,16.31400000,644.02
1749258555,643.38000000,13.07200000,644.02
1749258555,643.37000000,15.17200000,644.02
1749258555,643.36000000,0.03800000,644.02
1749258555,643.35000000,22.99000000,644.02
1749258555,643.34000000,20.59600000,644.02
1749258555,643.33000000,7.46400000,644.02
1749258555,643.32000000,20.35200000,644.02
1749258555,643.31000000,25.38000000,644.02
1749258555,643.30000000,2.99400000,644.02
1749258555,643.29000000,26.43900000,644.02
1749258555,643.28000000,16.87900000,644.02
1749258555,643.26000000,17.91500000,644.02
1749258555,643.25000000,25.10200000,644.02
1749258555,643.24000000,12.00700000,644.02
1749258555,643.23000000,13.49700000,644.02
1749258555,643.22000000,37.72600000,644.02
1749258555,643.21000000,0.00800000,644.02
1749258555,643.20000000,26.13200000,644.02
1749258555,643.19000000,3.40300000,644.02
1749258555,643.18000000,11.32900000,644.02
1749258555,643.17000000,0.01600000,644.02
1749258555,643.16000000,0.03800000,644.02
1749258555,643.15000000,4.06100000,644.02
1749258555,643.14000000,4.70300000,644.02
1749258555,643.13000000,8.41200000,644.02
1749258555,643.12000000,5.13100000,644.02
1749258555,643.11000000,0.02400000,644.02
1749258555,643.10000000,0.03800000,644.02
1749258555,643.09000000,3.06600000,644.02
1749258555,643.08000000,10.02600000,644.02
1749258555,643.07000000,16.05500000,644.02
1749258555,643.06000000,7.68400000,644.02
1749258555,643.05000000,3.10100000,644.02
1749258555,643.04000000,0.05400000,644.02
1749258555,643.03000000,4.65700000,644.02
1749258555,643.02000000,1.45800000,644.02
1749258555,643.01000000,8.41100000,644.02
1749258871,644.21000000,24.76400000,644.21
1749258871,644.20000000,1.05800000,644.21
1749258871,644.19000000,0.05600000,644.21
1749258871,644.18000000,0.00900000,644.21
1749258871,644.17000000,2.37000000,644.21
1749258871,644.16000000,3.00500000,644.21
1749258871,644.15000000,4.66100000,644.21
1749258871,644.14000000,4.42500000,644.21
1749258871,644.13000000,8.71700000,644.21
1749258871,644.12000000,20.19100000,644.21
1749258871,644.11000000,0.07000000,644.21
1749258871,644.10000000,7.95200000,644.21
1749258871,644.09000000,6.73000000,644.21
1749258871,644.08000000,0.02400000,644.21
1749258871,644.07000000,0.00900000,644.21
1749258871,644.06000000,1.27800000,644.21
1749258871,644.05000000,4.13100000,644.21
1749258871,644.04000000,11.49500000,644.21
1749258871,644.03000000,24.01100000,644.21
1749258871,644.02000000,0.04000000,644.21
1749258871,644.01000000,21.97600000,644.21
1749258871,644.00000000,5.31300000,644.21
1749258871,643.99000000,0.01200000,644.21
1749258871,643.98000000,41.65500000,644.21
1749258871,643.97000000,32.85700000,644.21
1749258871,643.96000000,3.05700000,644.21
1749258871,643.95000000,22.93400000,644.21
1749258871,643.94000000,8.79200000,644.21
1749258871,643.93000000,0.02400000,644.21
1749258871,643.92000000,5.96200000,644.21
1749258871,643.91000000,11.42900000,644.21
1749258871,643.90000000,4.59700000,644.21
1749258871,643.89000000,29.63200000,644.21
1749258871,643.88000000,6.46400000,644.21
1749258871,643.87000000,2.95800000,644.21
1749258871,643.85000000,9.77900000,644.21
1749258871,643.84000000,24.02300000,644.21
1749258871,643.83000000,7.98100000,644.21
1749258871,643.82000000,3.66800000,644.21
1749258871,643.81000000,4.95600000,644.21
1749258871,643.80000000,4.64400000,644.21
1749258871,643.79000000,13.74300000,644.21
1749258871,643.78000000,5.10300000,644.21
1749258871,643.77000000,5.00000000,644.21
1749258871,643.76000000,5.25200000,644.21
1749258871,643.75000000,3.38700000,644.21
1749258871,643.74000000,13.65400000,644.21
1749258871,643.73000000,8.25600000,644.21
1749258871,643.72000000,4.34000000,644.21
1749258871,643.71000000,14.84100000,644.21
1749258871,643.70000000,10.74600000,644.21
1749258871,643.69000000,11.91500000,644.21
1749258871,643.68000000,0.57100000,644.21
1749258871,643.67000000,3.45600000,644.21
1749258871,643.66000000,7.94800000,644.21
1749258871,643.65000000,9.34900000,644.21
1749258871,643.64000000,13.13800000,644.21
1749258871,643.63000000,10.99000000,644.21
1749258871,643.62000000,2.60100000,644.21
1749258871,643.61000000,9.13500000,644.21
1749258871,643.60000000,12.67500000,644.21
1749258871,643.59000000,17.72900000,644.21
1749258871,643.58000000,7.12700000,644.21
1749258871,643.57000000,25.91000000,644.21
1749258871,643.56000000,73.29900000,644.21
1749258871,643.55000000,3.85700000,644.21
1749258871,643.54000000,15.32900000,644.21
1749258871,643.53000000,27.96400000,644.21
1749258871,643.52000000,10.07400000,644.21
1749258871,643.51000000,3.78200000,644.21
1749258871,643.50000000,30.14400000,644.21
1749258871,643.49000000,45.53700000,644.21
1749258871,643.48000000,2.95200000,644.21
1749258871,643.47000000,16.49400000,644.21
1749258871,643.46000000,11.00700000,644.21
1749258871,643.45000000,12.66400000,644.21
1749258871,643.44000000,25.89700000,644.21
1749258871,643.43000000,15.25400000,644.21
1749258871,643.42000000,12.06900000,644.21
1749258871,643.41000000,31.04000000,644.21
1749258871,643.40000000,25.52000000,644.21
1749258871,643.39000000,16.07600000,644.21
1749258871,643.38000000,24.01900000,644.21
1749258871,643.37000000,20.45400000,644.21
1749258871,643.36000000,16.01700000,644.21
1749258871,643.35000000,20.98800000,644.21
1749258871,643.34000000,14.60400000,644.21
1749258871,643.33000000,3.06900000,644.21
1749258871,643.32000000,5.83200000,644.21
1749258871,643.31000000,5.10900000,644.21
1749258871,643.30000000,12.96700000,644.21
1749258871,643.29000000,3.53800000,644.21
1749258871,643.28000000,12.46400000,644.21
1749258871,643.27000000,0.02200000,644.21
1749258871,643.26000000,7.69000000,644.21
1749258871,643.25000000,20.81000000,644.21
1749258871,643.24000000,7.69000000,644.21
1749258871,643.23000000,0.01600000,644.21
1749258871,643.22000000,8.43400000,644.21
1749258871,643.21000000,0.77600000,644.21
1749259172,643.34000000,33.42700000,643.35
1749259172,643.33000000,18.71600000,643.35
1749259172,643.32000000,19.15200000,643.35
1749259172,643.31000000,12.07600000,643.35
1749259172,643.30000000,11.85600000,643.35
1749259172,643.29000000,3.79400000,643.35
1749259172,643.28000000,0.00800000,643.35
1749259172,643.27000000,2.70600000,643.35
1749259172,643.26000000,4.86800000,643.35
1749259172,643.25000000,4.40300000,643.35
1749259172,643.24000000,0.02400000,643.35
1749259172,643.23000000,5.51100000,643.35
1749259172,643.22000000,6.67600000,643.35
1749259172,643.21000000,0.02800000,643.35
1749259172,643.20000000,3.02500000,643.35
1749259172,643.19000000,1.45000000,643.35
1749259172,643.18000000,3.54200000,643.35
1749259172,643.17000000,1.44400000,643.35
1749259172,643.16000000,0.00800000,643.35
1749259172,643.15000000,4.37300000,643.35
1749259172,643.14000000,0.03300000,643.35
1749259172,643.13000000,13.06200000,643.35
1749259172,643.12000000,32.10000000,643.35
1749259172,643.11000000,3.06300000,643.35
1749259172,643.10000000,4.52600000,643.35
1749259172,643.09000000,0.02800000,643.35
1749259172,643.08000000,5.59900000,643.35
1749259172,643.07000000,13.79000000,643.35
1749259172,643.06000000,18.64900000,643.35
1749259172,643.05000000,0.03300000,643.35
1749259172,643.04000000,4.55300000,643.35
1749259172,643.03000000,0.03600000,643.35
1749259172,643.02000000,11.85600000,643.35
1749259172,643.01000000,5.73900000,643.35
1749259172,643.00000000,12.48000000,643.35
1749259172,642.99000000,29.60100000,643.35
1749259172,642.98000000,3.87000000,643.35
1749259172,642.97000000,23.65000000,643.35
1749259172,642.96000000,12.04400000,643.35
1749259172,642.95000000,3.96600000,643.35
1749259172,642.94000000,7.82600000,643.35
1749259172,642.93000000,11.00400000,643.35
1749259172,642.92000000,9.32000000,643.35
1749259172,642.91000000,8.03300000,643.35
1749259172,642.90000000,6.53400000,643.35
1749259172,642.89000000,12.71300000,643.35
1749259172,642.88000000,2.24200000,643.35
1749259172,642.87000000,10.24300000,643.35
1749259172,642.86000000,12.11600000,643.35
1749259172,642.85000000,7.93000000,643.35
1749259172,642.84000000,21.71900000,643.35
1749259172,642.83000000,11.45700000,643.35
1749259172,642.82000000,7.69800000,643.35
1749259172,642.81000000,31.79800000,643.35
1749259172,642.80000000,7.89500000,643.35
1749259172,642.79000000,17.85100000,643.35
1749259172,642.78000000,5.62800000,643.35
1749259172,642.77000000,11.52400000,643.35
1749259172,642.76000000,20.43900000,643.35
1749259172,642.75000000,17.63400000,643.35
1749259172,642.74000000,6.92400000,643.35
1749259172,642.73000000,0.78500000,643.35
1749259172,642.72000000,24.08700000,643.35
1749259172,642.71000000,11.31900000,643.35
1749259172,642.70000000,8.42300000,643.35
1749259172,642.69000000,31.49500000,643.35
1749259172,642.68000000,13.39500000,643.35
1749259172,642.67000000,30.46900000,643.35
1749259172,642.66000000,17.16800000,643.35
1749259172,642.65000000,30.74500000,643.35
1749259172,642.64000000,19.42500000,643.35
1749259172,642.63000000,24.45800000,643.35
1749259172,642.62000000,14.26200000,643.35
1749259172,642.61000000,16.48100000,643.35
1749259172,642.60000000,29.69100000,643.35
1749259172,642.59000000,21.00900000,643.35
1749259172,642.58000000,8.57200000,643.35
1749259172,642.57000000,22.85100000,643.35
1749259172,642.56000000,11.26900000,643.35
1749259172,642.55000000,15.67000000,643.35
1749259172,642.54000000,11.68600000,643.35
1749259172,642.53000000,7.65200000,643.35
1749259172,642.52000000,11.76600000,643.35
1749259172,642.51000000,38.92100000,643.35
1749259172,642.50000000,72.36800000,643.35
1749259172,642.49000000,7.78400000,643.35
1749259172,642.48000000,13.69200000,643.35
1749259172,642.47000000,0.00900000,643.35
1749259172,642.46000000,0.82500000,643.35
1749259172,642.45000000,32.96700000,643.35
1749259172,642.44000000,11.63500000,643.35
1749259172,642.43000000,4.19700000,643.35
1749259172,642.42000000,7.87500000,643.35
1749259172,642.41000000,0.01600000,643.35
1749259172,642.40000000,15.04000000,643.35
1749259172,642.39000000,3.34200000,643.35
1749259172,642.38000000,4.78100000,643.35
1749259172,642.37000000,8.94700000,643.35
1749259172,642.36000000,4.45700000,643.35
1749259172,642.35000000,7.32500000,643.35
