timestamp,price,volume,current_price
1749260671,642.97000000,27.74000000,642.97
1749260671,642.95000000,1.46100000,642.97
1749260671,642.94000000,4.67100000,642.97
1749260671,642.93000000,11.39900000,642.97
1749260671,642.92000000,14.29200000,642.97
1749260671,642.91000000,0.01200000,642.97
1749260671,642.90000000,29.24300000,642.97
1749260671,642.89000000,9.26800000,642.97
1749260671,642.88000000,13.97000000,642.97
1749260671,642.87000000,16.46000000,642.97
1749260671,642.86000000,20.81500000,642.97
1749260671,642.85000000,0.03600000,642.97
1749260671,642.84000000,6.69600000,642.97
1749260671,642.82000000,4.91600000,642.97
1749260671,642.81000000,12.54400000,642.97
1749260671,642.80000000,4.06800000,642.97
1749260671,642.79000000,11.37800000,642.97
1749260671,642.78000000,5.84700000,642.97
1749260671,642.77000000,4.91400000,642.97
1749260671,642.76000000,4.05500000,642.97
1749260671,642.75000000,15.47400000,642.97
1749260671,642.74000000,26.53700000,642.97
1749260671,642.73000000,2.64900000,642.97
1749260671,642.72000000,9.44200000,642.97
1749260671,642.71000000,4.46500000,642.97
1749260671,642.70000000,27.55400000,642.97
1749260671,642.69000000,6.60800000,642.97
1749260671,642.68000000,8.79200000,642.97
1749260671,642.67000000,11.47200000,642.97
1749260671,642.66000000,10.82800000,642.97
1749260671,642.65000000,9.66200000,642.97
1749260671,642.64000000,3.16700000,642.97
1749260671,642.63000000,15.05200000,642.97
1749260671,642.62000000,9.79400000,642.97
1749260671,642.61000000,0.01200000,642.97
1749260671,642.60000000,10.07800000,642.97
1749260671,642.59000000,11.68700000,642.97
1749260671,642.58000000,1.57800000,642.97
1749260671,642.57000000,8.56200000,642.97
1749260671,642.56000000,6.73700000,642.97
1749260671,642.55000000,7.83100000,642.97
1749260671,642.54000000,10.08700000,642.97
1749260671,642.53000000,8.71000000,642.97
1749260671,642.52000000,5.57400000,642.97
1749260671,642.51000000,22.73100000,642.97
1749260671,642.50000000,13.98600000,642.97
1749260671,642.49000000,10.41500000,642.97
1749260671,642.48000000,8.83500000,642.97
1749260671,642.47000000,20.30400000,642.97
1749260671,642.46000000,3.06500000,642.97
1749260671,642.45000000,7.19000000,642.97
1749260671,642.44000000,5.63600000,642.97
1749260671,642.43000000,9.74100000,642.97
1749260671,642.42000000,19.26700000,642.97
1749260671,642.41000000,15.16100000,642.97
1749260671,642.40000000,30.07000000,642.97
1749260671,642.39000000,24.06900000,642.97
1749260671,642.38000000,4.07900000,642.97
1749260671,642.37000000,11.70500000,642.97
1749260671,642.36000000,20.37000000,642.97
1749260671,642.35000000,3.44500000,642.97
1749260671,642.33000000,10.41100000,642.97
1749260671,642.32000000,9.66900000,642.97
1749260671,642.31000000,22.49300000,642.97
1749260671,642.30000000,12.96500000,642.97
1749260671,642.29000000,13.85300000,642.97
1749260671,642.28000000,11.40900000,642.97
1749260671,642.27000000,37.66800000,642.97
1749260671,642.26000000,4.77700000,642.97
1749260671,642.25000000,8.32500000,642.97
1749260671,642.24000000,23.38000000,642.97
1749260671,642.23000000,23.77700000,642.97
1749260671,642.22000000,16.37400000,642.97
1749260671,642.21000000,19.57000000,642.97
1749260671,642.20000000,26.98300000,642.97
1749260671,642.19000000,14.97600000,642.97
1749260671,642.18000000,19.04500000,642.97
1749260671,642.17000000,28.01500000,642.97
1749260671,642.16000000,13.42500000,642.97
1749260671,642.15000000,6.13900000,642.97
1749260671,642.14000000,7.76200000,642.97
1749260671,642.13000000,0.01200000,642.97
1749260671,642.12000000,13.41000000,642.97
1749260671,642.11000000,7.50300000,642.97
1749260671,642.10000000,2.91600000,642.97
1749260671,642.09000000,13.27400000,642.97
1749260671,642.08000000,7.72600000,642.97
1749260671,642.07000000,7.77600000,642.97
1749260671,642.06000000,31.36200000,642.97
1749260671,642.05000000,0.05800000,642.97
1749260671,642.04000000,7.43000000,642.97
1749260671,642.03000000,68.38300000,642.97
1749260671,642.02000000,7.09300000,642.97
1749260671,642.01000000,2.95200000,642.97
1749260671,642.00000000,16.76200000,642.97
1749260671,641.99000000,24.23300000,642.97
1749260671,641.98000000,0.58300000,642.97
1749260671,641.97000000,8.98400000,642.97
1749260671,641.96000000,15.73800000,642.97
1749260671,641.95000000,8.01200000,642.97
1749260974,643.15000000,11.80300000,643.13
1749260974,643.14000000,8.92400000,643.13
1749260974,643.13000000,0.01700000,643.13
1749260974,643.12000000,20.00700000,643.13
1749260974,643.11000000,49.15200000,643.13
1749260974,643.10000000,3.47400000,643.13
1749260974,643.09000000,0.45400000,643.13
1749260974,643.08000000,8.07400000,643.13
1749260974,643.07000000,5.77700000,643.13
1749260974,643.06000000,0.07900000,643.13
1749260974,643.05000000,3.73400000,643.13
1749260974,643.04000000,3.51800000,643.13
1749260974,643.03000000,0.08000000,643.13
1749260974,643.02000000,8.73700000,643.13
1749260974,643.00000000,1.35000000,643.13
1749260974,642.99000000,0.08600000,643.13
1749260974,642.98000000,4.50500000,643.13
1749260974,642.97000000,33.93100000,643.13
1749260974,642.96000000,5.58600000,643.13
1749260974,642.95000000,8.03500000,643.13
1749260974,642.94000000,6.47100000,643.13
1749260974,642.93000000,18.50500000,643.13
1749260974,642.92000000,10.77300000,643.13
1749260974,642.91000000,3.06900000,643.13
1749260974,642.90000000,14.69900000,643.13
1749260974,642.89000000,19.31000000,643.13
1749260974,642.88000000,14.01100000,643.13
1749260974,642.87000000,7.95800000,643.13
1749260974,642.85000000,16.21900000,643.13
1749260974,642.84000000,3.93300000,643.13
1749260974,642.83000000,9.21400000,643.13
1749260974,642.81000000,3.07500000,643.13
1749260974,642.80000000,1.69700000,643.13
1749260974,642.79000000,13.35100000,643.13
1749260974,642.78000000,3.11700000,643.13
1749260974,642.77000000,6.84800000,643.13
1749260974,642.76000000,4.05500000,643.13
1749260974,642.75000000,10.58000000,643.13
1749260974,642.74000000,4.95700000,643.13
1749260974,642.73000000,0.01200000,643.13
1749260974,642.72000000,11.65300000,643.13
1749260974,642.71000000,12.25300000,643.13
1749260974,642.70000000,2.89300000,643.13
1749260974,642.69000000,21.82800000,643.13
1749260974,642.68000000,12.66400000,643.13
1749260974,642.67000000,37.07300000,643.13
1749260974,642.66000000,11.83000000,643.13
1749260974,642.65000000,8.36600000,643.13
1749260974,642.64000000,3.91600000,643.13
1749260974,642.63000000,17.57500000,643.13
1749260974,642.62000000,19.77200000,643.13
1749260974,642.61000000,2.95000000,643.13
1749260974,642.60000000,7.62300000,643.13
1749260974,642.59000000,12.71300000,643.13
1749260974,642.58000000,6.78800000,643.13
1749260974,642.57000000,7.92500000,643.13
1749260974,642.56000000,16.47400000,643.13
1749260974,642.55000000,10.76900000,643.13
1749260974,642.54000000,7.28100000,643.13
1749260974,642.53000000,11.28300000,643.13
1749260974,642.52000000,22.33000000,643.13
1749260974,642.51000000,20.87500000,643.13
1749260974,642.50000000,14.25700000,643.13
1749260974,642.49000000,7.94800000,643.13
1749260974,642.48000000,7.92900000,643.13
1749260974,642.47000000,38.57300000,643.13
1749260974,642.46000000,56.90000000,643.13
1749260974,642.45000000,12.51000000,643.13
1749260974,642.44000000,4.44000000,643.13
1749260974,642.43000000,11.91300000,643.13
1749260974,642.42000000,6.50600000,643.13
1749260974,642.41000000,26.51300000,643.13
1749260974,642.40000000,8.69700000,643.13
1749260974,642.39000000,39.00500000,643.13
1749260974,642.38000000,16.79200000,643.13
1749260974,642.37000000,11.89300000,643.13
1749260974,642.36000000,36.80800000,643.13
1749260974,642.35000000,4.41000000,643.13
1749260974,642.34000000,4.29500000,643.13
1749260974,642.33000000,17.69100000,643.13
1749260974,642.32000000,8.50200000,643.13
1749260974,642.31000000,12.18100000,643.13
1749260974,642.30000000,6.26900000,643.13
1749260974,642.29000000,4.26700000,643.13
1749260974,642.28000000,0.03800000,643.13
1749260974,642.27000000,16.38600000,643.13
1749260974,642.26000000,11.84200000,643.13
1749260974,642.25000000,28.43900000,643.13
1749260974,642.24000000,11.97000000,643.13
1749260974,642.23000000,15.53200000,643.13
1749260974,642.22000000,15.18600000,643.13
1749260974,642.21000000,16.00800000,643.13
1749260974,642.20000000,1.46100000,643.13
1749260974,642.19000000,9.56600000,643.13
1749260974,642.18000000,3.13000000,643.13
1749260974,642.17000000,2.38600000,643.13
1749260974,642.16000000,7.85500000,643.13
1749260974,642.15000000,4.57400000,643.13
1749260974,642.14000000,4.37500000,643.13
1749260974,642.13000000,8.05100000,643.13
1749261275,643.10000000,4.08500000,643.1
1749261275,643.09000000,0.04200000,643.1
1749261275,643.08000000,0.02600000,643.1
1749261275,643.06000000,0.02500000,643.1
1749261275,643.05000000,0.02600000,643.1
1749261275,643.03000000,0.08400000,643.1
1749261275,643.02000000,3.81400000,643.1
1749261275,643.01000000,4.66900000,643.1
1749261275,643.00000000,1.04000000,643.1
1749261275,642.99000000,5.34600000,643.1
1749261275,642.98000000,4.31800000,643.1
1749261275,642.97000000,5.61100000,643.1
1749261275,642.96000000,10.15600000,643.1
1749261275,642.95000000,5.08800000,643.1
1749261275,642.94000000,2.02400000,643.1
1749261275,642.93000000,10.97700000,643.1
1749261275,642.92000000,6.49000000,643.1
1749261275,642.91000000,0.09200000,643.1
1749261275,642.90000000,38.61300000,643.1
1749261275,642.89000000,12.09900000,643.1
1749261275,642.88000000,0.01600000,643.1
1749261275,642.87000000,3.38400000,643.1
1749261275,642.86000000,2.44800000,643.1
1749261275,642.85000000,8.11100000,643.1
1749261275,642.84000000,4.41700000,643.1
1749261275,642.83000000,7.63600000,643.1
1749261275,642.82000000,3.09300000,643.1
1749261275,642.81000000,4.68000000,643.1
1749261275,642.80000000,9.64900000,643.1
1749261275,642.79000000,19.04600000,643.1
1749261275,642.78000000,10.12400000,643.1
1749261275,642.76000000,5.06100000,643.1
1749261275,642.75000000,21.91600000,643.1
1749261275,642.74000000,3.36300000,643.1
1749261275,642.73000000,11.75100000,643.1
1749261275,642.72000000,11.80900000,643.1
1749261275,642.71000000,7.91600000,643.1
1749261275,642.70000000,2.74100000,643.1
1749261275,642.69000000,27.19000000,643.1
1749261275,642.68000000,0.00800000,643.1
1749261275,642.67000000,36.06200000,643.1
1749261275,642.66000000,14.11200000,643.1
1749261275,642.65000000,1.53500000,643.1
1749261275,642.64000000,11.48000000,643.1
1749261275,642.63000000,16.97900000,643.1
1749261275,642.62000000,7.83000000,643.1
1749261275,642.61000000,4.54900000,643.1
1749261275,642.60000000,12.94500000,643.1
1749261275,642.59000000,19.48400000,643.1
1749261275,642.58000000,10.08200000,643.1
1749261275,642.57000000,14.75800000,643.1
1749261275,642.56000000,12.13500000,643.1
1749261275,642.55000000,13.15700000,643.1
1749261275,642.54000000,30.06100000,643.1
1749261275,642.53000000,7.16200000,643.1
1749261275,642.52000000,15.53800000,643.1
1749261275,642.51000000,36.41600000,643.1
1749261275,642.50000000,26.05800000,643.1
1749261275,642.49000000,4.45700000,643.1
1749261275,642.48000000,41.61100000,643.1
1749261275,642.47000000,14.75600000,643.1
1749261275,642.46000000,76.77500000,643.1
1749261275,642.45000000,26.78000000,643.1
1749261275,642.44000000,11.78600000,643.1
1749261275,642.43000000,11.96300000,643.1
1749261275,642.42000000,22.35900000,643.1
1749261275,642.41000000,22.17500000,643.1
1749261275,642.40000000,7.34600000,643.1
1749261275,642.39000000,15.22400000,643.1
1749261275,642.38000000,8.30700000,643.1
1749261275,642.37000000,23.48600000,643.1
1749261275,642.36000000,8.85400000,643.1
1749261275,642.35000000,4.68700000,643.1
1749261275,642.34000000,8.64600000,643.1
1749261275,642.33000000,17.50700000,643.1
1749261275,642.32000000,4.47500000,643.1
1749261275,642.31000000,3.53800000,643.1
1749261275,642.30000000,4.13500000,643.1
1749261275,642.29000000,0.01000000,643.1
1749261275,642.28000000,8.65200000,643.1
1749261275,642.27000000,31.32300000,643.1
1749261275,642.26000000,7.78500000,643.1
1749261275,642.25000000,24.05100000,643.1
1749261275,642.24000000,14.35200000,643.1
1749261275,642.23000000,15.54300000,643.1
1749261275,642.22000000,15.17600000,643.1
1749261275,642.21000000,10.54100000,643.1
1749261275,642.20000000,4.83800000,643.1
1749261275,642.19000000,5.98200000,643.1
1749261275,642.18000000,6.60100000,643.1
1749261275,642.17000000,0.02600000,643.1
1749261275,642.16000000,7.85500000,643.1
1749261275,642.15000000,6.00400000,643.1
1749261275,642.14000000,3.56400000,643.1
1749261275,642.12000000,4.43600000,643.1
1749261275,642.11000000,16.56400000,643.1
1749261275,642.10000000,0.03800000,643.1
1749261275,642.09000000,6.44100000,643.1
1749261275,642.08000000,7.72600000,643.1
1749261275,642.07000000,7.76400000,643.1
1749261577,643.27000000,54.88400000,643.27
1749261577,643.26000000,8.30900000,643.27
1749261577,643.25000000,0.12200000,643.27
1749261577,643.24000000,25.10700000,643.27
1749261577,643.23000000,23.57700000,643.27
1749261577,643.22000000,1.72700000,643.27
1749261577,643.21000000,13.98200000,643.27
1749261577,643.20000000,25.78900000,643.27
1749261577,643.19000000,0.06400000,643.27
1749261577,643.18000000,4.67600000,643.27
1749261577,643.17000000,24.69500000,643.27
1749261577,643.16000000,9.68000000,643.27
1749261577,643.15000000,4.07900000,643.27
1749261577,643.14000000,5.26000000,643.27
1749261577,643.13000000,0.00800000,643.27
1749261577,643.12000000,3.57200000,643.27
1749261577,643.11000000,0.32700000,643.27
1749261577,643.10000000,1.00800000,643.27
1749261577,643.09000000,0.07100000,643.27
1749261577,643.08000000,2.92100000,643.27
1749261577,643.06000000,7.93100000,643.27
1749261577,643.05000000,8.48100000,643.27
1749261577,643.04000000,15.80700000,643.27
1749261577,643.03000000,1.84300000,643.27
1749261577,643.02000000,17.39500000,643.27
1749261577,643.01000000,11.22700000,643.27
1749261577,643.00000000,13.17300000,643.27
1749261577,642.99000000,10.73800000,643.27
1749261577,642.97000000,11.49000000,643.27
1749261577,642.96000000,5.28000000,643.27
1749261577,642.95000000,0.31800000,643.27
1749261577,642.94000000,7.94700000,643.27
1749261577,642.93000000,1.30100000,643.27
1749261577,642.92000000,0.00800000,643.27
1749261577,642.91000000,0.78900000,643.27
1749261577,642.90000000,30.26800000,643.27
1749261577,642.89000000,11.97200000,643.27
1749261577,642.88000000,6.49800000,643.27
1749261577,642.87000000,13.13000000,643.27
1749261577,642.86000000,10.39700000,643.27
1749261577,642.85000000,9.02800000,643.27
1749261577,642.84000000,20.66400000,643.27
1749261577,642.83000000,8.55300000,643.27
1749261577,642.82000000,0.85400000,643.27
1749261577,642.81000000,9.23000000,643.27
1749261577,642.80000000,7.93500000,643.27
1749261577,642.79000000,3.60000000,643.27
1749261577,642.78000000,17.34500000,643.27
1749261577,642.77000000,9.26400000,643.27
1749261577,642.76000000,9.93100000,643.27
1749261577,642.75000000,14.01600000,643.27
1749261577,642.74000000,4.15000000,643.27
1749261577,642.73000000,5.26800000,643.27
1749261577,642.72000000,12.67800000,643.27
1749261577,642.71000000,12.24300000,643.27
1749261577,642.70000000,5.80600000,643.27
1749261577,642.69000000,11.70100000,643.27
1749261577,642.68000000,33.42900000,643.27
1749261577,642.67000000,49.52500000,643.27
1749261577,642.66000000,15.20800000,643.27
1749261577,642.65000000,10.50600000,643.27
1749261577,642.64000000,20.02100000,643.27
1749261577,642.63000000,23.74800000,643.27
1749261577,642.62000000,7.83000000,643.27
1749261577,642.61000000,12.29300000,643.27
1749261577,642.60000000,16.65300000,643.27
1749261577,642.59000000,22.72800000,643.27
1749261577,642.58000000,8.33400000,643.27
1749261577,642.57000000,11.75400000,643.27
1749261577,642.56000000,18.01300000,643.27
1749261577,642.55000000,24.82600000,643.27
1749261577,642.54000000,10.54400000,643.27
1749261577,642.52000000,14.88600000,643.27
1749261577,642.51000000,47.18700000,643.27
1749261577,642.50000000,0.05800000,643.27
1749261577,642.49000000,2.87800000,643.27
1749261577,642.48000000,78.42300000,643.27
1749261577,642.47000000,11.66800000,643.27
1749261577,642.46000000,7.23200000,643.27
1749261577,642.45000000,39.38000000,643.27
1749261577,642.44000000,21.14900000,643.27
1749261577,642.43000000,12.00300000,643.27
1749261577,642.42000000,33.63800000,643.27
1749261577,642.41000000,15.15300000,643.27
1749261577,642.40000000,8.48700000,643.27
1749261577,642.39000000,13.15800000,643.27
1749261577,642.38000000,4.08100000,643.27
1749261577,642.37000000,7.50700000,643.27
1749261577,642.36000000,14.20000000,643.27
1749261577,642.35000000,8.47000000,643.27
1749261577,642.34000000,6.86200000,643.27
1749261577,642.33000000,11.00100000,643.27
1749261577,642.32000000,8.03300000,643.27
1749261577,642.31000000,3.53800000,643.27
1749261577,642.30000000,0.05400000,643.27
1749261577,642.29000000,0.01000000,643.27
1749261577,642.28000000,3.10200000,643.27
1749261577,642.27000000,7.51000000,643.27
1749261577,642.26000000,8.31100000,643.27
1749261577,642.25000000,20.02100000,643.27
1749261888,643.12000000,2.12800000,643.12
1749261888,643.11000000,0.02700000,643.12
1749261888,643.10000000,0.00900000,643.12
1749261888,643.09000000,0.00900000,643.12
1749261888,643.08000000,0.04200000,643.12
1749261888,643.06000000,0.13000000,643.12
1749261888,643.05000000,5.57800000,643.12
1749261888,643.04000000,5.02800000,643.12
1749261888,643.03000000,5.00200000,643.12
1749261888,643.02000000,7.76600000,643.12
1749261888,643.01000000,2.39000000,643.12
1749261888,643.00000000,21.25700000,643.12
1749261888,642.99000000,6.72300000,643.12
1749261888,642.98000000,3.90400000,643.12
1749261888,642.97000000,8.71800000,643.12
1749261888,642.96000000,0.06600000,643.12
1749261888,642.95000000,8.08600000,643.12
1749261888,642.94000000,9.96100000,643.12
1749261888,642.93000000,3.83900000,643.12
1749261888,642.92000000,0.00800000,643.12
1749261888,642.91000000,0.01200000,643.12
1749261888,642.90000000,18.71600000,643.12
1749261888,642.89000000,7.62900000,643.12
1749261888,642.88000000,9.00000000,643.12
1749261888,642.87000000,16.58800000,643.12
1749261888,642.86000000,5.17400000,643.12
1749261888,642.85000000,30.13500000,643.12
1749261888,642.84000000,2.42900000,643.12
1749261888,642.83000000,7.65200000,643.12
1749261888,642.81000000,6.14900000,643.12
1749261888,642.80000000,9.24500000,643.12
1749261888,642.79000000,11.77800000,643.12
1749261888,642.78000000,8.91700000,643.12
1749261888,642.77000000,1.96400000,643.12
1749261888,642.76000000,4.05000000,643.12
1749261888,642.75000000,20.08900000,643.12
1749261888,642.74000000,4.67900000,643.12
1749261888,642.73000000,1.02600000,643.12
1749261888,642.72000000,13.09400000,643.12
1749261888,642.71000000,12.39300000,643.12
1749261888,642.70000000,3.65400000,643.12
1749261888,642.69000000,14.42300000,643.12
1749261888,642.68000000,15.65800000,643.12
1749261888,642.67000000,35.92300000,643.12
1749261888,642.66000000,9.83900000,643.12
1749261888,642.65000000,0.03600000,643.12
1749261888,642.64000000,8.40900000,643.12
1749261888,642.63000000,20.93400000,643.12
1749261888,642.62000000,17.95700000,643.12
1749261888,642.61000000,7.32200000,643.12
1749261888,642.60000000,8.62100000,643.12
1749261888,642.59000000,14.08000000,643.12
1749261888,642.58000000,14.48400000,643.12
1749261888,642.57000000,23.40800000,643.12
1749261888,642.56000000,17.61500000,643.12
1749261888,642.55000000,31.83000000,643.12
1749261888,642.54000000,19.97600000,643.12
1749261888,642.53000000,11.86200000,643.12
1749261888,642.52000000,8.04100000,643.12
1749261888,642.51000000,43.02000000,643.12
1749261888,642.50000000,19.18500000,643.12
1749261888,642.49000000,8.20300000,643.12
1749261888,642.48000000,80.86000000,643.12
1749261888,642.47000000,19.24300000,643.12
1749261888,642.46000000,11.99700000,643.12
1749261888,642.45000000,32.08400000,643.12
1749261888,642.44000000,17.65200000,643.12
1749261888,642.43000000,19.38500000,643.12
1749261888,642.42000000,32.32000000,643.12
1749261888,642.41000000,25.45300000,643.12
1749261888,642.40000000,13.30400000,643.12
1749261888,642.39000000,26.08600000,643.12
1749261888,642.38000000,27.77200000,643.12
1749261888,642.37000000,8.23700000,643.12
1749261888,642.36000000,4.11000000,643.12
1749261888,642.35000000,5.94000000,643.12
1749261888,642.34000000,5.93400000,643.12
1749261888,642.33000000,7.51300000,643.12
1749261888,642.32000000,9.71500000,643.12
1749261888,642.31000000,12.86700000,643.12
1749261888,642.30000000,23.21600000,643.12
1749261888,642.29000000,0.01000000,643.12
1749261888,642.28000000,0.03800000,643.12
1749261888,642.27000000,10.53900000,643.12
1749261888,642.26000000,4.87500000,643.12
1749261888,642.25000000,4.06200000,643.12
1749261888,642.24000000,9.99500000,643.12
1749261888,642.23000000,11.14600000,643.12
1749261888,642.22000000,10.79900000,643.12
1749261888,642.21000000,7.50500000,643.12
1749261888,642.20000000,1.65800000,643.12
1749261888,642.19000000,0.01600000,643.12
1749261888,642.18000000,3.13000000,643.12
1749261888,642.17000000,2.38300000,643.12
1749261888,642.16000000,7.84700000,643.12
1749261888,642.15000000,2.73900000,643.12
1749261888,642.14000000,8.22900000,643.12
1749261888,642.13000000,0.81900000,643.12
1749261888,642.12000000,6.66600000,643.12
1749261888,642.11000000,15.66400000,643.12
1749262189,643.24000000,20.81900000,643.25
1749262189,643.23000000,0.03600000,643.25
1749262189,643.22000000,0.02600000,643.25
1749262189,643.21000000,0.66600000,643.25
1749262189,643.20000000,3.28000000,643.25
1749262189,643.19000000,2.16600000,643.25
1749262189,643.18000000,2.36300000,643.25
1749262189,643.17000000,5.15300000,643.25
1749262189,643.16000000,0.01700000,643.25
1749262189,643.15000000,4.03600000,643.25
1749262189,643.14000000,11.92100000,643.25
1749262189,643.13000000,11.53500000,643.25
1749262189,643.12000000,7.08300000,643.25
1749262189,643.11000000,8.52600000,643.25
1749262189,643.10000000,1.02400000,643.25
1749262189,643.09000000,2.95000000,643.25
1749262189,643.08000000,12.55400000,643.25
1749262189,643.07000000,6.51300000,643.25
1749262189,643.06000000,27.79700000,643.25
1749262189,643.05000000,7.89600000,643.25
1749262189,643.04000000,2.00000000,643.25
1749262189,643.03000000,7.65600000,643.25
1749262189,643.02000000,4.06700000,643.25
1749262189,643.01000000,8.19900000,643.25
1749262189,643.00000000,14.39300000,643.25
1749262189,642.99000000,16.35700000,643.25
1749262189,642.98000000,3.82400000,643.25
1749262189,642.97000000,28.38200000,643.25
1749262189,642.96000000,30.65600000,643.25
1749262189,642.95000000,26.55800000,643.25
1749262189,642.94000000,25.06200000,643.25
1749262189,642.93000000,39.94400000,643.25
1749262189,642.92000000,11.39000000,643.25
1749262189,642.91000000,4.31900000,643.25
1749262189,642.90000000,18.33300000,643.25
1749262189,642.89000000,18.39600000,643.25
1749262189,642.88000000,4.24800000,643.25
1749262189,642.87000000,19.44000000,643.25
1749262189,642.86000000,16.54000000,643.25
1749262189,642.85000000,7.97000000,643.25
1749262189,642.84000000,17.69200000,643.25
1749262189,642.83000000,12.50300000,643.25
1749262189,642.82000000,8.79500000,643.25
1749262189,642.81000000,3.51800000,643.25
1749262189,642.80000000,15.87100000,643.25
1749262189,642.79000000,16.24100000,643.25
1749262189,642.78000000,21.12900000,643.25
1749262189,642.77000000,5.95100000,643.25
1749262189,642.76000000,18.99900000,643.25
1749262189,642.75000000,16.08000000,643.25
1749262189,642.74000000,13.38100000,643.25
1749262189,642.73000000,8.27600000,643.25
1749262189,642.72000000,7.99500000,643.25
1749262189,642.71000000,5.97400000,643.25
1749262189,642.70000000,11.35200000,643.25
1749262189,642.69000000,17.05800000,643.25
1749262189,642.68000000,33.75600000,643.25
1749262189,642.67000000,10.77300000,643.25
1749262189,642.66000000,13.35600000,643.25
1749262189,642.65000000,0.03600000,643.25
1749262189,642.64000000,8.48700000,643.25
1749262189,642.63000000,15.98500000,643.25
1749262189,642.62000000,0.06000000,643.25
1749262189,642.61000000,10.57700000,643.25
1749262189,642.60000000,5.09800000,643.25
1749262189,642.59000000,15.61300000,643.25
1749262189,642.57000000,6.22200000,643.25
1749262189,642.56000000,4.36100000,643.25
1749262189,642.55000000,10.70900000,643.25
1749262189,642.54000000,22.79200000,643.25
1749262189,642.53000000,20.88600000,643.25
1749262189,642.52000000,6.65700000,643.25
1749262189,642.51000000,45.49900000,643.25
1749262189,642.50000000,18.38500000,643.25
1749262189,642.49000000,54.18000000,643.25
1749262189,642.48000000,28.87500000,643.25
1749262189,642.47000000,7.80400000,643.25
1749262189,642.46000000,10.74700000,643.25
1749262189,642.45000000,0.01600000,643.25
1749262189,642.44000000,9.71600000,643.25
1749262189,642.43000000,10.52400000,643.25
1749262189,642.42000000,12.90600000,643.25
1749262189,642.41000000,7.50900000,643.25
1749262189,642.40000000,7.16900000,643.25
1749262189,642.39000000,6.60700000,643.25
1749262189,642.38000000,8.35800000,643.25
1749262189,642.37000000,7.50700000,643.25
1749262189,642.36000000,5.78000000,643.25
1749262189,642.35000000,2.98200000,643.25
1749262189,642.34000000,7.78200000,643.25
1749262189,642.33000000,7.60500000,643.25
1749262189,642.32000000,1.11800000,643.25
1749262189,642.31000000,3.53800000,643.25
1749262189,642.30000000,0.06200000,643.25
1749262189,642.29000000,2.98500000,643.25
1749262189,642.28000000,4.94700000,643.25
1749262189,642.27000000,27.45500000,643.25
1749262189,642.26000000,4.62800000,643.25
1749262189,642.25000000,4.06200000,643.25
1749262189,642.24000000,10.00300000,643.25
1749262490,643.74000000,11.72400000,643.6
1749262490,643.73000000,5.27900000,643.6
1749262490,643.72000000,3.44200000,643.6
1749262490,643.71000000,18.55600000,643.6
1749262490,643.70000000,10.25400000,643.6
1749262490,643.69000000,4.25700000,643.6
1749262490,643.68000000,1.79600000,643.6
1749262490,643.67000000,0.12500000,643.6
1749262490,643.66000000,1.07400000,643.6
1749262490,643.65000000,7.77200000,643.6
1749262490,643.64000000,4.67000000,643.6
1749262490,643.63000000,2.08000000,643.6
1749262490,643.62000000,3.55100000,643.6
1749262490,643.61000000,7.45600000,643.6
1749262490,643.60000000,24.31200000,643.6
1749262490,643.59000000,5.23400000,643.6
1749262490,643.58000000,8.49600000,643.6
1749262490,643.57000000,4.36700000,643.6
1749262490,643.56000000,5.05400000,643.6
1749262490,643.55000000,0.06600000,643.6
1749262490,643.54000000,10.77200000,643.6
1749262490,643.53000000,9.60600000,643.6
1749262490,643.52000000,8.48800000,643.6
1749262490,643.51000000,0.02000000,643.6
1749262490,643.50000000,6.87300000,643.6
1749262490,643.49000000,12.31200000,643.6
1749262490,643.48000000,12.49700000,643.6
1749262490,643.47000000,5.90100000,643.6
1749262490,643.46000000,8.63500000,643.6
1749262490,643.45000000,3.06600000,643.6
1749262490,643.44000000,9.92000000,643.6
1749262490,643.43000000,16.22700000,643.6
1749262490,643.42000000,0.01600000,643.6
1749262490,643.41000000,7.57400000,643.6
1749262490,643.40000000,0.31800000,643.6
1749262490,643.39000000,8.62300000,643.6
1749262490,643.38000000,7.60200000,643.6
1749262490,643.37000000,16.13500000,643.6
1749262490,643.36000000,4.34700000,643.6
1749262490,643.35000000,14.09200000,643.6
1749262490,643.34000000,8.60700000,643.6
1749262490,643.33000000,18.61900000,643.6
1749262490,643.32000000,30.96400000,643.6
1749262490,643.31000000,37.45200000,643.6
1749262490,643.30000000,11.77600000,643.6
1749262490,643.29000000,15.85600000,643.6
1749262490,643.28000000,8.15000000,643.6
1749262490,643.27000000,15.58900000,643.6
1749262490,643.26000000,21.90600000,643.6
1749262490,643.25000000,8.17600000,643.6
1749262490,643.24000000,37.40700000,643.6
1749262490,643.23000000,17.69600000,643.6
1749262490,643.22000000,11.57800000,643.6
1749262490,643.21000000,11.70800000,643.6
1749262490,643.20000000,16.50500000,643.6
1749262490,643.19000000,5.32200000,643.6
1749262490,643.18000000,7.66000000,643.6
1749262490,643.17000000,13.31400000,643.6
1749262490,643.16000000,6.84400000,643.6
1749262490,643.15000000,5.46800000,643.6
1749262490,643.14000000,14.74800000,643.6
1749262490,643.13000000,21.09200000,643.6
1749262490,643.12000000,12.89200000,643.6
1749262490,643.11000000,23.37700000,643.6
1749262490,643.10000000,1.01000000,643.6
1749262490,643.09000000,11.47300000,643.6
1749262490,643.08000000,32.01500000,643.6
1749262490,643.07000000,12.36700000,643.6
1749262490,643.06000000,29.82500000,643.6
1749262490,643.05000000,48.86600000,643.6
1749262490,643.04000000,10.13500000,643.6
1749262490,643.03000000,12.59300000,643.6
1749262490,643.02000000,22.16900000,643.6
1749262490,643.01000000,10.92100000,643.6
1749262490,643.00000000,19.72700000,643.6
1749262490,642.99000000,12.48300000,643.6
1749262490,642.98000000,3.89800000,643.6
1749262490,642.97000000,11.14500000,643.6
1749262490,642.96000000,9.52600000,643.6
1749262490,642.95000000,8.08200000,643.6
1749262490,642.94000000,18.55400000,643.6
1749262490,642.93000000,22.60500000,643.6
1749262490,642.92000000,3.10300000,643.6
1749262490,642.91000000,53.99400000,643.6
1749262490,642.90000000,4.71200000,643.6
1749262490,642.89000000,15.51000000,643.6
1749262490,642.88000000,0.03800000,643.6
1749262490,642.87000000,3.90500000,643.6
1749262490,642.86000000,3.39300000,643.6
1749262490,642.85000000,7.98000000,643.6
1749262490,642.84000000,3.43600000,643.6
1749262490,642.83000000,7.65200000,643.6
1749262490,642.82000000,0.03800000,643.6
1749262490,642.81000000,13.82300000,643.6
1749262490,642.80000000,7.72100000,643.6
1749262490,642.79000000,11.07900000,643.6
1749262490,642.78000000,11.58700000,643.6
1749262490,642.77000000,3.07300000,643.6
1749262490,642.76000000,0.03800000,643.6
1749262490,642.75000000,13.07900000,643.6
1749262797,644.09000000,32.78300000,644.1
1749262797,644.08000000,1.61400000,644.1
1749262797,644.07000000,3.36900000,644.1
1749262797,644.06000000,0.01800000,644.1
1749262797,644.05000000,4.37200000,644.1
1749262797,644.04000000,0.80200000,644.1
1749262797,644.03000000,0.01700000,644.1
1749262797,644.02000000,0.00900000,644.1
1749262797,644.01000000,7.77600000,644.1
1749262797,644.00000000,15.44200000,644.1
1749262797,643.99000000,0.01200000,644.1
1749262797,643.98000000,5.94500000,644.1
1749262797,643.97000000,0.06700000,644.1
1749262797,643.96000000,2.06000000,644.1
1749262797,643.95000000,7.80300000,644.1
1749262797,643.94000000,0.75200000,644.1
1749262797,643.93000000,0.02400000,644.1
1749262797,643.92000000,29.76700000,644.1
1749262797,643.91000000,10.48900000,644.1
1749262797,643.90000000,9.25100000,644.1
1749262797,643.89000000,7.34800000,644.1
1749262797,643.88000000,5.12300000,644.1
1749262797,643.87000000,4.03700000,644.1
1749262797,643.86000000,26.78300000,644.1
1749262797,643.84000000,7.91400000,644.1
1749262797,643.83000000,38.35600000,644.1
1749262797,643.82000000,8.24900000,644.1
1749262797,643.81000000,0.09900000,644.1
1749262797,643.80000000,26.82700000,644.1
1749262797,643.79000000,16.21000000,644.1
1749262797,643.78000000,29.43200000,644.1
1749262797,643.77000000,5.03300000,644.1
1749262797,643.76000000,17.01800000,644.1
1749262797,643.75000000,2.30200000,644.1
1749262797,643.74000000,6.29900000,644.1
1749262797,643.73000000,0.00800000,644.1
1749262797,643.72000000,12.19100000,644.1
1749262797,643.71000000,7.57000000,644.1
1749262797,643.70000000,5.75300000,644.1
1749262797,643.69000000,3.43400000,644.1
1749262797,643.68000000,20.41700000,644.1
1749262797,643.67000000,2.10200000,644.1
1749262797,643.66000000,5.17200000,644.1
1749262797,643.65000000,22.13500000,644.1
1749262797,643.64000000,11.24000000,644.1
1749262797,643.63000000,25.36500000,644.1
1749262797,643.62000000,11.68700000,644.1
1749262797,643.61000000,18.10600000,644.1
1749262797,643.60000000,8.29400000,644.1
1749262797,643.59000000,23.43300000,644.1
1749262797,643.58000000,15.68000000,644.1
1749262797,643.57000000,17.90000000,644.1
1749262797,643.56000000,21.55500000,644.1
1749262797,643.55000000,13.85300000,644.1
1749262797,643.54000000,12.34800000,644.1
1749262797,643.53000000,16.84600000,644.1
1749262797,643.52000000,19.63600000,644.1
1749262797,643.51000000,37.48200000,644.1
1749262797,643.50000000,17.91400000,644.1
1749262797,643.49000000,5.86300000,644.1
1749262797,643.48000000,11.57100000,644.1
1749262797,643.47000000,30.47100000,644.1
1749262797,643.46000000,14.63600000,644.1
1749262797,643.45000000,24.81500000,644.1
1749262797,643.44000000,30.48300000,644.1
1749262797,643.43000000,7.35300000,644.1
1749262797,643.42000000,12.21900000,644.1
1749262797,643.41000000,7.98400000,644.1
1749262797,643.40000000,25.87900000,644.1
1749262797,643.39000000,57.87200000,644.1
1749262797,643.38000000,19.40000000,644.1
1749262797,643.37000000,4.06300000,644.1
1749262797,643.36000000,19.62500000,644.1
1749262797,643.35000000,9.28000000,644.1
1749262797,643.34000000,8.64500000,644.1
1749262797,643.33000000,20.02800000,644.1
1749262797,643.32000000,3.14800000,644.1
1749262797,643.31000000,4.75600000,644.1
1749262797,643.30000000,8.01600000,644.1
1749262797,643.29000000,7.23200000,644.1
1749262797,643.28000000,12.23900000,644.1
1749262797,643.27000000,0.83200000,644.1
1749262797,643.26000000,4.54800000,644.1
1749262797,643.25000000,8.12500000,644.1
1749262797,643.24000000,0.03800000,644.1
1749262797,643.23000000,11.06200000,644.1
1749262797,643.22000000,0.05400000,644.1
1749262797,643.21000000,11.71600000,644.1
1749262797,643.20000000,11.90200000,644.1
1749262797,643.19000000,11.85000000,644.1
1749262797,643.18000000,15.90500000,644.1
1749262797,643.17000000,4.83800000,644.1
1749262797,643.16000000,9.03800000,644.1
1749262797,643.15000000,8.17500000,644.1
1749262797,643.14000000,6.62400000,644.1
1749262797,643.13000000,11.72700000,644.1
1749262797,643.12000000,9.35600000,644.1
1749262797,643.11000000,2.54300000,644.1
1749262797,643.10000000,0.05400000,644.1
1749262797,643.09000000,8.24800000,644.1
1749263098,644.29000000,40.41800000,644.29
1749263098,644.28000000,2.82900000,644.29
1749263098,644.27000000,1.34900000,644.29
1749263098,644.26000000,3.28700000,644.29
1749263098,644.25000000,10.10800000,644.29
1749263098,644.24000000,0.01700000,644.29
1749263098,644.23000000,8.60800000,644.29
1749263098,644.22000000,31.88700000,644.29
1749263098,644.21000000,8.59600000,644.29
1749263098,644.20000000,10.77300000,644.29
1749263098,644.19000000,4.79900000,644.29
1749263098,644.18000000,4.81200000,644.29
1749263098,644.17000000,5.24800000,644.29
1749263098,644.16000000,6.75200000,644.29
1749263098,644.15000000,13.82100000,644.29
1749263098,644.14000000,2.51300000,644.29
1749263098,644.13000000,0.05300000,644.29
1749263098,644.12000000,4.54300000,644.29
1749263098,644.11000000,8.34500000,644.29
1749263098,644.10000000,11.72100000,644.29
1749263098,644.09000000,26.57900000,644.29
1749263098,644.08000000,3.53400000,644.29
1749263098,644.07000000,14.18600000,644.29
1749263098,644.06000000,13.53500000,644.29
1749263098,644.05000000,17.98600000,644.29
1749263098,644.04000000,13.65600000,644.29
1749263098,644.03000000,6.66100000,644.29
1749263098,644.02000000,8.04700000,644.29
1749263098,644.01000000,13.79000000,644.29
1749263098,644.00000000,5.79600000,644.29
1749263098,643.99000000,0.01200000,644.29
1749263098,643.98000000,11.58000000,644.29
1749263098,643.97000000,4.89400000,644.29
1749263098,643.96000000,8.65000000,644.29
1749263098,643.95000000,21.51500000,644.29
1749263098,643.94000000,35.75600000,644.29
1749263098,643.93000000,2.11200000,644.29
1749263098,643.92000000,9.06400000,644.29
1749263098,643.91000000,10.33300000,644.29
1749263098,643.90000000,1.38800000,644.29
1749263098,643.89000000,0.02400000,644.29
1749263098,643.88000000,4.47200000,644.29
1749263098,643.87000000,8.32300000,644.29
1749263098,643.86000000,14.01700000,644.29
1749263098,643.85000000,0.31000000,644.29
1749263098,643.84000000,19.95100000,644.29
1749263098,643.83000000,11.68500000,644.29
1749263098,643.82000000,8.24900000,644.29
1749263098,643.81000000,2.07200000,644.29
1749263098,643.80000000,15.50400000,644.29
1749263098,643.79000000,24.88900000,644.29
1749263098,643.78000000,15.68400000,644.29
1749263098,643.77000000,4.83300000,644.29
1749263098,643.76000000,3.91600000,644.29
1749263098,643.75000000,7.09100000,644.29
1749263098,643.74000000,18.51500000,644.29
1749263098,643.73000000,9.65900000,644.29
1749263098,643.72000000,20.56100000,644.29
1749263098,643.71000000,25.46300000,644.29
1749263098,643.70000000,11.56000000,644.29
1749263098,643.69000000,10.84000000,644.29
1749263098,643.68000000,23.87600000,644.29
1749263098,643.67000000,1.48300000,644.29
1749263098,643.66000000,9.12600000,644.29
1749263098,643.65000000,21.90800000,644.29
1749263098,643.64000000,20.21200000,644.29
1749263098,643.63000000,0.01200000,644.29
1749263098,643.62000000,14.79100000,644.29
1749263098,643.61000000,21.13000000,644.29
1749263098,643.60000000,4.97800000,644.29
1749263098,643.59000000,24.19900000,644.29
1749263098,643.58000000,7.64400000,644.29
1749263098,643.57000000,25.40200000,644.29
1749263098,643.56000000,15.35100000,644.29
1749263098,643.55000000,14.45700000,644.29
1749263098,643.54000000,3.94600000,644.29
1749263098,643.53000000,29.37100000,644.29
1749263098,643.52000000,7.88200000,644.29
1749263098,643.51000000,5.74800000,644.29
1749263098,643.50000000,25.09200000,644.29
1749263098,643.49000000,10.86800000,644.29
1749263098,643.48000000,9.56200000,644.29
1749263098,643.47000000,17.50800000,644.29
1749263098,643.46000000,15.65600000,644.29
1749263098,643.45000000,16.16800000,644.29
1749263098,643.44000000,14.76800000,644.29
1749263098,643.43000000,20.03800000,644.29
1749263098,643.42000000,15.18700000,644.29
1749263098,643.41000000,11.01400000,644.29
1749263098,643.40000000,21.05600000,644.29
1749263098,643.39000000,57.76200000,644.29
1749263098,643.38000000,11.70100000,644.29
1749263098,643.37000000,4.04400000,644.29
1749263098,643.36000000,3.62500000,644.29
1749263098,643.35000000,13.74300000,644.29
1749263098,643.34000000,8.65500000,644.29
1749263098,643.33000000,24.03500000,644.29
1749263098,643.32000000,7.79600000,644.29
1749263098,643.31000000,3.46400000,644.29
1749263098,643.30000000,8.01600000,644.29
1749263400,644.64000000,43.02700000,644.65
1749263400,644.63000000,0.31600000,644.65
1749263400,644.62000000,0.01800000,644.65
1749263400,644.61000000,3.93500000,644.65
1749263400,644.60000000,5.70800000,644.65
1749263400,644.59000000,0.01700000,644.65
1749263400,644.58000000,11.04000000,644.65
1749263400,644.57000000,7.54200000,644.65
1749263400,644.56000000,13.34200000,644.65
1749263400,644.55000000,7.01300000,644.65
1749263400,644.54000000,2.44400000,644.65
1749263400,644.53000000,0.43000000,644.65
1749263400,644.52000000,2.27100000,644.65
1749263400,644.51000000,0.02400000,644.65
1749263400,644.50000000,1.07400000,644.65
1749263400,644.49000000,6.36200000,644.65
1749263400,644.48000000,5.25300000,644.65
1749263400,644.47000000,7.86100000,644.65
1749263400,644.46000000,10.60600000,644.65
1749263400,644.45000000,11.41600000,644.65
1749263400,644.44000000,29.78600000,644.65
1749263400,644.43000000,9.32700000,644.65
1749263400,644.42000000,11.29900000,644.65
1749263400,644.41000000,7.88800000,644.65
1749263400,644.40000000,27.55200000,644.65
1749263400,644.39000000,7.79300000,644.65
1749263400,644.38000000,13.56000000,644.65
1749263400,644.37000000,36.01000000,644.65
1749263400,644.36000000,7.03000000,644.65
1749263400,644.35000000,10.66600000,644.65
1749263400,644.34000000,7.55700000,644.65
1749263400,644.33000000,0.06300000,644.65
1749263400,644.32000000,16.20300000,644.65
1749263400,644.31000000,4.05100000,644.65
1749263400,644.30000000,7.33500000,644.65
1749263400,644.29000000,3.55300000,644.65
1749263400,644.28000000,15.43000000,644.65
1749263400,644.27000000,1.03000000,644.65
1749263400,644.26000000,15.55000000,644.65
1749263400,644.25000000,1.47000000,644.65
1749263400,644.24000000,0.00800000,644.65
1749263400,644.23000000,13.06400000,644.65
1749263400,644.22000000,39.93700000,644.65
1749263400,644.21000000,0.79100000,644.65
1749263400,644.20000000,0.01600000,644.65
1749263400,644.19000000,7.82800000,644.65
1749263400,644.18000000,7.12900000,644.65
1749263400,644.17000000,9.88000000,644.65
1749263400,644.16000000,9.62800000,644.65
1749263400,644.15000000,5.16700000,644.65
1749263400,644.14000000,5.39600000,644.65
1749263400,644.13000000,13.90700000,644.65
1749263400,644.12000000,0.78900000,644.65
1749263400,644.11000000,16.11100000,644.65
1749263400,644.10000000,16.79800000,644.65
1749263400,644.09000000,30.63000000,644.65
1749263400,644.08000000,35.19400000,644.65
1749263400,644.07000000,14.36100000,644.65
1749263400,644.06000000,23.43700000,644.65
1749263400,644.05000000,13.61900000,644.65
1749263400,644.04000000,21.66600000,644.65
1749263400,644.03000000,2.81600000,644.65
1749263400,644.02000000,15.63200000,644.65
1749263400,644.01000000,25.92500000,644.65
1749263400,644.00000000,1.72200000,644.65
1749263400,643.99000000,3.62900000,644.65
1749263400,643.98000000,15.55900000,644.65
1749263400,643.97000000,7.92100000,644.65
1749263400,643.96000000,21.56100000,644.65
1749263400,643.95000000,17.89600000,644.65
1749263400,643.94000000,2.82400000,644.65
1749263400,643.93000000,7.24000000,644.65
1749263400,643.92000000,23.02000000,644.65
1749263400,643.91000000,12.28800000,644.65
1749263400,643.90000000,9.00000000,644.65
1749263400,643.89000000,21.50500000,644.65
1749263400,643.88000000,8.11200000,644.65
1749263400,643.87000000,6.90800000,644.65
1749263400,643.86000000,42.64300000,644.65
1749263400,643.85000000,17.63700000,644.65
1749263400,643.84000000,18.22600000,644.65
1749263400,643.83000000,35.34500000,644.65
1749263400,643.82000000,74.96800000,644.65
1749263400,643.81000000,0.33000000,644.65
1749263400,643.80000000,15.56700000,644.65
1749263400,643.79000000,4.03900000,644.65
1749263400,643.78000000,7.61200000,644.65
1749263400,643.77000000,7.88100000,644.65
1749263400,643.76000000,0.04800000,644.65
1749263400,643.75000000,0.03700000,644.65
1749263400,643.74000000,4.94100000,644.65
1749263400,643.73000000,0.81700000,644.65
1749263400,643.72000000,8.27100000,644.65
1749263400,643.71000000,13.46200000,644.65
1749263400,643.70000000,7.68200000,644.65
1749263400,643.69000000,10.95900000,644.65
1749263400,643.68000000,7.22300000,644.65
1749263400,643.66000000,0.03800000,644.65
1749263400,643.65000000,13.72500000,644.65
1749263400,643.64000000,8.00000000,644.65
1749263701,644.30000000,8.99900000,644.3
1749263701,644.29000000,0.27800000,644.3
1749263701,644.28000000,0.02700000,644.3
1749263701,644.27000000,2.07200000,644.3
1749263701,644.26000000,0.01800000,644.3
1749263701,644.25000000,3.99300000,644.3
1749263701,644.24000000,4.02500000,644.3
1749263701,644.23000000,2.02900000,644.3
1749263701,644.22000000,6.59000000,644.3
1749263701,644.21000000,4.79100000,644.3
1749263701,644.20000000,11.22000000,644.3
1749263701,644.19000000,4.72100000,644.3
1749263701,644.18000000,0.05200000,644.3
1749263701,644.17000000,0.43000000,644.3
1749263701,644.16000000,11.63300000,644.3
1749263701,644.15000000,10.62000000,644.3
1749263701,644.14000000,0.04000000,644.3
1749263701,644.13000000,27.81300000,644.3
1749263701,644.12000000,2.84900000,644.3
1749263701,644.11000000,0.05300000,644.3
1749263701,644.10000000,10.06400000,644.3
1749263701,644.09000000,17.08800000,644.3
1749263701,644.08000000,13.01700000,644.3
1749263701,644.07000000,0.02500000,644.3
1749263701,644.06000000,0.03100000,644.3
1749263701,644.05000000,4.06900000,644.3
1749263701,644.04000000,13.24800000,644.3
1749263701,644.03000000,4.38900000,644.3
1749263701,644.02000000,5.55900000,644.3
1749263701,644.01000000,16.73100000,644.3
1749263701,644.00000000,3.03100000,644.3
1749263701,643.99000000,0.01200000,644.3
1749263701,643.98000000,40.12100000,644.3
1749263701,643.97000000,11.85500000,644.3
1749263701,643.96000000,8.02300000,644.3
1749263701,643.95000000,13.56400000,644.3
1749263701,643.94000000,0.01600000,644.3
1749263701,643.93000000,0.02400000,644.3
1749263701,643.92000000,12.02600000,644.3
1749263701,643.91000000,4.65500000,644.3
1749263701,643.90000000,29.94600000,644.3
1749263701,643.89000000,8.09800000,644.3
1749263701,643.88000000,8.36400000,644.3
1749263701,643.87000000,10.06900000,644.3
1749263701,643.86000000,11.27400000,644.3
1749263701,643.85000000,3.85800000,644.3
1749263701,643.84000000,13.29300000,644.3
1749263701,643.83000000,18.64300000,644.3
1749263701,643.82000000,19.83500000,644.3
1749263701,643.81000000,16.02800000,644.3
1749263701,643.80000000,17.79400000,644.3
1749263701,643.79000000,11.84500000,644.3
1749263701,643.78000000,6.44100000,644.3
1749263701,643.77000000,7.88100000,644.3
1749263701,643.76000000,4.14400000,644.3
1749263701,643.75000000,8.10200000,644.3
1749263701,643.74000000,23.10000000,644.3
1749263701,643.73000000,10.21800000,644.3
1749263701,643.72000000,17.45300000,644.3
1749263701,643.71000000,16.58200000,644.3
1749263701,643.70000000,10.58800000,644.3
1749263701,643.69000000,14.81700000,644.3
1749263701,643.68000000,11.57700000,644.3
1749263701,643.67000000,18.74100000,644.3
1749263701,643.66000000,9.52100000,644.3
1749263701,643.65000000,37.86900000,644.3
1749263701,643.64000000,10.85400000,644.3
1749263701,643.63000000,10.96600000,644.3
1749263701,643.62000000,21.02600000,644.3
1749263701,643.61000000,3.97400000,644.3
1749263701,643.60000000,4.03700000,644.3
1749263701,643.59000000,31.46800000,644.3
1749263701,643.58000000,25.28200000,644.3
1749263701,643.57000000,12.07100000,644.3
1749263701,643.56000000,3.57300000,644.3
1749263701,643.55000000,12.67900000,644.3
1749263701,643.54000000,14.70600000,644.3
1749263701,643.53000000,12.18400000,644.3
1749263701,643.52000000,4.01200000,644.3
1749263701,643.51000000,0.02000000,644.3
1749263701,643.50000000,12.03600000,644.3
1749263701,643.49000000,0.02400000,644.3
1749263701,643.48000000,0.04800000,644.3
1749263701,643.47000000,16.82300000,644.3
1749263701,643.46000000,11.71800000,644.3
1749263701,643.45000000,15.03300000,644.3
1749263701,643.44000000,10.74000000,644.3
1749263701,643.43000000,0.00800000,644.3
1749263701,643.42000000,0.86400000,644.3
1749263701,643.41000000,22.88100000,644.3
1749263701,643.40000000,62.31100000,644.3
1749263701,643.39000000,0.01200000,644.3
1749263701,643.38000000,0.06200000,644.3
1749263701,643.37000000,0.01600000,644.3
1749263701,643.36000000,11.38700000,644.3
1749263701,643.35000000,12.20800000,644.3
1749263701,643.34000000,20.06400000,644.3
1749263701,643.33000000,7.99600000,644.3
1749263701,643.32000000,11.03800000,644.3
1749263701,643.31000000,3.37300000,644.3
1749264003,644.59000000,3.91300000,644.57
1749264003,644.58000000,2.01700000,644.57
1749264003,644.57000000,0.00900000,644.57
1749264003,644.56000000,1.04700000,644.57
1749264003,644.55000000,0.00900000,644.57
1749264003,644.54000000,0.01700000,644.57
1749264003,644.53000000,2.01700000,644.57
1749264003,644.52000000,0.03400000,644.57
1749264003,644.51000000,5.17700000,644.57
1749264003,644.50000000,5.76600000,644.57
1749264003,644.49000000,14.75200000,644.57
1749264003,644.48000000,6.43600000,644.57
1749264003,644.47000000,4.66100000,644.57
1749264003,644.46000000,8.10500000,644.57
1749264003,644.45000000,3.53400000,644.57
1749264003,644.44000000,2.43600000,644.57
1749264003,644.43000000,2.45300000,644.57
1749264003,644.42000000,8.59100000,644.57
1749264003,644.41000000,30.80400000,644.57
1749264003,644.40000000,12.32400000,644.57
1749264003,644.39000000,0.79100000,644.57
1749264003,644.38000000,2.33000000,644.57
1749264003,644.37000000,15.09100000,644.57
1749264003,644.36000000,0.77300000,644.57
1749264003,644.35000000,3.66300000,644.57
1749264003,644.34000000,15.70900000,644.57
1749264003,644.33000000,0.08200000,644.57
1749264003,644.32000000,0.01600000,644.57
1749264003,644.31000000,18.71800000,644.57
1749264003,644.30000000,12.19000000,644.57
1749264003,644.29000000,36.87900000,644.57
1749264003,644.28000000,6.71100000,644.57
1749264003,644.27000000,4.66000000,644.57
1749264003,644.26000000,9.26100000,644.57
1749264003,644.25000000,18.74100000,644.57
1749264003,644.24000000,0.78300000,644.57
1749264003,644.23000000,0.39900000,644.57
1749264003,644.22000000,36.59300000,644.57
1749264003,644.21000000,9.51200000,644.57
1749264003,644.20000000,19.83200000,644.57
1749264003,644.19000000,4.83700000,644.57
1749264003,644.18000000,4.86200000,644.57
1749264003,644.17000000,1.62500000,644.57
1749264003,644.16000000,4.38500000,644.57
1749264003,644.15000000,4.87600000,644.57
1749264003,644.14000000,7.79200000,644.57
1749264003,644.13000000,5.07600000,644.57
1749264003,644.12000000,11.07800000,644.57
1749264003,644.11000000,16.02000000,644.57
1749264003,644.10000000,24.81600000,644.57
1749264003,644.09000000,7.73500000,644.57
1749264003,644.08000000,5.45400000,644.57
1749264003,644.07000000,9.48600000,644.57
1749264003,644.06000000,10.76800000,644.57
1749264003,644.05000000,20.79000000,644.57
1749264003,644.04000000,3.88900000,644.57
1749264003,644.03000000,0.00800000,644.57
1749264003,644.02000000,7.39000000,644.57
1749264003,644.01000000,12.77700000,644.57
1749264003,644.00000000,4.95500000,644.57
1749264003,643.99000000,4.06900000,644.57
1749264003,643.98000000,10.91800000,644.57
1749264003,643.97000000,7.95200000,644.57
1749264003,643.96000000,2.80800000,644.57
1749264003,643.95000000,23.75900000,644.57
1749264003,643.94000000,11.08100000,644.57
1749264003,643.93000000,3.48300000,644.57
1749264003,643.92000000,24.62100000,644.57
1749264003,643.91000000,14.88200000,644.57
1749264003,643.89000000,17.56800000,644.57
1749264003,643.88000000,10.91200000,644.57
1749264003,643.87000000,18.96900000,644.57
1749264003,643.86000000,41.57400000,644.57
1749264003,643.85000000,66.12500000,644.57
1749264003,643.84000000,22.37300000,644.57
1749264003,643.83000000,37.92500000,644.57
1749264003,643.82000000,18.95400000,644.57
1749264003,643.81000000,26.96700000,644.57
1749264003,643.80000000,23.55800000,644.57
1749264003,643.79000000,4.03900000,644.57
1749264003,643.78000000,15.65500000,644.57
1749264003,643.77000000,20.59600000,644.57
1749264003,643.76000000,0.86500000,644.57
1749264003,643.75000000,6.90300000,644.57
1749264003,643.74000000,11.07600000,644.57
1749264003,643.73000000,3.69900000,644.57
1749264003,643.72000000,8.27100000,644.57
1749264003,643.71000000,10.11000000,644.57
1749264003,643.70000000,7.68200000,644.57
1749264003,643.69000000,7.19100000,644.57
1749264003,643.68000000,5.21700000,644.57
1749264003,643.67000000,6.28000000,644.57
1749264003,643.66000000,7.02900000,644.57
1749264003,643.65000000,17.16100000,644.57
1749264003,643.64000000,7.69000000,644.57
1749264003,643.63000000,0.01200000,644.57
1749264003,643.62000000,11.77600000,644.57
1749264003,643.61000000,2.84600000,644.57
1749264003,643.60000000,0.07900000,644.57
1749264003,643.59000000,7.99400000,644.57
1749264305,644.57000000,32.68300000,644.58
1749264305,644.56000000,0.96900000,644.58
1749264305,644.55000000,8.47600000,644.58
1749264305,644.54000000,8.62200000,644.58
1749264305,644.53000000,10.05200000,644.58
1749264305,644.52000000,30.79900000,644.58
1749264305,644.51000000,11.06200000,644.58
1749264305,644.50000000,17.43700000,644.58
1749264305,644.49000000,16.11300000,644.58
1749264305,644.48000000,8.62000000,644.58
1749264305,644.47000000,0.02800000,644.58
1749264305,644.46000000,0.01700000,644.58
1749264305,644.45000000,6.91500000,644.58
1749264305,644.44000000,9.43700000,644.58
1749264305,644.43000000,11.74300000,644.58
1749264305,644.42000000,0.40300000,644.58
1749264305,644.41000000,0.05500000,644.58
1749264305,644.40000000,11.46400000,644.58
1749264305,644.39000000,13.67000000,644.58
1749264305,644.38000000,5.32200000,644.58
1749264305,644.37000000,6.48600000,644.58
1749264305,644.36000000,6.67500000,644.58
1749264305,644.35000000,11.33000000,644.58
1749264305,644.34000000,8.32200000,644.58
1749264305,644.33000000,7.63600000,644.58
1749264305,644.32000000,1.56600000,644.58
1749264305,644.31000000,28.03800000,644.58
1749264305,644.30000000,1.27800000,644.58
1749264305,644.29000000,11.85700000,644.58
1749264305,644.28000000,13.90300000,644.58
1749264305,644.27000000,0.08000000,644.58
1749264305,644.26000000,7.53800000,644.58
1749264305,644.25000000,12.99900000,644.58
1749264305,644.24000000,2.08000000,644.58
1749264305,644.23000000,0.01200000,644.58
1749264305,644.22000000,29.98900000,644.58
1749264305,644.21000000,1.02200000,644.58
1749264305,644.20000000,9.61800000,644.58
1749264305,644.19000000,9.02300000,644.58
1749264305,644.18000000,11.57300000,644.58
1749264305,644.17000000,4.06000000,644.58
1749264305,644.16000000,0.02600000,644.58
1749264305,644.15000000,3.93400000,644.58
1749264305,644.14000000,8.84800000,644.58
1749264305,644.13000000,13.77500000,644.58
1749264305,644.12000000,24.27100000,644.58
1749264305,644.11000000,0.02000000,644.58
1749264305,644.10000000,6.61100000,644.58
1749264305,644.09000000,7.73500000,644.58
1749264305,644.08000000,11.98100000,644.58
1749264305,644.07000000,11.00600000,644.58
1749264305,644.06000000,3.43400000,644.58
1749264305,644.05000000,25.62700000,644.58
1749264305,644.04000000,5.56100000,644.58
1749264305,644.03000000,0.00800000,644.58
1749264305,644.02000000,7.40500000,644.58
1749264305,644.01000000,14.48800000,644.58
1749264305,644.00000000,8.42700000,644.58
1749264305,643.99000000,1.68700000,644.58
1749264305,643.98000000,20.67400000,644.58
1749264305,643.97000000,10.89700000,644.58
1749264305,643.96000000,4.45800000,644.58
1749264305,643.95000000,39.42900000,644.58
1749264305,643.94000000,10.69900000,644.58
1749264305,643.93000000,32.34700000,644.58
1749264305,643.92000000,16.05200000,644.58
1749264305,643.91000000,13.52900000,644.58
1749264305,643.90000000,3.82700000,644.58
1749264305,643.89000000,14.98100000,644.58
1749264305,643.88000000,12.94200000,644.58
1749264305,643.87000000,16.39300000,644.58
1749264305,643.86000000,51.02800000,644.58
1749264305,643.85000000,66.33400000,644.58
1749264305,643.84000000,15.35700000,644.58
1749264305,643.83000000,35.51400000,644.58
1749264305,643.82000000,30.98200000,644.58
1749264305,643.81000000,14.75800000,644.58
1749264305,643.80000000,16.99200000,644.58
1749264305,643.79000000,11.15400000,644.58
1749264305,643.78000000,11.91500000,644.58
1749264305,643.77000000,16.26000000,644.58
1749264305,643.76000000,8.49000000,644.58
1749264305,643.75000000,7.09200000,644.58
1749264305,643.74000000,13.66000000,644.58
1749264305,643.73000000,22.97200000,644.58
1749264305,643.72000000,7.08300000,644.58
1749264305,643.71000000,15.88700000,644.58
1749264305,643.70000000,15.33100000,644.58
1749264305,643.69000000,14.41600000,644.58
1749264305,643.68000000,13.52200000,644.58
1749264305,643.67000000,8.23400000,644.58
1749264305,643.66000000,15.26100000,644.58
1749264305,643.65000000,19.98200000,644.58
1749264305,643.64000000,7.69000000,644.58
1749264305,643.63000000,0.46100000,644.58
1749264305,643.62000000,16.88900000,644.58
1749264305,643.61000000,8.58200000,644.58
1749264305,643.60000000,8.08900000,644.58
1749264305,643.59000000,5.82700000,644.58
1749264305,643.58000000,7.68200000,644.58
1749264607,644.89000000,53.28700000,644.9
1749264607,644.88000000,18.00200000,644.9
1749264607,644.87000000,8.03600000,644.9
1749264607,644.86000000,0.31900000,644.9
1749264607,644.85000000,10.33100000,644.9
1749264607,644.84000000,6.96700000,644.9
1749264607,644.83000000,14.43000000,644.9
1749264607,644.82000000,27.15000000,644.9
1749264607,644.81000000,9.99900000,644.9
1749264607,644.80000000,15.34000000,644.9
1749264607,644.79000000,7.75800000,644.9
1749264607,644.78000000,1.09300000,644.9
1749264607,644.77000000,5.97400000,644.9
1749264607,644.76000000,0.02600000,644.9
1749264607,644.75000000,0.31000000,644.9
1749264607,644.74000000,0.02400000,644.9
1749264607,644.73000000,7.92600000,644.9
1749264607,644.72000000,18.29900000,644.9
1749264607,644.71000000,3.07700000,644.9
1749264607,644.70000000,20.58300000,644.9
1749264607,644.69000000,36.79500000,644.9
1749264607,644.68000000,4.34800000,644.9
1749264607,644.67000000,17.73400000,644.9
1749264607,644.66000000,0.27100000,644.9
1749264607,644.65000000,7.65600000,644.9
1749264607,644.64000000,8.11500000,644.9
1749264607,644.63000000,8.70800000,644.9
1749264607,644.62000000,0.00800000,644.9
1749264607,644.61000000,10.62900000,644.9
1749264607,644.60000000,4.60500000,644.9
1749264607,644.59000000,7.66800000,644.9
1749264607,644.58000000,5.46500000,644.9
1749264607,644.57000000,0.02000000,644.9
1749264607,644.56000000,6.14100000,644.9
1749264607,644.55000000,9.59400000,644.9
1749264607,644.54000000,0.00800000,644.9
1749264607,644.53000000,0.83700000,644.9
1749264607,644.52000000,5.36300000,644.9
1749264607,644.51000000,10.63600000,644.9
1749264607,644.50000000,6.58300000,644.9
1749264607,644.49000000,0.00800000,644.9
1749264607,644.48000000,6.27100000,644.9
1749264607,644.47000000,11.22900000,644.9
1749264607,644.46000000,19.44800000,644.9
1749264607,644.45000000,24.18500000,644.9
1749264607,644.44000000,11.74900000,644.9
1749264607,644.43000000,12.31200000,644.9
1749264607,644.42000000,10.61900000,644.9
1749264607,644.41000000,11.77400000,644.9
1749264607,644.40000000,5.48000000,644.9
1749264607,644.39000000,13.48100000,644.9
1749264607,644.38000000,31.35100000,644.9
1749264607,644.37000000,15.29300000,644.9
1749264607,644.36000000,14.11700000,644.9
1749264607,644.35000000,21.29200000,644.9
1749264607,644.34000000,12.36100000,644.9
1749264607,644.33000000,6.90700000,644.9
1749264607,644.32000000,3.83400000,644.9
1749264607,644.31000000,27.58300000,644.9
1749264607,644.30000000,6.79300000,644.9
1749264607,644.29000000,9.83100000,644.9
1749264607,644.28000000,17.10600000,644.9
1749264607,644.27000000,0.08000000,644.9
1749264607,644.26000000,23.32100000,644.9
1749264607,644.25000000,14.31700000,644.9
1749264607,644.24000000,14.26900000,644.9
1749264607,644.23000000,15.01300000,644.9
1749264607,644.22000000,38.20400000,644.9
1749264607,644.21000000,5.99700000,644.9
1749264607,644.20000000,33.72100000,644.9
1749264607,644.19000000,30.08200000,644.9
1749264607,644.18000000,18.39800000,644.9
1749264607,644.17000000,9.24600000,644.9
1749264607,644.16000000,8.81200000,644.9
1749264607,644.15000000,17.71900000,644.9
1749264607,644.14000000,15.47500000,644.9
1749264607,644.13000000,11.98500000,644.9
1749264607,644.12000000,3.92400000,644.9
1749264607,644.11000000,3.91800000,644.9
1749264607,644.10000000,20.69300000,644.9
1749264607,644.09000000,8.05300000,644.9
1749264607,644.08000000,26.66000000,644.9
1749264607,644.07000000,21.22000000,644.9
1749264607,644.06000000,3.16200000,644.9
1749264607,644.05000000,22.43200000,644.9
1749264607,644.04000000,11.50800000,644.9
1749264607,644.02000000,7.50300000,644.9
1749264607,644.01000000,10.84500000,644.9
1749264607,644.00000000,3.33400000,644.9
1749264607,643.99000000,0.01200000,644.9
1749264607,643.98000000,17.85400000,644.9
1749264607,643.97000000,3.02400000,644.9
1749264607,643.96000000,0.13800000,644.9
1749264607,643.95000000,27.17700000,644.9
1749264607,643.94000000,3.55300000,644.9
1749264607,643.93000000,7.55800000,644.9
1749264607,643.92000000,4.10500000,644.9
1749264607,643.90000000,16.23500000,644.9
1749264607,643.89000000,53.95500000,644.9
1749264607,643.88000000,4.42200000,644.9
1749264908,645.53000000,17.96200000,645.52
1749264908,645.52000000,0.05700000,645.52
1749264908,645.51000000,11.06900000,645.52
1749264908,645.50000000,9.56700000,645.52
1749264908,645.49000000,12.60200000,645.52
1749264908,645.48000000,3.50000000,645.52
1749264908,645.47000000,4.39400000,645.52
1749264908,645.46000000,8.97400000,645.52
1749264908,645.45000000,8.41700000,645.52
1749264908,645.44000000,0.06800000,645.52
1749264908,645.43000000,0.13400000,645.52
1749264908,645.42000000,4.79100000,645.52
1749264908,645.41000000,13.60800000,645.52
1749264908,645.40000000,28.25500000,645.52
1749264908,645.39000000,19.36100000,645.52
1749264908,645.38000000,21.36600000,645.52
1749264908,645.37000000,3.53000000,645.52
1749264908,645.36000000,11.65200000,645.52
1749264908,645.35000000,6.31400000,645.52
1749264908,645.34000000,4.04700000,645.52
1749264908,645.33000000,2.56200000,645.52
1749264908,645.32000000,7.12400000,645.52
1749264908,645.31000000,10.99400000,645.52
1749264908,645.30000000,13.27400000,645.52
1749264908,645.29000000,15.24600000,645.52
1749264908,645.28000000,2.04600000,645.52
1749264908,645.27000000,22.68700000,645.52
1749264908,645.26000000,18.33000000,645.52
1749264908,645.25000000,6.15400000,645.52
1749264908,645.24000000,8.99600000,645.52
1749264908,645.23000000,20.31800000,645.52
1749264908,645.22000000,10.40900000,645.52
1749264908,645.21000000,34.46200000,645.52
1749264908,645.20000000,16.52500000,645.52
1749264908,645.19000000,0.03600000,645.52
1749264908,645.18000000,15.75300000,645.52
1749264908,645.17000000,15.69600000,645.52
1749264908,645.16000000,4.66700000,645.52
1749264908,645.15000000,12.87100000,645.52
1749264908,645.14000000,11.27600000,645.52
1749264908,645.13000000,0.02800000,645.52
1749264908,645.12000000,27.96300000,645.52
1749264908,645.11000000,14.44900000,645.52
1749264908,645.10000000,12.86000000,645.52
1749264908,645.09000000,24.46400000,645.52
1749264908,645.08000000,9.63800000,645.52
1749264908,645.07000000,10.46800000,645.52
1749264908,645.06000000,22.14300000,645.52
1749264908,645.05000000,7.78900000,645.52
1749264908,645.04000000,3.93400000,645.52
1749264908,645.03000000,7.80000000,645.52
1749264908,645.02000000,10.06200000,645.52
1749264908,645.01000000,11.57700000,645.52
1749264908,645.00000000,18.20400000,645.52
1749264908,644.99000000,0.07300000,645.52
1749264908,644.98000000,2.40300000,645.52
1749264908,644.97000000,32.41500000,645.52
1749264908,644.96000000,3.09300000,645.52
1749264908,644.95000000,7.57700000,645.52
1749264908,644.94000000,5.81500000,645.52
1749264908,644.93000000,10.57300000,645.52
1749264908,644.92000000,3.81200000,645.52
1749264908,644.91000000,8.32500000,645.52
1749264908,644.90000000,7.67600000,645.52
1749264908,644.89000000,0.31700000,645.52
1749264908,644.88000000,7.30500000,645.52
1749264908,644.87000000,8.30200000,645.52
1749264908,644.86000000,22.61200000,645.52
1749264908,644.85000000,0.01600000,645.52
1749264908,644.84000000,0.06500000,645.52
1749264908,644.83000000,1.55200000,645.52
1749264908,644.82000000,9.36900000,645.52
1749264908,644.81000000,3.10100000,645.52
1749264908,644.80000000,7.70600000,645.52
1749264908,644.79000000,3.53400000,645.52
1749264908,644.78000000,16.02000000,645.52
1749264908,644.77000000,53.37300000,645.52
1749264908,644.76000000,8.58300000,645.52
1749264908,644.75000000,9.22400000,645.52
1749264908,644.74000000,21.31500000,645.52
1749264908,644.73000000,8.39100000,645.52
1749264908,644.72000000,16.07700000,645.52
1749264908,644.71000000,6.94700000,645.52
1749264908,644.70000000,18.59600000,645.52
1749264908,644.69000000,11.77500000,645.52
1749264908,644.68000000,21.13100000,645.52
1749264908,644.67000000,11.35300000,645.52
1749264908,644.66000000,11.59000000,645.52
1749264908,644.65000000,6.92800000,645.52
1749264908,644.64000000,13.15100000,645.52
1749264908,644.63000000,14.51100000,645.52
1749264908,644.62000000,13.06400000,645.52
1749264908,644.61000000,15.72200000,645.52
1749264908,644.60000000,13.33900000,645.52
1749264908,644.59000000,18.48900000,645.52
1749264908,644.58000000,2.87800000,645.52
1749264908,644.57000000,6.11500000,645.52
1749264908,644.56000000,6.64700000,645.52
1749264908,644.55000000,9.79500000,645.52
1749264908,644.54000000,3.44300000,645.52
1749265215,645.20000000,29.49300000,645.21
1749265215,645.19000000,4.23200000,645.21
1749265215,645.18000000,4.71600000,645.21
1749265215,645.17000000,2.79100000,645.21
1749265215,645.16000000,2.52600000,645.21
1749265215,645.15000000,5.18400000,645.21
1749265215,645.14000000,2.15000000,645.21
1749265215,645.13000000,1.22800000,645.21
1749265215,645.12000000,4.68000000,645.21
1749265215,645.11000000,5.05400000,645.21
1749265215,645.10000000,5.61900000,645.21
1749265215,645.09000000,12.74600000,645.21
1749265215,645.08000000,4.75900000,645.21
1749265215,645.07000000,4.35800000,645.21
1749265215,645.06000000,28.93300000,645.21
1749265215,645.05000000,20.16800000,645.21
1749265215,645.04000000,0.79200000,645.21
1749265215,645.03000000,8.74400000,645.21
1749265215,645.02000000,2.52200000,645.21
1749265215,645.01000000,7.91800000,645.21
1749265215,645.00000000,6.48900000,645.21
1749265215,644.99000000,7.89400000,645.21
1749265215,644.98000000,0.02400000,645.21
1749265215,644.97000000,8.48300000,645.21
1749265215,644.96000000,12.44900000,645.21
1749265215,644.95000000,31.63800000,645.21
1749265215,644.94000000,13.02200000,645.21
1749265215,644.93000000,7.72400000,645.21
1749265215,644.92000000,12.31400000,645.21
1749265215,644.91000000,13.82300000,645.21
1749265215,644.90000000,18.04400000,645.21
1749265215,644.89000000,0.04800000,645.21
1749265215,644.88000000,12.77300000,645.21
1749265215,644.87000000,3.73600000,645.21
1749265215,644.86000000,22.61200000,645.21
1749265215,644.85000000,19.66700000,645.21
1749265215,644.84000000,6.59000000,645.21
1749265215,644.83000000,9.92500000,645.21
1749265215,644.82000000,17.34800000,645.21
1749265215,644.81000000,9.90700000,645.21
1749265215,644.80000000,11.80300000,645.21
1749265215,644.79000000,10.99000000,645.21
1749265215,644.78000000,19.94800000,645.21
1749265215,644.77000000,57.55200000,645.21
1749265215,644.76000000,14.95500000,645.21
1749265215,644.75000000,19.14800000,645.21
1749265215,644.74000000,12.84700000,645.21
1749265215,644.73000000,6.63000000,645.21
1749265215,644.72000000,5.36800000,645.21
1749265215,644.71000000,6.99700000,645.21
1749265215,644.70000000,17.61900000,645.21
1749265215,644.69000000,11.77500000,645.21
1749265215,644.68000000,11.56100000,645.21
1749265215,644.67000000,13.34900000,645.21
1749265215,644.66000000,15.95200000,645.21
1749265215,644.65000000,7.05000000,645.21
1749265215,644.64000000,24.56600000,645.21
1749265215,644.63000000,18.08100000,645.21
1749265215,644.62000000,11.43200000,645.21
1749265215,644.61000000,42.57500000,645.21
1749265215,644.60000000,9.18400000,645.21
1749265215,644.59000000,9.11200000,645.21
1749265215,644.58000000,0.03800000,645.21
1749265215,644.57000000,16.56900000,645.21
1749265215,644.56000000,17.39900000,645.21
1749265215,644.55000000,7.57900000,645.21
1749265215,644.54000000,4.72600000,645.21
1749265215,644.53000000,3.87600000,645.21
1749265215,644.52000000,14.19000000,645.21
1749265215,644.51000000,10.44100000,645.21
1749265215,644.50000000,13.56200000,645.21
1749265215,644.49000000,7.54700000,645.21
1749265215,644.48000000,7.80400000,645.21
1749265215,644.47000000,7.67200000,645.21
1749265215,644.46000000,8.93300000,645.21
1749265215,644.45000000,19.08700000,645.21
1749265215,644.44000000,10.88200000,645.21
1749265215,644.43000000,3.51800000,645.21
1749265215,644.42000000,0.05400000,645.21
1749265215,644.41000000,8.36200000,645.21
1749265215,644.40000000,0.05500000,645.21
1749265215,644.39000000,0.02600000,645.21
1749265215,644.38000000,0.07500000,645.21
1749265215,644.37000000,3.91800000,645.21
1749265215,644.36000000,9.05800000,645.21
1749265215,644.35000000,18.30100000,645.21
1749265215,644.34000000,0.03800000,645.21
1749265215,644.33000000,8.27900000,645.21
1749265215,644.32000000,20.06400000,645.21
1749265215,644.31000000,16.01900000,645.21
1749265215,644.30000000,8.23100000,645.21
1749265215,644.29000000,3.07300000,645.21
1749265215,644.28000000,9.52500000,645.21
1749265215,644.27000000,0.00800000,645.21
1749265215,644.26000000,7.57600000,645.21
1749265215,644.25000000,7.67400000,645.21
1749265215,644.24000000,4.26700000,645.21
1749265215,644.23000000,7.64400000,645.21
1749265215,644.22000000,9.61500000,645.21
1749265215,644.21000000,3.10900000,645.21
1749265517,645.60000000,8.90800000,645.6
1749265517,645.59000000,0.06900000,645.6
1749265517,645.58000000,0.53600000,645.6
1749265517,645.57000000,0.01800000,645.6
1749265517,645.56000000,3.12400000,645.6
1749265517,645.55000000,0.02500000,645.6
1749265517,645.54000000,0.02600000,645.6
1749265517,645.53000000,3.53900000,645.6
1749265517,645.52000000,3.64800000,645.6
1749265517,645.51000000,21.34100000,645.6
1749265517,645.50000000,27.08900000,645.6
1749265517,645.49000000,4.23900000,645.6
1749265517,645.48000000,10.35300000,645.6
1749265517,645.47000000,0.29800000,645.6
1749265517,645.46000000,11.20700000,645.6
1749265517,645.45000000,4.98600000,645.6
1749265517,645.44000000,4.33000000,645.6
1749265517,645.43000000,0.07500000,645.6
1749265517,645.42000000,7.10700000,645.6
1749265517,645.41000000,8.03300000,645.6
1749265517,645.40000000,1.01600000,645.6
1749265517,645.39000000,5.98800000,645.6
1749265517,645.38000000,0.00800000,645.6
1749265517,645.37000000,16.02500000,645.6
1749265517,645.36000000,7.29300000,645.6
1749265517,645.35000000,9.62800000,645.6
1749265517,645.34000000,16.33700000,645.6
1749265517,645.33000000,32.19500000,645.6
1749265517,645.32000000,3.09400000,645.6
1749265517,645.31000000,8.03200000,645.6
1749265517,645.30000000,7.88100000,645.6
1749265517,645.29000000,8.60100000,645.6
1749265517,645.28000000,8.15500000,645.6
1749265517,645.27000000,29.05400000,645.6
1749265517,645.26000000,15.04800000,645.6
1749265517,645.25000000,24.05200000,645.6
1749265517,645.24000000,23.86300000,645.6
1749265517,645.23000000,10.14400000,645.6
1749265517,645.22000000,7.60000000,645.6
1749265517,645.21000000,17.17300000,645.6
1749265517,645.20000000,0.00800000,645.6
1749265517,645.19000000,5.28300000,645.6
1749265517,645.18000000,10.65300000,645.6
1749265517,645.17000000,11.53400000,645.6
1749265517,645.16000000,6.90500000,645.6
1749265517,645.15000000,10.42500000,645.6
1749265517,645.14000000,7.20400000,645.6
1749265517,645.13000000,15.10900000,645.6
1749265517,645.12000000,22.73000000,645.6
1749265517,645.11000000,14.94900000,645.6
1749265517,645.10000000,15.51800000,645.6
1749265517,645.09000000,27.98400000,645.6
1749265517,645.08000000,19.06500000,645.6
1749265517,645.07000000,2.87100000,645.6
1749265517,645.06000000,40.63800000,645.6
1749265517,645.05000000,26.25500000,645.6
1749265517,645.04000000,4.94900000,645.6
1749265517,645.03000000,12.09600000,645.6
1749265517,645.02000000,4.36700000,645.6
1749265517,645.01000000,10.41800000,645.6
1749265517,645.00000000,13.26500000,645.6
1749265517,644.99000000,14.59800000,645.6
1749265517,644.98000000,2.85200000,645.6
1749265517,644.97000000,16.60500000,645.6
1749265517,644.96000000,10.93300000,645.6
1749265517,644.95000000,12.16300000,645.6
1749265517,644.94000000,8.83800000,645.6
1749265517,644.93000000,30.80400000,645.6
1749265517,644.92000000,1.62600000,645.6
1749265517,644.91000000,9.88300000,645.6
1749265517,644.90000000,15.06000000,645.6
1749265517,644.89000000,6.61500000,645.6
1749265517,644.88000000,13.29000000,645.6
1749265517,644.87000000,9.00800000,645.6
1749265517,644.86000000,29.89600000,645.6
1749265517,644.85000000,3.70400000,645.6
1749265517,644.84000000,3.79400000,645.6
1749265517,644.83000000,7.35500000,645.6
1749265517,644.82000000,9.78700000,645.6
1749265517,644.81000000,3.94000000,645.6
1749265517,644.80000000,7.74400000,645.6
1749265517,644.79000000,10.13000000,645.6
1749265517,644.78000000,0.84600000,645.6
1749265517,644.77000000,18.30900000,645.6
1749265517,644.76000000,59.57100000,645.6
1749265517,644.75000000,7.64400000,645.6
1749265517,644.74000000,7.77300000,645.6
1749265517,644.73000000,8.15900000,645.6
1749265517,644.72000000,0.03800000,645.6
1749265517,644.71000000,9.18100000,645.6
1749265517,644.70000000,21.80200000,645.6
1749265517,644.69000000,11.77000000,645.6
1749265517,644.68000000,0.04600000,645.6
1749265517,644.67000000,2.33100000,645.6
1749265517,644.66000000,7.69000000,645.6
1749265517,644.64000000,5.62000000,645.6
1749265517,644.63000000,10.88700000,645.6
1749265517,644.62000000,7.69000000,645.6
1749265517,644.61000000,2.75400000,645.6
1749265517,644.60000000,3.57400000,645.6
1749265818,645.60000000,9.11900000,645.61
1749265818,645.59000000,0.85400000,645.61
1749265818,645.58000000,0.00900000,645.61
1749265818,645.57000000,0.02600000,645.61
1749265818,645.56000000,0.00900000,645.61
1749265818,645.55000000,1.81700000,645.61
1749265818,645.54000000,0.02600000,645.61
1749265818,645.53000000,6.64300000,645.61
1749265818,645.52000000,6.37100000,645.61
1749265818,645.51000000,5.53000000,645.61
1749265818,645.50000000,1.00800000,645.61
1749265818,645.49000000,3.11200000,645.61
1749265818,645.48000000,3.74200000,645.61
1749265818,645.47000000,2.06000000,645.61
1749265818,645.46000000,7.26800000,645.61
1749265818,645.45000000,18.06500000,645.61
1749265818,645.44000000,22.15000000,645.61
1749265818,645.43000000,4.40900000,645.61
1749265818,645.42000000,26.64600000,645.61
1749265818,645.41000000,0.60400000,645.61
1749265818,645.40000000,0.64500000,645.61
1749265818,645.39000000,5.19600000,645.61
1749265818,645.38000000,7.79600000,645.61
1749265818,645.37000000,0.05300000,645.61
1749265818,645.36000000,3.53500000,645.61
1749265818,645.35000000,19.22500000,645.61
1749265818,645.34000000,22.56500000,645.61
1749265818,645.33000000,6.78300000,645.61
1749265818,645.32000000,10.08900000,645.61
1749265818,645.31000000,0.01200000,645.61
1749265818,645.30000000,13.44200000,645.61
1749265818,645.29000000,24.77500000,645.61
1749265818,645.28000000,12.51000000,645.61
1749265818,645.27000000,13.32100000,645.61
1749265818,645.26000000,31.61800000,645.61
1749265818,645.25000000,10.17400000,645.61
1749265818,645.24000000,10.02900000,645.61
1749265818,645.22000000,4.51100000,645.61
1749265818,645.21000000,16.00100000,645.61
1749265818,645.20000000,3.87500000,645.61
1749265818,645.19000000,1.67700000,645.61
1749265818,645.18000000,9.50900000,645.61
1749265818,645.17000000,11.53400000,645.61
1749265818,645.16000000,0.02400000,645.61
1749265818,645.15000000,16.38500000,645.61
1749265818,645.14000000,0.00800000,645.61
1749265818,645.13000000,29.12400000,645.61
1749265818,645.12000000,11.13400000,645.61
1749265818,645.11000000,6.66300000,645.61
1749265818,645.10000000,11.55500000,645.61
1749265818,645.09000000,21.75500000,645.61
1749265818,645.08000000,8.19200000,645.61
1749265818,645.07000000,1.62200000,645.61
1749265818,645.06000000,23.34400000,645.61
1749265818,645.05000000,7.23200000,645.61
1749265818,645.04000000,0.01600000,645.61
1749265818,645.03000000,14.54000000,645.61
1749265818,645.02000000,10.72400000,645.61
1749265818,645.01000000,11.32700000,645.61
1749265818,645.00000000,21.32400000,645.61
1749265818,644.99000000,20.08100000,645.61
1749265818,644.98000000,30.51300000,645.61
1749265818,644.97000000,26.48700000,645.61
1749265818,644.96000000,16.45100000,645.61
1749265818,644.95000000,13.85500000,645.61
1749265818,644.94000000,25.88100000,645.61
1749265818,644.93000000,7.67600000,645.61
1749265818,644.92000000,16.44200000,645.61
1749265818,644.91000000,18.64900000,645.61
1749265818,644.90000000,14.63000000,645.61
1749265818,644.89000000,7.09400000,645.61
1749265818,644.88000000,19.54600000,645.61
1749265818,644.87000000,2.77600000,645.61
1749265818,644.86000000,22.39000000,645.61
1749265818,644.85000000,25.51500000,645.61
1749265818,644.84000000,7.30200000,645.61
1749265818,644.83000000,6.52400000,645.61
1749265818,644.82000000,15.45500000,645.61
1749265818,644.81000000,3.09300000,645.61
1749265818,644.80000000,17.76800000,645.61
1749265818,644.79000000,10.10000000,645.61
1749265818,644.78000000,3.64400000,645.61
1749265818,644.77000000,25.61500000,645.61
1749265818,644.76000000,62.09000000,645.61
1749265818,644.75000000,8.29300000,645.61
1749265818,644.74000000,11.49100000,645.61
1749265818,644.73000000,10.21900000,645.61
1749265818,644.72000000,0.03800000,645.61
1749265818,644.71000000,3.06900000,645.61
1749265818,644.70000000,7.11400000,645.61
1749265818,644.69000000,11.77000000,645.61
1749265818,644.68000000,0.04600000,645.61
1749265818,644.67000000,2.33100000,645.61
1749265818,644.66000000,7.69000000,645.61
1749265818,644.64000000,5.25100000,645.61
1749265818,644.63000000,10.88700000,645.61
1749265818,644.62000000,7.68200000,645.61
1749265818,644.61000000,4.78900000,645.61
1749265818,644.60000000,3.58200000,645.61
1749265818,644.59000000,7.61300000,645.61
1749266120,646.21000000,51.49700000,646.22
1749266120,646.20000000,16.82600000,646.22
1749266120,646.19000000,18.00200000,646.22
1749266120,646.18000000,13.41500000,646.22
1749266120,646.17000000,27.83300000,646.22
1749266120,646.16000000,13.91000000,646.22
1749266120,646.15000000,14.97900000,646.22
1749266120,646.14000000,23.68200000,646.22
1749266120,646.13000000,18.68400000,646.22
1749266120,646.12000000,14.96200000,646.22
1749266120,646.11000000,3.32300000,646.22
1749266120,646.10000000,3.78100000,646.22
1749266120,646.09000000,2.80800000,646.22
1749266120,646.08000000,3.15900000,646.22
1749266120,646.07000000,11.61900000,646.22
1749266120,646.06000000,16.78500000,646.22
1749266120,646.05000000,22.35700000,646.22
1749266120,646.04000000,3.55200000,646.22
1749266120,646.03000000,0.83500000,646.22
1749266120,646.02000000,8.34700000,646.22
1749266120,646.01000000,10.74600000,646.22
1749266120,646.00000000,30.22600000,646.22
1749266120,645.99000000,11.08900000,646.22
1749266120,645.98000000,4.03400000,646.22
1749266120,645.97000000,7.78000000,646.22
1749266120,645.96000000,8.26400000,646.22
1749266120,645.95000000,0.00800000,646.22
1749266120,645.94000000,0.32500000,646.22
1749266120,645.93000000,6.72200000,646.22
1749266120,645.92000000,6.57500000,646.22
1749266120,645.91000000,9.93600000,646.22
1749266120,645.90000000,1.91500000,646.22
1749266120,645.89000000,1.61600000,646.22
1749266120,645.88000000,4.78300000,646.22
1749266120,645.87000000,14.12500000,646.22
1749266120,645.86000000,31.22600000,646.22
1749266120,645.85000000,7.57600000,646.22
1749266120,645.84000000,5.04400000,646.22
1749266120,645.83000000,4.51600000,646.22
1749266120,645.82000000,8.47000000,646.22
1749266120,645.81000000,13.00600000,646.22
1749266120,645.80000000,27.41400000,646.22
1749266120,645.79000000,0.80900000,646.22
1749266120,645.78000000,14.84200000,646.22
1749266120,645.77000000,7.65400000,646.22
1749266120,645.76000000,1.91000000,646.22
1749266120,645.75000000,3.49300000,646.22
1749266120,645.74000000,1.40800000,646.22
1749266120,645.73000000,4.10800000,646.22
1749266120,645.72000000,11.35800000,646.22
1749266120,645.71000000,22.03200000,646.22
1749266120,645.69000000,3.51000000,646.22
1749266120,645.68000000,7.41100000,646.22
1749266120,645.67000000,2.85900000,646.22
1749266120,645.66000000,23.06600000,646.22
1749266120,645.65000000,8.12800000,646.22
1749266120,645.64000000,9.19100000,646.22
1749266120,645.63000000,12.59600000,646.22
1749266120,645.62000000,4.98100000,646.22
1749266120,645.61000000,6.30100000,646.22
1749266120,645.60000000,12.15700000,646.22
1749266120,645.59000000,12.35300000,646.22
1749266120,645.58000000,10.79400000,646.22
1749266120,645.57000000,15.71500000,646.22
1749266120,645.56000000,18.70200000,646.22
1749266120,645.55000000,5.02300000,646.22
1749266120,645.54000000,28.73000000,646.22
1749266120,645.53000000,11.43700000,646.22
1749266120,645.52000000,20.42500000,646.22
1749266120,645.51000000,14.79400000,646.22
1749266120,645.50000000,16.90600000,646.22
1749266120,645.49000000,9.91000000,646.22
1749266120,645.48000000,27.36700000,646.22
1749266120,645.47000000,15.06000000,646.22
1749266120,645.46000000,7.64400000,646.22
1749266120,645.45000000,43.40800000,646.22
1749266120,645.44000000,23.24300000,646.22
1749266120,645.43000000,3.63000000,646.22
1749266120,645.42000000,21.26600000,646.22
1749266120,645.41000000,3.76500000,646.22
1749266120,645.40000000,11.37000000,646.22
1749266120,645.39000000,8.98500000,646.22
1749266120,645.38000000,13.47000000,646.22
1749266120,645.37000000,0.60500000,646.22
1749266120,645.36000000,11.16900000,646.22
1749266120,645.35000000,11.94100000,646.22
1749266120,645.34000000,19.69300000,646.22
1749266120,645.33000000,9.95600000,646.22
1749266120,645.32000000,0.05400000,646.22
1749266120,645.31000000,3.83900000,646.22
1749266120,645.30000000,37.34800000,646.22
1749266120,645.29000000,8.85700000,646.22
1749266120,645.28000000,3.54800000,646.22
1749266120,645.27000000,70.07300000,646.22
1749266120,645.26000000,7.69000000,646.22
1749266120,645.25000000,28.83900000,646.22
1749266120,645.24000000,7.26400000,646.22
1749266120,645.23000000,16.36900000,646.22
1749266120,645.22000000,7.70600000,646.22
1749266120,645.21000000,9.28000000,646.22
1749266421,646.22000000,30.65600000,646.22
1749266421,646.21000000,0.02700000,646.22
1749266421,646.20000000,0.04300000,646.22
1749266421,646.19000000,0.01800000,646.22
1749266421,646.18000000,4.69600000,646.22
1749266421,646.17000000,77.84900000,646.22
1749266421,646.16000000,199.01100000,646.22
1749266421,646.15000000,25.47500000,646.22
1749266421,646.14000000,1.78000000,646.22
1749266421,646.13000000,2.07600000,646.22
1749266421,646.12000000,3.51000000,646.22
1749266421,646.11000000,3.62600000,646.22
1749266421,646.10000000,1.42600000,646.22
1749266421,646.09000000,0.13500000,646.22
1749266421,646.08000000,3.39900000,646.22
1749266421,646.07000000,1.94800000,646.22
1749266421,646.06000000,13.64500000,646.22
1749266421,646.05000000,21.64200000,646.22
1749266421,646.04000000,4.65600000,646.22
1749266421,646.03000000,1.63000000,646.22
1749266421,646.02000000,8.76800000,646.22
1749266421,646.01000000,4.36800000,646.22
1749266421,646.00000000,3.51000000,646.22
1749266421,645.99000000,24.54400000,646.22
1749266421,645.98000000,31.02000000,646.22
1749266421,645.97000000,9.89400000,646.22
1749266421,645.96000000,0.00900000,646.22
1749266421,645.95000000,0.00800000,646.22
1749266421,645.94000000,0.01600000,646.22
1749266421,645.93000000,8.68000000,646.22
1749266421,645.92000000,6.57500000,646.22
1749266421,645.91000000,16.62300000,646.22
1749266421,645.90000000,5.52300000,646.22
1749266421,645.89000000,8.43300000,646.22
1749266421,645.88000000,24.95900000,646.22
1749266421,645.87000000,8.50400000,646.22
1749266421,645.86000000,15.28800000,646.22
1749266421,645.85000000,8.65800000,646.22
1749266421,645.84000000,5.88900000,646.22
1749266421,645.83000000,3.09300000,646.22
1749266421,645.82000000,10.74800000,646.22
1749266421,645.81000000,0.01600000,646.22
1749266421,645.80000000,4.02000000,646.22
1749266421,645.79000000,3.85400000,646.22
1749266421,645.78000000,20.44500000,646.22
1749266421,645.77000000,31.38700000,646.22
1749266421,645.76000000,10.77900000,646.22
1749266421,645.75000000,23.43500000,646.22
1749266421,645.74000000,9.71500000,646.22
1749266421,645.73000000,22.92600000,646.22
1749266421,645.72000000,65.23100000,646.22
1749266421,645.71000000,8.60700000,646.22
1749266421,645.70000000,4.37200000,646.22
1749266421,645.69000000,17.03800000,646.22
1749266421,645.68000000,20.06600000,646.22
1749266421,645.67000000,6.71600000,646.22
1749266421,645.66000000,30.10700000,646.22
1749266421,645.65000000,8.49400000,646.22
1749266421,645.64000000,14.31800000,646.22
1749266421,645.63000000,15.54400000,646.22
1749266421,645.62000000,5.36900000,646.22
1749266421,645.61000000,5.19300000,646.22
1749266421,645.60000000,25.06500000,646.22
1749266421,645.59000000,6.60200000,646.22
1749266421,645.58000000,0.76500000,646.22
1749266421,645.57000000,19.49200000,646.22
1749266421,645.56000000,22.50600000,646.22
1749266421,645.55000000,4.45500000,646.22
1749266421,645.54000000,22.12300000,646.22
1749266421,645.53000000,7.34000000,646.22
1749266421,645.52000000,18.92000000,646.22
1749266421,645.51000000,16.61200000,646.22
1749266421,645.50000000,26.42600000,646.22
1749266421,645.49000000,11.44000000,646.22
1749266421,645.48000000,23.90000000,646.22
1749266421,645.47000000,18.07600000,646.22
1749266421,645.46000000,15.28800000,646.22
1749266421,645.45000000,34.28200000,646.22
1749266421,645.44000000,14.36100000,646.22
1749266421,645.43000000,12.45100000,646.22
1749266421,645.42000000,0.05400000,646.22
1749266421,645.41000000,2.01100000,646.22
1749266421,645.40000000,6.56400000,646.22
1749266421,645.39000000,5.48100000,646.22
1749266421,645.38000000,11.54400000,646.22
1749266421,645.37000000,0.03000000,646.22
1749266421,645.36000000,3.59000000,646.22
1749266421,645.35000000,7.19900000,646.22
1749266421,645.34000000,19.69100000,646.22
1749266421,645.33000000,6.15800000,646.22
1749266421,645.32000000,0.05400000,646.22
1749266421,645.30000000,4.53000000,646.22
1749266421,645.29000000,8.05000000,646.22
1749266421,645.28000000,3.54800000,646.22
1749266421,645.27000000,14.98700000,646.22
1749266421,645.26000000,28.47400000,646.22
1749266421,645.25000000,8.35300000,646.22
1749266421,645.24000000,8.46000000,646.22
1749266421,645.23000000,1.88700000,646.22
1749266421,645.22000000,7.70600000,646.22
1749266723,646.70000000,0.90000000,646.66
1749266723,646.69000000,0.00900000,646.66
1749266723,646.68000000,0.01800000,646.66
1749266723,646.67000000,3.47400000,646.66
1749266723,646.66000000,2.34700000,646.66
1749266723,646.65000000,8.87800000,646.66
1749266723,646.64000000,0.02500000,646.66
1749266723,646.63000000,2.44500000,646.66
1749266723,646.62000000,4.03900000,646.66
1749266723,646.61000000,5.85600000,646.66
1749266723,646.60000000,6.58600000,646.66
1749266723,646.59000000,5.39800000,646.66
1749266723,646.58000000,4.42600000,646.66
1749266723,646.57000000,0.02800000,646.66
1749266723,646.56000000,7.84800000,646.66
1749266723,646.55000000,8.44300000,646.66
1749266723,646.53000000,13.48000000,646.66
1749266723,646.52000000,8.43300000,646.66
1749266723,646.51000000,4.13200000,646.66
1749266723,646.50000000,39.43500000,646.66
1749266723,646.49000000,11.58500000,646.66
1749266723,646.48000000,4.67900000,646.66
1749266723,646.47000000,28.09500000,646.66
1749266723,646.46000000,4.66600000,646.66
1749266723,646.45000000,11.12400000,646.66
1749266723,646.44000000,11.08800000,646.66
1749266723,646.42000000,13.89300000,646.66
1749266723,646.41000000,12.54500000,646.66
1749266723,646.40000000,3.41700000,646.66
1749266723,646.39000000,0.02000000,646.66
1749266723,646.38000000,15.55500000,646.66
1749266723,646.37000000,5.89100000,646.66
1749266723,646.36000000,2.04200000,646.66
1749266723,646.35000000,23.04900000,646.66
1749266723,646.34000000,9.05000000,646.66
1749266723,646.33000000,14.04000000,646.66
1749266723,646.32000000,11.00000000,646.66
1749266723,646.31000000,19.84200000,646.66
1749266723,646.30000000,0.41400000,646.66
1749266723,646.29000000,29.63600000,646.66
1749266723,646.28000000,9.69600000,646.66
1749266723,646.27000000,10.47400000,646.66
1749266723,646.26000000,5.11400000,646.66
1749266723,646.25000000,1.55400000,646.66
1749266723,646.24000000,4.03900000,646.66
1749266723,646.23000000,13.08200000,646.66
1749266723,646.22000000,0.65700000,646.66
1749266723,646.21000000,4.03900000,646.66
1749266723,646.20000000,4.93200000,646.66
1749266723,646.18000000,3.07300000,646.66
1749266723,646.17000000,83.92500000,646.66
1749266723,646.16000000,195.31800000,646.66
1749266723,646.15000000,0.01200000,646.66
1749266723,646.14000000,20.28200000,646.66
1749266723,646.13000000,13.04300000,646.66
1749266723,646.12000000,26.51200000,646.66
1749266723,646.11000000,21.99300000,646.66
1749266723,646.10000000,11.14100000,646.66
1749266723,646.09000000,10.27100000,646.66
1749266723,646.08000000,9.02300000,646.66
1749266723,646.07000000,9.10100000,646.66
1749266723,646.06000000,15.36600000,646.66
1749266723,646.05000000,20.30200000,646.66
1749266723,646.04000000,13.11000000,646.66
1749266723,646.03000000,7.27900000,646.66
1749266723,646.02000000,22.51800000,646.66
1749266723,646.01000000,16.22700000,646.66
1749266723,646.00000000,2.86100000,646.66
1749266723,645.99000000,8.60000000,646.66
1749266723,645.98000000,14.10600000,646.66
1749266723,645.97000000,7.78000000,646.66
1749266723,645.96000000,13.07500000,646.66
1749266723,645.95000000,3.69600000,646.66
1749266723,645.94000000,22.54100000,646.66
1749266723,645.93000000,18.40700000,646.66
1749266723,645.92000000,13.86600000,646.66
1749266723,645.91000000,16.36800000,646.66
1749266723,645.90000000,5.97900000,646.66
1749266723,645.89000000,7.66700000,646.66
1749266723,645.88000000,15.55800000,646.66
1749266723,645.87000000,11.55900000,646.66
1749266723,645.86000000,27.13500000,646.66
1749266723,645.85000000,11.57400000,646.66
1749266723,645.84000000,4.41100000,646.66
1749266723,645.83000000,3.09300000,646.66
1749266723,645.82000000,7.69200000,646.66
1749266723,645.81000000,8.33800000,646.66
1749266723,645.80000000,3.67600000,646.66
1749266723,645.79000000,0.03800000,646.66
1749266723,645.78000000,24.15700000,646.66
1749266723,645.77000000,7.65400000,646.66
1749266723,645.76000000,17.98400000,646.66
1749266723,645.75000000,25.42100000,646.66
1749266723,645.74000000,11.93300000,646.66
1749266723,645.73000000,17.01800000,646.66
1749266723,645.72000000,60.47400000,646.66
1749266723,645.71000000,13.68600000,646.66
1749266723,645.70000000,0.03800000,646.66
1749266723,645.69000000,3.51000000,646.66
1749266723,645.68000000,0.06200000,646.66
1749267024,646.45000000,14.57200000,646.45
1749267024,646.44000000,0.06900000,646.45
1749267024,646.43000000,0.01800000,646.45
1749267024,646.42000000,0.01800000,646.45
1749267024,646.41000000,6.82900000,646.45
1749267024,646.40000000,1.02500000,646.45
1749267024,646.39000000,4.66600000,646.45
1749267024,646.38000000,0.34000000,646.45
1749267024,646.37000000,2.63200000,646.45
1749267024,646.36000000,0.04600000,646.45
1749267024,646.35000000,5.14000000,646.45
1749267024,646.34000000,6.17600000,646.45
1749267024,646.33000000,8.16800000,646.45
1749267024,646.32000000,11.00000000,646.45
1749267024,646.31000000,28.14200000,646.45
1749267024,646.30000000,7.67100000,646.45
1749267024,646.29000000,0.31800000,646.45
1749267024,646.28000000,13.03600000,646.45
1749267024,646.27000000,25.52700000,646.45
1749267024,646.26000000,3.51900000,646.45
1749267024,646.25000000,0.00800000,646.45
1749267024,646.24000000,11.85500000,646.45
1749267024,646.23000000,7.95000000,646.45
1749267024,646.22000000,3.36000000,646.45
1749267024,646.21000000,8.67700000,646.45
1749267024,646.20000000,9.38200000,646.45
1749267024,646.19000000,19.67700000,646.45
1749267024,646.18000000,3.07300000,646.45
1749267024,646.17000000,80.15800000,646.45
1749267024,646.16000000,187.52300000,646.45
1749267024,646.15000000,15.99500000,646.45
1749267024,646.14000000,13.50900000,646.45
1749267024,646.13000000,5.17200000,646.45
1749267024,646.12000000,11.45100000,646.45
1749267024,646.11000000,14.93300000,646.45
1749267024,646.10000000,6.47400000,646.45
1749267024,646.09000000,7.80700000,646.45
1749267024,646.08000000,20.46200000,646.45
1749267024,646.07000000,5.76400000,646.45
1749267024,646.06000000,19.93600000,646.45
1749267024,646.05000000,18.89000000,646.45
1749267024,646.04000000,25.64800000,646.45
1749267024,646.03000000,10.55600000,646.45
1749267024,646.02000000,27.36600000,646.45
1749267024,646.01000000,11.45600000,646.45
1749267024,646.00000000,4.38300000,646.45
1749267024,645.99000000,16.48400000,646.45
1749267024,645.98000000,34.34800000,646.45
1749267024,645.97000000,15.84300000,646.45
1749267024,645.96000000,16.23200000,646.45
1749267024,645.95000000,1.46100000,646.45
1749267024,645.94000000,19.92200000,646.45
1749267024,645.93000000,20.55700000,646.45
1749267024,645.92000000,13.36900000,646.45
1749267024,645.91000000,16.07700000,646.45
1749267024,645.90000000,14.63600000,646.45
1749267024,645.89000000,7.66700000,646.45
1749267024,645.88000000,10.59800000,646.45
1749267024,645.87000000,12.40500000,646.45
1749267024,645.86000000,21.03200000,646.45
1749267024,645.85000000,11.75400000,646.45
1749267024,645.84000000,8.96600000,646.45
1749267024,645.83000000,6.98100000,646.45
1749267024,645.82000000,14.43600000,646.45
1749267024,645.81000000,12.73600000,646.45
1749267024,645.80000000,13.12500000,646.45
1749267024,645.79000000,28.85200000,646.45
1749267024,645.78000000,13.74100000,646.45
1749267024,645.77000000,7.65400000,646.45
1749267024,645.76000000,7.68200000,646.45
1749267024,645.75000000,7.57600000,646.45
1749267024,645.74000000,8.75900000,646.45
1749267024,645.73000000,20.42800000,646.45
1749267024,645.72000000,60.16900000,646.45
1749267024,645.71000000,12.53000000,646.45
1749267024,645.70000000,0.84500000,646.45
1749267024,645.69000000,3.51000000,646.45
1749267024,645.68000000,0.06200000,646.45
1749267024,645.67000000,7.33400000,646.45
1749267024,645.66000000,26.65000000,646.45
1749267024,645.65000000,3.11900000,646.45
1749267024,645.64000000,7.69000000,646.45
1749267024,645.63000000,0.00800000,646.45
1749267024,645.62000000,3.25100000,646.45
1749267024,645.61000000,3.51000000,646.45
1749267024,645.60000000,12.15100000,646.45
1749267024,645.59000000,0.01600000,646.45
1749267024,645.58000000,0.04800000,646.45
1749267024,645.57000000,6.00200000,646.45
1749267024,645.56000000,7.75500000,646.45
1749267024,645.55000000,4.65800000,646.45
1749267024,645.54000000,8.01500000,646.45
1749267024,645.53000000,3.52200000,646.45
1749267024,645.52000000,7.69800000,646.45
1749267024,645.51000000,19.50100000,646.45
1749267024,645.50000000,7.80100000,646.45
1749267024,645.49000000,0.02400000,646.45
1749267024,645.48000000,0.06300000,646.45
1749267024,645.47000000,7.68900000,646.45
1749267024,645.46000000,7.67400000,646.45
1749267326,646.29000000,32.55600000,646.3
1749267326,646.28000000,0.79900000,646.3
1749267326,646.27000000,1.57700000,646.3
1749267326,646.26000000,9.89800000,646.3
1749267326,646.25000000,15.87200000,646.3
1749267326,646.24000000,0.00900000,646.3
1749267326,646.23000000,1.81900000,646.3
1749267326,646.22000000,10.85700000,646.3
1749267326,646.21000000,15.21300000,646.3
1749267326,646.20000000,22.88900000,646.3
1749267326,646.19000000,8.35400000,646.3
1749267326,646.18000000,4.04900000,646.3
1749267326,646.17000000,7.20700000,646.3
1749267326,646.16000000,0.01600000,646.3
1749267326,646.15000000,2.63200000,646.3
1749267326,646.14000000,2.16900000,646.3
1749267326,646.13000000,2.62800000,646.3
1749267326,646.12000000,0.08700000,646.3
1749267326,646.11000000,5.23600000,646.3
1749267326,646.10000000,1.00000000,646.3
1749267326,646.09000000,2.46400000,646.3
1749267326,646.08000000,14.86200000,646.3
1749267326,646.07000000,19.66700000,646.3
1749267326,646.06000000,31.71700000,646.3
1749267326,646.05000000,21.33800000,646.3
1749267326,646.04000000,27.35200000,646.3
1749267326,646.03000000,13.48000000,646.3
1749267326,646.02000000,36.33600000,646.3
1749267326,646.01000000,7.41300000,646.3
1749267326,646.00000000,8.03700000,646.3
1749267326,645.99000000,0.06000000,646.3
1749267326,645.98000000,9.25200000,646.3
1749267326,645.97000000,13.38000000,646.3
1749267326,645.96000000,3.53500000,646.3
1749267326,645.95000000,3.91700000,646.3
1749267326,645.94000000,6.74100000,646.3
1749267326,645.93000000,8.27700000,646.3
1749267326,645.92000000,15.19900000,646.3
1749267326,645.91000000,0.02800000,646.3
1749267326,645.90000000,7.92000000,646.3
1749267326,645.89000000,7.89000000,646.3
1749267326,645.88000000,11.17900000,646.3
1749267326,645.87000000,18.46100000,646.3
1749267326,645.86000000,15.28000000,646.3
1749267326,645.85000000,14.41900000,646.3
1749267326,645.84000000,4.86100000,646.3
1749267326,645.83000000,10.62400000,646.3
1749267326,645.82000000,28.16500000,646.3
1749267326,645.81000000,8.50100000,646.3
1749267326,645.80000000,1.57600000,646.3
1749267326,645.79000000,6.78400000,646.3
1749267326,645.78000000,7.10700000,646.3
1749267326,645.77000000,19.79900000,646.3
1749267326,645.76000000,1.20400000,646.3
1749267326,645.75000000,9.39000000,646.3
1749267326,645.74000000,10.81000000,646.3
1749267326,645.73000000,19.45000000,646.3
1749267326,645.72000000,8.35200000,646.3
1749267326,645.71000000,4.40100000,646.3
1749267326,645.70000000,1.58500000,646.3
1749267326,645.69000000,13.96400000,646.3
1749267326,645.68000000,0.06200000,646.3
1749267326,645.67000000,0.08000000,646.3
1749267326,645.66000000,15.24900000,646.3
1749267326,645.65000000,11.64300000,646.3
1749267326,645.64000000,4.43800000,646.3
1749267326,645.63000000,4.62200000,646.3
1749267326,645.62000000,12.91500000,646.3
1749267326,645.61000000,15.72400000,646.3
1749267326,645.60000000,27.29600000,646.3
1749267326,645.59000000,9.02500000,646.3
1749267326,645.58000000,1.36100000,646.3
1749267326,645.57000000,10.56800000,646.3
1749267326,645.56000000,23.71500000,646.3
1749267326,645.55000000,6.63500000,646.3
1749267326,645.54000000,9.68900000,646.3
1749267326,645.53000000,10.41700000,646.3
1749267326,645.52000000,2.90100000,646.3
1749267326,645.51000000,17.18000000,646.3
1749267326,645.50000000,7.80100000,646.3
1749267326,645.49000000,7.51100000,646.3
1749267326,645.48000000,25.71100000,646.3
1749267326,645.47000000,28.54200000,646.3
1749267326,645.46000000,19.15400000,646.3
1749267326,645.45000000,21.45700000,646.3
1749267326,645.44000000,18.40000000,646.3
1749267326,645.43000000,6.65800000,646.3
1749267326,645.42000000,10.89800000,646.3
1749267326,645.41000000,6.70300000,646.3
1749267326,645.40000000,0.04600000,646.3
1749267326,645.39000000,3.84400000,646.3
1749267326,645.38000000,7.82600000,646.3
1749267326,645.37000000,7.57800000,646.3
1749267326,645.36000000,28.47800000,646.3
1749267326,645.35000000,0.11600000,646.3
1749267326,645.34000000,31.66700000,646.3
1749267326,645.33000000,10.62600000,646.3
1749267326,645.32000000,6.63000000,646.3
1749267326,645.31000000,1.72100000,646.3
1749267326,645.30000000,10.05000000,646.3
1749267627,646.87000000,11.21800000,646.87
1749267627,646.86000000,0.03600000,646.87
1749267627,646.85000000,11.78700000,646.87
1749267627,646.84000000,20.83100000,646.87
1749267627,646.83000000,15.23000000,646.87
1749267627,646.82000000,0.43500000,646.87
1749267627,646.81000000,8.57500000,646.87
1749267627,646.80000000,30.59400000,646.87
1749267627,646.79000000,17.91600000,646.87
1749267627,646.78000000,0.94200000,646.87
1749267627,646.77000000,2.86300000,646.87
1749267627,646.76000000,4.64200000,646.87
1749267627,646.75000000,0.02800000,646.87
1749267627,646.74000000,7.69300000,646.87
1749267627,646.73000000,1.14500000,646.87
1749267627,646.72000000,6.70700000,646.87
