timestamp,price,volume
1749235944,104534.87000000,0.15009000
1749235944,104534.86000000,0.00081000
1749235944,104534.85000000,0.00066000
1749235944,104534.72000000,0.00006000
1749235944,104534.71000000,0.00006000
1749235944,104534.70000000,0.00006000
1749235944,104534.61000000,0.00006000
1749235944,104534.60000000,0.00006000
1749235944,104532.91000000,0.00006000
1749235944,104532.77000000,0.00049000
1749235944,104532.14000000,0.00005000
1749235944,104531.97000000,0.00153000
1749235944,104528.78000000,0.02458000
1749235944,104528.77000000,0.02450000
1749235944,104528.57000000,0.00012000
1749235944,104528.56000000,0.05693000
1749235944,104528.02000000,0.00005000
1749235944,104526.49000000,0.01479000
1749235944,104526.19000000,0.00038000
1749235944,104526.18000000,0.01131000
1749235944,104526.08000000,0.00012000
1749235944,104526.07000000,0.13316000
1749235944,104525.92000000,0.00012000
1749235944,104525.91000000,0.04902000
1749235944,104525.58000000,0.00030000
1749235944,104525.57000000,0.00006000
1749235944,104524.57000000,0.00005000
1749235944,104523.76000000,0.00006000
1749235944,104523.68000000,0.00936000
1749235944,104523.67000000,0.00012000
1749235944,104523.66000000,0.31553000
1749235944,104523.54000000,0.00478000
1749235944,104522.11000000,0.00089000
1749235944,104522.05000000,0.00954000
1749235944,104521.80000000,0.00011000
1749235944,104521.79000000,0.00010000
1749235944,104521.75000000,0.04591000
1749235944,104521.63000000,0.01908000
1749235944,104521.15000000,0.00087000
1749235944,104521.12000000,0.00005000
1749235944,104521.00000000,0.00005000
1749235944,104520.97000000,0.09864000
1749235944,104520.96000000,0.46811000
1749235944,104520.94000000,0.30000000
1749235944,104520.76000000,0.04000000
1749235944,104520.61000000,0.00250000
1749235944,104520.16000000,0.39227000
1749235944,104520.00000000,0.02158000
1749235944,104519.80000000,0.01400000
1749235944,104519.19000000,0.00045000
1749235944,104519.18000000,0.00300000
1749235944,104519.17000000,0.04800000
1749235944,104519.05000000,0.04800000
1749235944,104519.04000000,0.04800000
1749235944,104518.44000000,0.00008000
1749235944,104518.37000000,0.00010000
1749235944,104518.32000000,0.00478000
1749235944,104517.67000000,0.00005000
1749235944,104517.10000000,0.00200000
1749235944,104517.04000000,0.28685000
1749235944,104516.97000000,0.00191000
1749235944,104516.49000000,0.00005000
1749235944,104516.00000000,0.00235000
1749235944,104515.92000000,0.00005000
1749235944,104515.76000000,1.23511000
1749235944,104515.73000000,0.34418000
1749235944,104515.72000000,0.58500000
1749235944,104515.68000000,0.00010000
1749235944,104515.59000000,0.28685000
1749235944,104515.50000000,0.00400000
1749235944,104515.15000000,0.00007000
1749235944,104515.07000000,0.04800000
1749235944,104515.01000000,0.00089000
1749235944,104514.74000000,0.00099000
1749235944,104514.41000000,0.00409000
1749235944,104514.37000000,0.28685000
1749235944,104514.22000000,0.00005000
1749235944,104514.02000000,0.04800000
1749235944,104513.92000000,0.47809000
1749235944,104513.61000000,0.38247000
1749235944,104513.49000000,0.47809000
1749235944,104513.43000000,0.38247000
1749235944,104512.68000000,0.00956000
1749235944,104512.56000000,0.00560000
1749235944,104512.00000000,0.00235000
1749235944,104511.99000000,0.00010000
1749235944,104511.98000000,0.34419000
1749235944,104511.62000000,0.04688000
1749235944,104510.84000000,0.00005000
1749235944,104510.77000000,0.00005000
1749235944,104510.50000000,0.00045000
1749235944,104510.48000000,0.53656000
1749235944,104510.47000000,0.73934000
1749235944,104510.46000000,0.96173000
1749235944,104510.05000000,0.00017000
1749235944,104509.92000000,0.00095000
1749235944,104509.88000000,0.28685000
1749235944,104509.29000000,0.04800000
1749235944,104509.27000000,0.00005000
1749235944,104509.04000000,0.02872000
1749236005,104535.28000000,2.05049000
1749236005,104535.27000000,0.00066000
1749236005,104535.26000000,0.00076000
1749236005,104535.25000000,0.00015000
1749236005,104534.92000000,0.00006000
1749236005,104534.88000000,0.00071000
1749236005,104534.77000000,0.00018000
1749236005,104534.76000000,0.02572000
1749236005,104534.57000000,0.00012000
1749236005,104534.56000000,0.20056000
1749236005,104534.55000000,0.31560000
1749236005,104534.23000000,0.00005000
1749236005,104533.18000000,0.00050000
1749236005,104532.11000000,0.00478000
1749236005,104532.02000000,0.00012000
1749236005,104532.01000000,0.34423000
1749236005,104531.88000000,0.00143000
1749236005,104531.67000000,0.02476000
1749236005,104531.39000000,0.00012000
1749236005,104531.38000000,0.13525000
1749236005,104531.10000000,0.00005000
1749236005,104530.95000000,0.00013000
1749236005,104530.94000000,0.00772000
1749236005,104530.02000000,0.01478000
1749236005,104529.65000000,0.00249000
1749236005,104529.60000000,0.04006000
1749236005,104528.96000000,0.00008000
1749236005,104528.14000000,0.04697000
1749236005,104528.06000000,0.34414000
1749236005,104528.02000000,0.00005000
1749236005,104526.89000000,0.00728000
1749236005,104526.87000000,0.00101000
1749236005,104526.78000000,0.00010000
1749236005,104526.18000000,0.00827000
1749236005,104526.08000000,0.00005000
1749236005,104525.62000000,0.00191000
1749236005,104525.57000000,0.00010000
1749236005,104524.57000000,0.00005000
1749236005,104524.05000000,0.16000000
1749236005,104523.92000000,0.00093000
1749236005,104523.89000000,0.02864000
1749236005,104523.85000000,0.34415000
1749236005,104523.76000000,0.00006000
1749236005,104523.69000000,0.09864000
1749236005,104523.56000000,0.00560000
1749236005,104523.54000000,0.34415000
1749236005,104523.53000000,0.66145000
1749236005,104523.45000000,0.14000000
1749236005,104522.98000000,0.01906000
1749236005,104522.80000000,0.96173000
1749236005,104522.79000000,0.47809000
1749236005,104522.78000000,0.38247000
1749236005,104521.84000000,0.00011000
1749236005,104521.83000000,0.00010000
1749236005,104521.12000000,0.00005000
1749236005,104521.00000000,0.00005000
1749236005,104520.80000000,0.86169000
1749236005,104520.72000000,0.28685000
1749236005,104520.01000000,0.32270000
1749236005,104520.00000000,0.02158000
1749236005,104519.85000000,0.00728000
1749236005,104519.80000000,0.01400000
1749236005,104519.60000000,0.00045000
1749236005,104519.57000000,0.12023000
1749236005,104519.21000000,0.00087000
1749236005,104518.61000000,0.00409000
1749236005,104518.44000000,0.00008000
1749236005,104518.43000000,0.96173000
1749236005,104518.37000000,0.00010000
1749236005,104518.32000000,0.58500000
1749236005,104518.30000000,0.02000000
1749236005,104518.27000000,0.04800000
1749236005,104517.67000000,0.00005000
1749236005,104517.25000000,0.04800000
1749236005,104517.24000000,0.04800000
1749236005,104517.23000000,0.38247000
1749236005,104517.17000000,0.04800000
1749236005,104517.15000000,0.04800000
1749236005,104517.10000000,0.00200000
1749236005,104516.57000000,0.28685000
1749236005,104516.49000000,0.00005000
1749236005,104516.14000000,0.47778000
1749236005,104516.13000000,0.28685000
1749236005,104516.12000000,0.00800000
1749236005,104516.00000000,0.00235000
1749236005,104515.92000000,0.00005000
1749236005,104515.68000000,0.00010000
1749236005,104515.50000000,0.00400000
1749236005,104515.26000000,0.02097000
1749236005,104515.15000000,0.00007000
1749236005,104515.06000000,0.19237000
1749236005,104515.05000000,0.85798000
1749236005,104514.74000000,0.00006000
1749236005,104514.58000000,0.47809000
1749236005,104514.22000000,0.00005000
1749236005,104514.13000000,0.70588000
1749236005,104514.03000000,0.04800000
1749236005,104513.99000000,0.96173000
1749236005,104512.92000000,0.04800000
1749236005,104512.47000000,0.00300000
1749236066,104523.72000000,0.51746000
1749236066,104523.71000000,0.00199000
1749236066,104523.70000000,0.00006000
1749236066,104523.19000000,0.00006000
1749236066,104522.75000000,0.00006000
1749236066,104522.66000000,0.00006000
1749236066,104522.65000000,0.00006000
1749236066,104522.53000000,0.00006000
1749236066,104521.62000000,0.00050000
1749236066,104521.14000000,0.00012000
1749236066,104521.13000000,0.14754000
1749236066,104521.12000000,0.05777000
1749236066,104520.36000000,0.00728000
1749236066,104520.34000000,0.00060000
1749236066,104520.20000000,0.00143000
1749236066,104520.00000000,0.02169000
1749236066,104519.80000000,0.01490000
1749236066,104519.52000000,0.00191000
1749236066,104519.15000000,0.00012000
1749236066,104519.14000000,0.31554000
1749236066,104518.91000000,0.00012000
1749236066,104518.90000000,0.05104000
1749236066,104518.58000000,0.00136000
1749236066,104517.67000000,0.00005000
1749236066,104517.10000000,0.00200000
1749236066,104516.33000000,0.04006000
1749236066,104516.00000000,0.00235000
1749236066,104515.50000000,0.00400000
1749236066,104515.35000000,0.01957000
1749236066,104515.28000000,0.00957000
1749236066,104515.15000000,0.00007000
1749236066,104515.14000000,0.00729000
1749236066,104514.50000000,0.25748000
1749236066,104514.49000000,0.34418000
1749236066,104514.22000000,0.00005000
1749236066,104513.73000000,0.00201000
1749236066,104512.75000000,0.00010000
1749236066,104512.74000000,0.00077000
1749236066,104512.53000000,0.01472000
1749236066,104512.00000000,0.00235000
1749236066,104511.99000000,0.00010000
1749236066,104511.65000000,0.00006000
1749236066,104511.63000000,0.09864000
1749236066,104511.62000000,0.04688000
1749236066,104511.25000000,0.34419000
1749236066,104510.84000000,0.00005000
1749236066,104510.78000000,0.00011000
1749236066,104510.77000000,0.00005000
1749236066,104510.05000000,0.00017000
1749236066,104509.91000000,0.00478000
1749236066,104509.90000000,0.00010000
1749236066,104509.85000000,0.00560000
1749236066,104509.55000000,0.46831000
1749236066,104509.54000000,0.30000000
1749236066,104509.27000000,0.00005000
1749236066,104509.17000000,0.00089000
1749236066,104509.04000000,0.00011000
1749236066,104508.66000000,0.00005000
1749236066,104508.62000000,0.00091000
1749236066,104508.04000000,0.00250000
1749236066,104508.00000000,0.00235000
1749236066,104507.97000000,0.00403000
1749236066,104507.92000000,0.00008000
1749236066,104507.71000000,0.00010000
1749236066,104507.20000000,0.00010000
1749236066,104507.00000000,0.00956000
1749236066,104506.75000000,0.34421000
1749236066,104506.35000000,0.00005000
1749236066,104505.86000000,0.96173000
1749236066,104505.85000000,0.88432000
1749236066,104505.76000000,0.00005000
1749236066,104505.33000000,0.02863000
1749236066,104505.11000000,0.58500000
1749236066,104505.08000000,0.04589000
1749236066,104504.69000000,0.00045000
1749236066,104504.59000000,0.02000000
1749236066,104504.38000000,0.00010000
1749236066,104504.00000000,0.00235000
1749236066,104503.97000000,0.02581000
1749236066,104503.88000000,0.00005000
1749236066,104503.79000000,0.00010000
1749236066,104503.18000000,0.19237000
1749236066,104503.17000000,0.47778000
1749236066,104503.16000000,0.04800000
1749236066,104503.05000000,0.00143000
1749236066,104503.04000000,0.34422000
1749236066,104503.01000000,0.00956000
1749236066,104502.66000000,0.00006000
1749236066,104502.29000000,0.38247000
1749236066,104501.56000000,0.04800000
1749236066,104501.40000000,0.00200000
1749236066,104501.37000000,0.00052000
1749236066,104500.94000000,0.00095000
1749236066,104500.83000000,0.00185000
1749236066,104500.72000000,0.00956000
1749236066,104500.68000000,0.00005000
1749236066,104500.64000000,0.00300000
1749236066,104500.63000000,0.96173000
1749236066,104500.62000000,0.43506000
1749236066,104500.61000000,0.00005000
1749236127,104500.00000000,3.44578000
1749236127,104499.99000000,0.00031000
1749236127,104499.58000000,0.00022000
1749236127,104498.92000000,0.00006000
1749236127,104498.91000000,0.00006000
1749236127,104498.90000000,0.00006000
1749236127,104498.89000000,0.00016000
1749236127,104498.75000000,0.00011000
1749236127,104497.91000000,0.00050000
1749236127,104497.70000000,0.00005000
1749236127,104497.62000000,0.00012000
1749236127,104497.61000000,0.13209000
1749236127,104497.60000000,0.31566000
1749236127,104497.59000000,0.01479000
1749236127,104497.37000000,0.00191000
1749236127,104496.66000000,0.00005000
1749236127,104496.23000000,0.00143000
1749236127,104496.12000000,0.00012000
1749236127,104496.11000000,0.09566000
1749236127,104494.77000000,0.00054000
1749236127,104493.76000000,0.04596000
1749236127,104493.67000000,0.00478000
1749236127,104493.53000000,0.00005000
1749236127,104493.36000000,0.00012000
1749236127,104493.35000000,0.08181000
1749236127,104493.34000000,0.34431000
1749236127,104493.00000000,0.00560000
1749236127,104491.62000000,0.00020000
1749236127,104491.53000000,0.00121000
1749236127,104491.52000000,0.00010000
1749236127,104491.46000000,0.00955000
1749236127,104490.52000000,0.00005000
1749236127,104490.16000000,0.09870000
1749236127,104490.14000000,0.34426000
1749236127,104490.08000000,0.00005000
1749236127,104490.00000000,0.01145000
1749236127,104489.73000000,0.28710000
1749236127,104489.22000000,1.36594000
1749236127,104489.20000000,0.96173000
1749236127,104489.19000000,0.28710000
1749236127,104489.03000000,0.30000000
1749236127,104488.44000000,0.59228000
1749236127,104488.38000000,0.32269000
1749236127,104488.37000000,0.48743000
1749236127,104488.36000000,0.01844000
1749236127,104488.35000000,0.00060000
1749236127,104488.20000000,0.12767000
1749236127,104488.00000000,0.06044000
1749236127,104487.85000000,0.01883000
1749236127,104487.74000000,0.06800000
1749236127,104487.65000000,0.34427000
1749236127,104487.62000000,0.01999000
1749236127,104487.09000000,0.00011000
1749236127,104487.08000000,0.01909000
1749236127,104486.88000000,0.00008000
1749236127,104486.70000000,0.09600000
1749236127,104486.64000000,0.04805000
1749236127,104486.62000000,0.04800000
1749236127,104486.00000000,0.01140000
1749236127,104485.83000000,0.00010000
1749236127,104485.71000000,0.00208000
1749236127,104485.44000000,0.00005000
1749236127,104485.36000000,0.00011000
1749236127,104485.29000000,0.00161000
1749236127,104484.70000000,0.00023000
1749236127,104484.26000000,0.00011000
1749236127,104484.00000000,0.00235000
1749236127,104483.55000000,0.04800000
1749236127,104483.45000000,0.42541000
1749236127,104483.22000000,0.00045000
1749236127,104483.19000000,0.00005000
1749236127,104483.15000000,0.00728000
1749236127,104483.09000000,0.01914000
1749236127,104482.75000000,0.00014000
1749236127,104482.71000000,0.18293000
1749236127,104482.50000000,0.04800000
1749236127,104482.35000000,0.07213000
1749236127,104482.23000000,0.38280000
1749236127,104482.18000000,0.96173000
1749236127,104481.81000000,0.00007000
1749236127,104481.73000000,0.00010000
1749236127,104481.49000000,0.00402000
1749236127,104481.48000000,0.04800000
1749236127,104481.45000000,0.04800000
1749236127,104481.42000000,0.04800000
1749236127,104481.05000000,0.00045000
1749236127,104480.36000000,0.00005000
1749236127,104480.00000000,0.02990000
1749236127,104479.96000000,0.00006000
1749236127,104479.74000000,0.00005000
1749236127,104479.23000000,0.19237000
1749236127,104478.40000000,0.00010000
1749236127,104478.19000000,0.00800000
1749236127,104478.10000000,0.00006000
1749236127,104478.04000000,0.38280000
1749236127,104478.02000000,0.47778000
1749236127,104478.01000000,0.60292000
1749236127,104478.00000000,1.46317000
1749236127,104477.98000000,0.96173000
1749236127,104477.92000000,1.06350000
1749236188,104531.31000000,4.49617000
1749236188,104531.30000000,0.00016000
1749236188,104530.83000000,0.00016000
1749236188,104529.78000000,0.00006000
1749236188,104529.77000000,0.00006000
1749236188,104529.21000000,0.00055000
1749236188,104529.01000000,0.00011000
1749236188,104528.91000000,0.00018000
1749236188,104528.90000000,0.10714000
1749236188,104528.89000000,0.34439000
1749236188,104528.10000000,0.00143000
1749236188,104527.69000000,0.02593000
1749236188,104526.93000000,0.00005000
1749236188,104526.73000000,0.00012000
1749236188,104526.72000000,0.09568000
1749236188,104526.09000000,0.00010000
1749236188,104526.08000000,0.01445000
1749236188,104525.56000000,0.00012000
1749236188,104525.55000000,0.34420000
1749236188,104525.39000000,0.00012000
1749236188,104525.38000000,0.12812000
1749236188,104524.57000000,0.00005000
1749236188,104523.77000000,0.96179000
1749236188,104523.75000000,0.63447000
1749236188,104523.73000000,0.09864000
1749236188,104523.72000000,1.24511000
1749236188,104522.86000000,0.09693000
1749236188,104522.67000000,0.00191000
1749236188,104522.60000000,0.00010000
1749236188,104522.47000000,0.21559000
1749236188,104521.69000000,0.02582000
1749236188,104521.41000000,0.00800000
1749236188,104521.40000000,0.00225000
1749236188,104521.12000000,0.00005000
1749236188,104521.10000000,0.00367000
1749236188,104521.00000000,0.00005000
1749236188,104520.86000000,0.00478000
1749236188,104520.57000000,0.00560000
1749236188,104520.14000000,0.60424000
1749236188,104520.13000000,0.32259000
1749236188,104520.11000000,0.31548000
1749236188,104520.00000000,0.00010000
1749236188,104519.99000000,0.19838000
1749236188,104519.06000000,0.96173000
1749236188,104518.45000000,0.00011000
1749236188,104518.44000000,0.00008000
1749236188,104518.30000000,0.34417000
1749236188,104518.26000000,0.00010000
1749236188,104517.67000000,0.00005000
1749236188,104516.88000000,0.01913000
1749236188,104516.85000000,0.00250000
1749236188,104516.49000000,0.00005000
1749236188,104516.06000000,0.00011000
1749236188,104516.04000000,0.81605000
1749236188,104515.92000000,0.00005000
1749236188,104515.63000000,0.00523000
1749236188,104515.34000000,0.04800000
1749236188,104515.31000000,0.02000000
1749236188,104514.75000000,0.96173000
1749236188,104514.30000000,0.04800000
1749236188,104514.28000000,0.04800000
1749236188,104514.24000000,0.04800000
1749236188,104514.22000000,0.04805000
1749236188,104513.10000000,0.04500000
1749236188,104513.05000000,0.28710000
1749236188,104512.72000000,0.28710000
1749236188,104512.30000000,0.19237000
1749236188,104512.29000000,0.06413000
1749236188,104512.23000000,0.28710000
1749236188,104512.19000000,0.28710000
1749236188,104511.63000000,0.00182000
1749236188,104511.62000000,0.58500000
1749236188,104511.61000000,0.17581000
1749236188,104511.12000000,0.04800000
1749236188,104510.84000000,0.00005000
1749236188,104510.77000000,0.00005000
1749236188,104510.67000000,0.00010000
1749236188,104510.48000000,0.47778000
1749236188,104510.47000000,1.16063000
1749236188,104510.46000000,0.96173000
1749236188,104510.45000000,0.05407000
1749236188,104510.44000000,0.01742000
1749236188,104510.43000000,0.00054000
1749236188,104510.10000000,0.04800000
1749236188,104509.49000000,0.04800000
1749236188,104509.41000000,0.60483000
1749236188,104509.08000000,0.04800000
1749236188,104508.75000000,0.00478000
1749236188,104508.50000000,1.14397000
1749236188,104508.20000000,0.00956000
1749236188,104507.92000000,0.00008000
1749236188,104507.33000000,0.00005000
1749236188,104507.20000000,0.02009000
1749236188,104507.07000000,0.00402000
1749236188,104506.99000000,0.00006000
1749236188,104506.96000000,0.00006000
1749236188,104506.94000000,0.00010000
1749236188,104506.83000000,0.04800000
1749236188,104506.41000000,0.00045000
1749236188,104506.40000000,0.00300000
1749236248,104509.71000000,1.19503000
1749236248,104509.70000000,0.01295000
1749236248,104509.69000000,0.00066000
1749236248,104509.68000000,0.00054000
1749236248,104509.67000000,0.00006000
1749236248,104509.66000000,0.00006000
1749236248,104509.55000000,0.00006000
1749236248,104509.54000000,0.00006000
1749236248,104508.67000000,0.00012000
1749236248,104508.66000000,0.09772000
1749236248,104508.38000000,0.01475000
1749236248,104508.20000000,0.00956000
1749236248,104508.14000000,0.00005000
1749236248,104507.62000000,0.00012000
1749236248,104507.61000000,0.09621000
1749236248,104507.35000000,0.00012000
1749236248,104507.34000000,0.31563000
1749236248,104507.33000000,0.00005000
1749236248,104507.28000000,0.00012000
1749236248,104507.27000000,0.05211000
1749236248,104507.03000000,0.00143000
1749236248,104506.72000000,0.00006000
1749236248,104506.58000000,0.00012000
1749236248,104506.57000000,0.09566000
1749236248,104505.48000000,0.05712000
1749236248,104505.24000000,0.02508000
1749236248,104504.48000000,0.00478000
1749236248,104504.38000000,0.00506000
1749236248,104503.88000000,0.00005000
1749236248,104503.76000000,0.00250000
1749236248,104503.26000000,0.02582000
1749236248,104502.67000000,0.00010000
1749236248,104502.47000000,0.34422000
1749236248,104501.57000000,0.02582000
1749236248,104501.40000000,0.00560000
1749236248,104500.86000000,0.09864000
1749236248,104500.85000000,0.06000000
1749236248,104500.68000000,0.00005000
1749236248,104500.49000000,0.04000000
1749236248,104500.43000000,0.00005000
1749236248,104500.18000000,0.01944000
1749236248,104500.00000000,0.02415000
1749236248,104499.75000000,0.08000000
1749236248,104499.67000000,0.00117000
1749236248,104499.36000000,0.00172000
1749236248,104499.26000000,0.00728000
1749236248,104499.25000000,0.58500000
1749236248,104498.38000000,0.00063000
1749236248,104498.37000000,0.00956000
1749236248,104498.09000000,0.34423000
1749236248,104498.03000000,0.00088000
1749236248,104497.94000000,0.00092000
1749236248,104497.82000000,0.34424000
1749236248,104497.80000000,0.00402000
1749236248,104497.71000000,0.96173000
1749236248,104497.61000000,0.00070000
1749236248,104497.59000000,0.01463000
1749236248,104497.44000000,0.16000000
1749236248,104497.40000000,0.00008000
1749236248,104497.35000000,0.00010000
1749236248,104496.99000000,0.00011000
1749236248,104496.98000000,0.00005000
1749236248,104496.75000000,0.02917000
1749236248,104496.47000000,0.00006000
1749236248,104496.13000000,0.06800000
1749236248,104495.60000000,0.00005000
1749236248,104495.19000000,0.00011000
1749236248,104495.17000000,0.87834000
1749236248,104495.09000000,0.09600000
1749236248,104495.03000000,0.04800000
1749236248,104495.02000000,0.04800000
1749236248,104495.00000000,0.00957000
1749236248,104494.77000000,0.00300000
1749236248,104494.03000000,0.00728000
1749236248,104493.87000000,0.00045000
1749236248,104493.77000000,0.34425000
1749236248,104493.53000000,0.00005000
1749236248,104493.52000000,0.96173000
1749236248,104493.35000000,0.02862000
1749236248,104493.01000000,0.00005000
1749236248,104492.42000000,0.00800000
1749236248,104492.36000000,0.02872000
1749236248,104492.22000000,0.19237000
1749236248,104492.08000000,0.28710000
1749236248,104492.00000000,0.00200000
1749236248,104491.99000000,0.00010000
1749236248,104491.96000000,0.04800000
1749236248,104491.52000000,0.00010000
1749236248,104491.45000000,0.12248000
1749236248,104491.35000000,0.60292000
1749236248,104490.87000000,0.04800000
1749236248,104490.65000000,0.00023000
1749236248,104490.52000000,0.00005000
1749236248,104490.08000000,0.00005000
1749236248,104490.00000000,0.00010000
1749236248,104489.88000000,0.04800000
1749236248,104489.83000000,0.04800000
1749236248,104489.80000000,0.28710000
1749236248,104489.72000000,0.02364000
1749236248,104489.53000000,1.15229000
1749236309,104497.68000000,3.84279000
1749236309,104497.67000000,0.00021000
1749236309,104497.65000000,0.00019000
1749236309,104497.29000000,0.00006000
1749236309,104497.28000000,0.00036000
1749236309,104497.27000000,0.00016000
1749236309,104496.96000000,0.00006000
1749236309,104496.94000000,0.00006000
1749236309,104495.98000000,0.00005000
1749236309,104495.92000000,0.00201000
1749236309,104495.61000000,0.00017000
1749236309,104495.60000000,0.89973000
1749236309,104495.59000000,0.49812000
1749236309,104495.32000000,0.00005000
1749236309,104495.29000000,0.00143000
1749236309,104494.98000000,0.02593000
1749236309,104494.57000000,0.00005000
1749236309,104494.04000000,0.00005000
1749236309,104493.53000000,0.00005000
1749236309,104493.42000000,0.12948000
1749236309,104493.16000000,0.09566000
1749236309,104492.97000000,0.00954000
1749236309,104492.89000000,0.09566000
1749236309,104492.72000000,0.09566000
1749236309,104492.46000000,0.00478000
1749236309,104492.06000000,0.00045000
1749236309,104492.05000000,0.70091000
1749236309,104492.03000000,0.00060000
1749236309,104492.00000000,0.00200000
1749236309,104491.55000000,0.00035000
1749236309,104491.51000000,0.00117000
1749236309,104490.52000000,0.00005000
1749236309,104490.37000000,0.00646000
1749236309,104490.30000000,0.00012000
1749236309,104490.29000000,0.34432000
1749236309,104490.22000000,0.01909000
1749236309,104490.08000000,0.00005000
1749236309,104490.05000000,0.00091000
1749236309,104490.00000000,0.00010000
1749236309,104489.96000000,0.00063000
1749236309,104489.93000000,0.09864000
1749236309,104489.92000000,0.07213000
1749236309,104489.77000000,0.00006000
1749236309,104489.76000000,0.62133000
1749236309,104489.62000000,0.00032000
1749236309,104489.55000000,0.00011000
1749236309,104489.54000000,0.00156000
1749236309,104488.98000000,0.00007000
1749236309,104488.97000000,0.00006000
1749236309,104488.49000000,0.00006000
1749236309,104488.48000000,0.96173000
1749236309,104488.47000000,0.32268000
1749236309,104488.46000000,0.01400000
1749236309,104488.37000000,0.47049000
1749236309,104488.36000000,0.01844000
1749236309,104488.00000000,0.06044000
1749236309,104487.23000000,0.00729000
1749236309,104486.88000000,0.00008000
1749236309,104486.77000000,0.28710000
1749236309,104486.64000000,0.00005000
1749236309,104485.71000000,0.00208000
1749236309,104485.44000000,0.00005000
1749236309,104485.29000000,0.00161000
1749236309,104485.18000000,0.00005000
1749236309,104485.13000000,0.04800000
1749236309,104485.11000000,0.02000000
1749236309,104484.97000000,0.00011000
1749236309,104484.70000000,0.00023000
1749236309,104484.63000000,0.00010000
1749236309,104484.35000000,0.03075000
1749236309,104484.26000000,0.00011000
1749236309,104484.08000000,0.00242000
1749236309,104484.06000000,0.09600000
1749236309,104484.04000000,0.70135000
1749236309,104484.03000000,1.00973000
1749236309,104484.01000000,0.04800000
1749236309,104484.00000000,0.00235000
1749236309,104483.67000000,0.00402000
1749236309,104483.66000000,0.01913000
1749236309,104483.40000000,0.28710000
1749236309,104483.19000000,0.00005000
1749236309,104482.88000000,0.00011000
1749236309,104482.75000000,0.00014000
1749236309,104482.66000000,0.38280000
1749236309,104482.50000000,0.07213000
1749236309,104482.01000000,0.00523000
1749236309,104481.81000000,0.28717000
1749236309,104481.73000000,0.00010000
1749236309,104481.60000000,0.00250000
1749236309,104481.59000000,0.00478000
1749236309,104481.51000000,0.02238000
1749236309,104481.36000000,0.28710000
1749236309,104480.88000000,0.04800000
1749236309,104480.59000000,0.00800000
1749236309,104480.36000000,0.00005000
1749236309,104480.00000000,0.02997000
1749236309,104479.96000000,0.00006000
1749236309,104479.80000000,0.04800000
1749236309,104479.74000000,0.00005000
1749236309,104479.68000000,0.67015000
1749236370,104488.16000000,7.82018000
1749236370,104487.87000000,0.00018000
1749236370,104487.86000000,0.07255000
1749236370,104487.63000000,0.00018000
1749236370,104487.62000000,0.09588000
1749236370,104487.18000000,0.01650000
1749236370,104486.65000000,0.00018000
1749236370,104486.64000000,0.20660000
1749236370,104486.63000000,0.31584000
1749236370,104486.22000000,0.00005000
1749236370,104486.07000000,0.00050000
1749236370,104486.01000000,0.00143000
1749236370,104485.82000000,0.00012000
1749236370,104485.81000000,0.34444000
1749236370,104484.43000000,0.00800000
1749236370,104484.42000000,0.00191000
1749236370,104484.01000000,0.04601000
1749236370,104483.19000000,0.00005000
1749236370,104483.04000000,0.67816000
1749236370,104483.03000000,0.34434000
1749236370,104482.94000000,0.00803000
1749236370,104482.91000000,0.00957000
1749236370,104482.72000000,0.34429000
1749236370,104482.70000000,0.02873000
1749236370,104482.60000000,0.38280000
1749236370,104481.98000000,0.12262000
1749236370,104481.94000000,0.00560000
1749236370,104481.07000000,0.96173000
1749236370,104480.81000000,0.04590000
1749236370,104480.36000000,0.00005000
1749236370,104479.85000000,0.01276000
1749236370,104479.74000000,0.00005000
1749236370,104478.72000000,0.00999000
1749236370,104478.60000000,0.28710000
1749236370,104477.89000000,0.47778000
1749236370,104477.88000000,0.34430000
1749236370,104477.80000000,0.69796000
1749236370,104477.79000000,0.02009000
1749236370,104477.78000000,0.02033000
1749236370,104477.76000000,0.00060000
1749236370,104477.73000000,0.00078000
1749236370,104477.71000000,0.68076000
1749236370,104477.35000000,0.00005000
1749236370,104476.76000000,0.00017000
1749236370,104476.71000000,0.04800000
1749236370,104476.68000000,0.02000000
1749236370,104476.36000000,0.00008000
1749236370,104476.29000000,0.00005000
1749236370,104476.00000000,0.00363000
1749236370,104475.94000000,0.00005000
1749236370,104475.84000000,0.00021000
1749236370,104475.81000000,0.00149000
1749236370,104475.70000000,0.00402000
1749236370,104475.65000000,0.04800000
1749236370,104475.64000000,0.04806000
1749236370,104475.60000000,0.04800000
1749236370,104475.59000000,0.04800000
1749236370,104475.57000000,0.00149000
1749236370,104475.33000000,0.00011000
1749236370,104475.32000000,0.03896000
1749236370,104475.28000000,0.00005000
1749236370,104475.23000000,0.00012000
1749236370,104475.11000000,0.00010000
1749236370,104475.02000000,0.19237000
1749236370,104475.01000000,0.96173000
1749236370,104475.00000000,0.02607000
1749236370,104474.84000000,0.00021000
1749236370,104474.78000000,0.01530000
1749236370,104474.57000000,0.00292000
1749236370,104474.53000000,0.28710000
1749236370,104474.37000000,1.02893000
1749236370,104474.05000000,0.28710000
1749236370,104474.04000000,0.00035000
1749236370,104473.98000000,0.00015000
1749236370,104473.83000000,0.00018000
1749236370,104473.68000000,0.00005000
1749236370,104473.16000000,0.00011000
1749236370,104473.15000000,0.00174000
1749236370,104473.13000000,0.00007000
1749236370,104473.12000000,0.00008000
1749236370,104472.91000000,0.00101000
1749236370,104472.86000000,0.00005000
1749236370,104472.84000000,0.00005000
1749236370,104472.67000000,0.00061000
1749236370,104472.49000000,0.00772000
1749236370,104472.48000000,0.04800000
1749236370,104472.21000000,1.00000000
1749236370,104472.19000000,0.00006000
1749236370,104472.16000000,0.00023000
1749236370,104472.00000000,0.00235000
1749236370,104471.93000000,0.00307000
1749236370,104471.82000000,0.00006000
1749236370,104471.64000000,0.00006000
1749236370,104471.55000000,0.00011000
1749236370,104471.52000000,0.00016000
1749236370,104471.46000000,0.04800000
1749236370,104471.18000000,1.13495000
1749236370,104470.95000000,0.00006000
1749236370,104470.66000000,0.00010000
1749236370,104470.58000000,0.00037000
1749236431,104551.16000000,1.81764000
1749236431,104551.15000000,0.00228000
1749236431,104551.13000000,0.00006000
1749236431,104551.11000000,0.00117000
1749236431,104551.10000000,0.00161000
1749236431,104551.09000000,0.00006000
1749236431,104551.08000000,0.00006000
1749236431,104550.87000000,0.00006000
1749236431,104550.17000000,0.00012000
1749236431,104550.16000000,0.04593000
1749236431,104550.01000000,0.00012000
1749236431,104550.00000000,0.13644000
1749236431,104549.99000000,0.32228000
1749236431,104549.90000000,0.02011000
1749236431,104549.64000000,0.00071000
1749236431,104549.62000000,0.00072000
1749236431,104549.06000000,0.00050000
1749236431,104548.84000000,0.00005000
1749236431,104547.61000000,0.00012000
1749236431,104547.60000000,0.34413000
1749236431,104547.19000000,0.00012000
1749236431,104547.18000000,0.38928000
1749236431,104547.17000000,0.34413000
1749236431,104546.80000000,0.09561000
1749236431,104546.40000000,0.00005000
1749236431,104545.93000000,0.00588000
1749236431,104545.27000000,0.00005000
1749236431,104545.14000000,0.00063000
1749236431,104545.07000000,0.30006000
1749236431,104544.83000000,0.00635000
1749236431,104544.40000000,0.00383000
1749236431,104543.85000000,0.31541000
1749236431,104543.02000000,0.31541000
1749236431,104542.47000000,0.00010000
1749236431,104541.82000000,0.00005000
1749236431,104541.32000000,0.00196000
1749236431,104540.70000000,0.12581000
1749236431,104540.63000000,0.42170000
1749236431,104540.03000000,0.01911000
1749236431,104539.97000000,0.00005000
1749236431,104539.48000000,0.00008000
1749236431,104538.88000000,0.04589000
1749236431,104538.61000000,0.00403000
1749236431,104538.37000000,0.00005000
1749236431,104538.02000000,0.00011000
1749236431,104537.99000000,0.28708000
1749236431,104537.80000000,0.96173000
1749236431,104537.79000000,0.58500000
1749236431,104537.36000000,0.38278000
1749236431,104536.99000000,0.19237000
1749236431,104536.98000000,0.30621000
1749236431,104536.94000000,0.00010000
1749236431,104536.69000000,0.00011000
1749236431,104536.68000000,0.00955000
1749236431,104536.38000000,0.28708000
1749236431,104536.31000000,0.95444000
1749236431,104536.30000000,0.09693000
1749236431,104536.24000000,0.00005000
1749236431,104535.48000000,0.00773000
1749236431,104535.10000000,0.04800000
1749236431,104534.92000000,0.00005000
1749236431,104534.75000000,0.00088000
1749236431,104534.20000000,0.32254000
1749236431,104534.19000000,0.02690000
1749236431,104534.10000000,0.04800000
1749236431,104534.00000000,0.04800000
1749236431,104533.99000000,0.04800000
1749236431,104533.39000000,0.12713000
1749236431,104532.98000000,0.07213000
1749236431,104532.89000000,0.00010000
1749236431,104532.14000000,0.00005000
1749236431,104532.07000000,0.00402000
1749236431,104532.06000000,0.96173000
1749236431,104531.80000000,0.00560000
1749236431,104531.47000000,0.00005000
1749236431,104531.34000000,0.19237000
1749236431,104531.33000000,1.17349000
1749236431,104531.31000000,0.47778000
1749236431,104531.16000000,0.00005000
1749236431,104530.49000000,0.00956000
1749236431,104529.97000000,0.00010000
1749236431,104529.90000000,0.04800000
1749236431,104529.86000000,1.18807000
1749236431,104529.15000000,0.02234000
1749236431,104528.96000000,0.00008000
1749236431,104528.89000000,0.04800000
1749236431,104528.85000000,0.04800000
1749236431,104528.82000000,0.04800000
1749236431,104528.80000000,0.38278000
1749236431,104528.71000000,0.00300000
1749236431,104528.02000000,0.00005000
1749236431,104527.92000000,0.28708000
1749236431,104527.43000000,0.28708000
1749236431,104527.05000000,0.47847000
1749236431,104527.02000000,0.33400000
1749236431,104526.88000000,0.58500000
1749236431,104526.78000000,0.00010000
1749236431,104526.71000000,0.02000000
1749236431,104526.11000000,1.39670000
1749236431,104526.10000000,1.15410000
1749236496,104504.21000000,2.95843000
1749236496,104504.20000000,0.00042000
1749236496,104504.19000000,0.00066000
1749236496,104504.01000000,0.00391000
1749236496,104504.00000000,0.00216000
1749236496,104503.98000000,0.00006000
1749236496,104503.97000000,0.00006000
1749236496,104503.76000000,0.00006000
1749236496,104503.47000000,0.00143000
1749236496,104503.16000000,0.00191000
1749236496,104502.92000000,0.00017000
1749236496,104502.91000000,0.20582000
1749236496,104502.90000000,0.31570000
1749236496,104502.39000000,0.00005000
1749236496,104502.11000000,0.00049000
1749236496,104501.88000000,0.00005000
1749236496,104501.46000000,0.00012000
1749236496,104501.45000000,0.34434000
1749236496,104501.03000000,0.02421000
1749236496,104500.43000000,0.00005000
1749236496,104500.05000000,0.07219000
1749236496,104500.02000000,0.00012000
1749236496,104500.01000000,0.35834000
1749236496,104500.00000000,0.02215000
1749236496,104499.79000000,0.00005000
1749236496,104499.78000000,0.05461000
1749236496,104499.17000000,0.04595000
1749236496,104499.02000000,0.00478000
1749236496,104498.98000000,0.00218000
1749236496,104498.84000000,0.09561000
1749236496,104498.09000000,0.00144000
1749236496,104498.05000000,0.00006000
1749236496,104498.04000000,0.34424000
1749236496,104497.85000000,0.34424000
1749236496,104497.80000000,0.09561000
1749236496,104497.69000000,0.00957000
1749236496,104497.68000000,0.00260000
1749236496,104497.45000000,0.09561000
1749236496,104497.31000000,0.00956000
1749236496,104497.08000000,0.04589000
1749236496,104496.98000000,0.00005000
1749236496,104496.44000000,0.00010000
1749236496,104496.08000000,0.00018000
1749236496,104496.02000000,0.00040000
1749236496,104496.00000000,0.00200000
1749236496,104495.85000000,0.01864000
1749236496,104495.61000000,0.00005000
1749236496,104495.60000000,0.00005000
1749236496,104494.73000000,0.00300000
1749236496,104493.93000000,0.00095000
1749236496,104493.91000000,1.16821000
1749236496,104493.90000000,0.96173000
1749236496,104493.79000000,0.59228000
1749236496,104493.67000000,0.28708000
1749236496,104493.62000000,0.00010000
1749236496,104493.53000000,0.00005000
1749236496,104493.13000000,0.34426000
1749236496,104493.00000000,0.06000000
1749236496,104492.00000000,0.00200000
1749236496,104491.57000000,0.00011000
1749236496,104491.52000000,0.00010000
1749236496,104491.33000000,0.00560000
1749236496,104491.18000000,0.00008000
1749236496,104490.99000000,0.00399000
1749236496,104490.52000000,0.00005000
1749236496,104490.48000000,0.04800000
1749236496,104490.08000000,0.00005000
1749236496,104490.00000000,0.00005000
1749236496,104489.92000000,0.00010000
1749236496,104489.83000000,0.19237000
1749236496,104489.82000000,0.70231000
1749236496,104489.47000000,0.00011000
1749236496,104489.46000000,0.04800000
1749236496,104489.38000000,0.04800000
1749236496,104489.36000000,0.04800000
1749236496,104489.32000000,0.38278000
1749236496,104489.00000000,0.00957000
1749236496,104488.65000000,0.32269000
1749236496,104488.64000000,0.96173000
1749236496,104488.54000000,0.00045000
1749236496,104488.53000000,0.00728000
1749236496,104488.46000000,0.01400000
1749236496,104488.37000000,0.41644000
1749236496,104488.16000000,0.00460000
1749236496,104488.00000000,0.00200000
1749236496,104487.68000000,0.00006000
1749236496,104487.52000000,0.16000000
1749236496,104487.46000000,0.13015000
1749236496,104487.18000000,0.00167000
1749236496,104487.15000000,0.00010000
1749236496,104487.10000000,0.08000000
1749236496,104486.88000000,0.00008000
1749236496,104486.78000000,0.02170000
1749236496,104486.64000000,0.00005000
1749236496,104486.62000000,0.07213000
1749236496,104486.22000000,0.01999000
1749236496,104486.09000000,0.02872000
1749236496,104485.84000000,0.00006000
1749236496,104485.44000000,0.00005000
1749236496,104485.18000000,0.00005000
1749236557,104497.80000000,4.60815000
1749236557,104497.79000000,0.00006000
1749236557,104497.78000000,0.00066000
1749236557,104497.77000000,0.00017000
1749236557,104497.71000000,0.00006000
1749236557,104497.70000000,0.00006000
1749236557,104497.69000000,0.00978000
1749236557,104497.68000000,0.00296000
1749236557,104497.28000000,0.00980000
1749236557,104497.16000000,0.00006000
1749236557,104496.91000000,0.00012000
1749236557,104496.90000000,0.04349000
1749236557,104496.56000000,0.00012000
1749236557,104496.55000000,0.02593000
1749236557,104496.48000000,0.00012000
1749236557,104496.47000000,0.09572000
1749236557,104496.23000000,0.00012000
1749236557,104496.22000000,0.02419000
1749236557,104496.03000000,0.00030000
1749236557,104496.00000000,0.00200000
1749236557,104495.99000000,0.00143000
1749236557,104495.71000000,0.00049000
1749236557,104495.61000000,0.00005000
1749236557,104495.54000000,0.00006000
1749236557,104495.53000000,0.07219000
1749236557,104495.24000000,0.00015000
1749236557,104495.15000000,0.04595000
1749236557,104494.85000000,0.00019000
1749236557,104494.84000000,0.34431000
1749236557,104493.93000000,0.00095000
1749236557,104493.79000000,0.00478000
1749236557,104493.76000000,0.07440000
1749236557,104493.53000000,0.00010000
1749236557,104493.29000000,0.34432000
1749236557,104492.97000000,0.01912000
1749236557,104492.00000000,0.00200000
1749236557,104491.92000000,0.00191000
1749236557,104491.72000000,0.09561000
1749236557,104491.52000000,0.00010000
1749236557,104491.04000000,0.34426000
1749236557,104490.68000000,0.09561000
1749236557,104490.49000000,0.04934000
1749236557,104490.08000000,0.00005000
1749236557,104490.00000000,0.00005000
1749236557,104489.92000000,0.00010000
1749236557,104489.80000000,0.01946000
1749236557,104489.63000000,0.09561000
1749236557,104489.48000000,0.34427000
1749236557,104489.00000000,0.00957000
1749236557,104488.62000000,0.00800000
1749236557,104488.53000000,0.00728000
1749236557,104488.50000000,0.00293000
1749236557,104488.46000000,0.01400000
1749236557,104488.43000000,0.00999000
1749236557,104488.38000000,0.47778000
1749236557,104488.37000000,0.41644000
1749236557,104488.18000000,0.32269000
1749236557,104488.17000000,0.07213000
1749236557,104488.16000000,0.00460000
1749236557,104488.00000000,0.00200000
1749236557,104487.69000000,0.96173000
1749236557,104487.62000000,0.12846000
1749236557,104487.35000000,0.28708000
1749236557,104487.18000000,0.00727000
1749236557,104487.15000000,0.00010000
1749236557,104487.11000000,0.00956000
1749236557,104487.00000000,0.00478000
1749236557,104486.64000000,0.00005000
1749236557,104485.84000000,0.00006000
1749236557,104485.68000000,0.01914000
1749236557,104485.44000000,0.00005000
1749236557,104485.20000000,0.00011000
1749236557,104484.94000000,0.38278000
1749236557,104484.45000000,0.00010000
1749236557,104484.33000000,0.22714000
1749236557,104484.25000000,0.00250000
1749236557,104484.16000000,0.00957000
1749236557,104484.00000000,0.00200000
1749236557,104483.50000000,0.00402000
1749236557,104483.49000000,0.96173000
1749236557,104483.19000000,0.00005000
1749236557,104483.18000000,0.00011000
1749236557,104482.94000000,0.00167000
1749236557,104482.26000000,0.01999000
1749236557,104482.13000000,0.00523000
1749236557,104482.03000000,0.04800000
1749236557,104482.02000000,0.02000000
1749236557,104481.86000000,0.00095000
1749236557,104481.22000000,0.04000000
1749236557,104481.01000000,0.04800000
1749236557,104480.97000000,0.04800000
1749236557,104480.92000000,0.04800000
1749236557,104480.91000000,0.04800000
1749236557,104480.72000000,0.00300000
1749236557,104480.62000000,0.02000000
1749236557,104480.36000000,0.00005000
1749236557,104480.33000000,0.00010000
1749236557,104480.00000000,0.02114000
1749236557,104479.96000000,0.00006000
1749236557,104479.78000000,0.00956000
1749236618,104476.29000000,3.91963000
1749236618,104476.28000000,0.00115000
1749236618,104476.27000000,0.00066000
1749236618,104476.02000000,0.00059000
1749236618,104476.01000000,0.00015000
1749236618,104476.00000000,0.00379000
1749236618,104475.95000000,0.00140000
1749236618,104475.94000000,0.00011000
1749236618,104475.84000000,0.00011000
1749236618,104475.81000000,0.00149000
1749236618,104475.71000000,0.00012000
1749236618,104475.70000000,0.05679000
1749236618,104475.69000000,0.00012000
1749236618,104475.68000000,0.31578000
1749236618,104475.64000000,0.01957000
1749236618,104475.57000000,0.00278000
1749236618,104475.51000000,0.00005000
1749236618,104475.49000000,0.00143000
1749236618,104475.23000000,0.00012000
1749236618,104475.00000000,0.02724000
1749236618,104474.90000000,0.00012000
1749236618,104474.89000000,0.04215000
1749236618,104474.84000000,0.00021000
1749236618,104474.52000000,0.00012000
1749236618,104474.51000000,0.04597000
1749236618,104474.21000000,0.00012000
1749236618,104474.20000000,0.11204000
1749236618,104474.08000000,0.00018000
1749236618,104474.07000000,0.00013000
1749236618,104474.05000000,0.00018000
1749236618,104474.04000000,0.00035000
1749236618,104473.98000000,0.00015000
1749236618,104473.83000000,0.34456000
1749236618,104473.70000000,0.00005000
1749236618,104473.68000000,0.00005000
1749236618,104473.49000000,0.47886000
1749236618,104473.15000000,0.11323000
1749236618,104473.13000000,0.00007000
1749236618,104473.12000000,0.00008000
1749236618,104472.91000000,0.00101000
1749236618,104472.86000000,0.00005000
1749236618,104472.67000000,0.00061000
1749236618,104472.24000000,0.00018000
1749236618,104472.19000000,0.00006000
1749236618,104472.16000000,0.00023000
1749236618,104472.14000000,0.00025000
1749236618,104472.12000000,0.34433000
1749236618,104472.00000000,0.00235000
1749236618,104471.86000000,0.02442000
1749236618,104471.82000000,0.00006000
1749236618,104471.68000000,0.00956000
1749236618,104471.65000000,0.00006000
1749236618,104471.64000000,0.00006000
1749236618,104471.55000000,0.00011000
1749236618,104471.52000000,0.00016000
1749236618,104471.17000000,0.11100000
1749236618,104471.07000000,0.00478000
1749236618,104470.95000000,0.00006000
1749236618,104470.80000000,0.04591000
1749236618,104470.66000000,0.00010000
1749236618,104470.63000000,0.00250000
1749236618,104470.58000000,0.00037000
1749236618,104470.53000000,0.00007000
1749236618,104470.48000000,0.00025000
1749236618,104470.03000000,0.00005000
1749236618,104470.00000000,0.00006000
1749236618,104469.91000000,0.00010000
1749236618,104469.63000000,0.00054000
1749236618,104469.40000000,0.00005000
1749236618,104469.02000000,0.00025000
1749236618,104468.68000000,0.34434000
1749236618,104468.66000000,0.00009000
1749236618,104468.57000000,0.00300000
1749236618,104468.55000000,0.01464000
1749236618,104468.27000000,0.04000000
1749236618,104468.23000000,0.00087000
1749236618,104468.11000000,0.00092000
1749236618,104468.00000000,0.00235000
1749236618,104467.80000000,0.00021000
1749236618,104467.50000000,0.00120000
1749236618,104467.26000000,0.00006000
1749236618,104466.77000000,0.01911000
1749236618,104466.66000000,0.00039000
1749236618,104466.55000000,0.00068000
1749236618,104466.39000000,0.00010000
1749236618,104466.15000000,0.00006000
1749236618,104466.06000000,0.00272000
1749236618,104466.01000000,0.00018000
1749236618,104465.96000000,0.00005000
1749236618,104465.95000000,0.00005000
1749236618,104465.91000000,0.00005000
1749236618,104465.90000000,0.00406000
1749236618,104465.84000000,0.58978000
1749236618,104465.49000000,0.00006000
1749236618,104465.46000000,0.05517000
1749236618,104465.40000000,0.00250000
1749236618,104465.32000000,0.00339000
1749236618,104465.15000000,0.00010000
1749236618,104465.14000000,0.01914000
1749236618,104465.12000000,0.00005000
1749236679,104519.01000000,2.44640000
1749236679,104519.00000000,0.00066000
1749236679,104518.91000000,0.00018000
1749236679,104518.90000000,0.13610000
1749236679,104518.87000000,0.00006000
1749236679,104518.86000000,0.00006000
1749236679,104518.77000000,0.00018000
1749236679,104518.76000000,0.31576000
1749236679,104518.61000000,0.01473000
1749236679,104517.97000000,0.00012000
1749236679,104517.96000000,0.18759000
1749236679,104517.53000000,0.00005000
1749236679,104517.18000000,0.00143000
1749236679,104516.91000000,0.00050000
1749236679,104516.49000000,0.00005000
1749236679,104516.31000000,0.04047000
1749236679,104516.11000000,0.04606000
1749236679,104514.84000000,0.00012000
1749236679,104514.83000000,0.09564000
1749236679,104514.40000000,0.00005000
1749236679,104514.22000000,0.00005000
1749236679,104513.97000000,0.00006000
1749236679,104513.96000000,0.34425000
1749236679,104513.61000000,0.00840000
1749236679,104512.00000000,0.02874000
1749236679,104511.69000000,0.06680000
1749236679,104510.86000000,0.04590000
1749236679,104510.84000000,0.00005000
1749236679,104510.77000000,0.00005000
1749236679,104510.22000000,0.34420000
1749236679,104509.92000000,0.02000000
1749236679,104509.67000000,0.00191000
1749236679,104509.52000000,0.00999000
1749236679,104508.56000000,0.42262000
1749236679,104508.55000000,0.58500000
1749236679,104507.33000000,0.00005000
1749236679,104507.20000000,0.00010000
1749236679,104506.68000000,0.34421000
1749236679,104506.50000000,0.02872000
1749236679,104505.86000000,0.00011000
1749236679,104505.85000000,0.00010000
1749236679,104505.77000000,0.00400000
1749236679,104505.76000000,0.00005000
1749236679,104505.54000000,0.07213000
1749236679,104505.41000000,0.04000000
1749236679,104505.17000000,0.38278000
1749236679,104504.79000000,0.00241000
1749236679,104504.55000000,0.00011000
1749236679,104504.54000000,0.34422000
1749236679,104504.23000000,0.05736000
1749236679,104504.21000000,0.29464000
1749236679,104503.88000000,0.00005000
1749236679,104503.84000000,0.00560000
1749236679,104503.78000000,0.12819000
1749236679,104503.34000000,0.00045000
1749236679,104503.33000000,0.00550000
1749236679,104502.81000000,0.96173000
1749236679,104502.11000000,0.19119000
1749236679,104502.00000000,0.01140000
1749236679,104501.89000000,0.61509000
1749236679,104501.24000000,0.00478000
1749236679,104501.07000000,0.19119000
1749236679,104500.68000000,0.00005000
1749236679,104500.63000000,0.00010000
1749236679,104500.46000000,0.19237000
1749236679,104500.45000000,0.60288000
1749236679,104500.43000000,0.00005000
1749236679,104500.25000000,0.28708000
1749236679,104499.81000000,0.24000000
1749236679,104499.21000000,0.01999000
1749236679,104499.14000000,0.00402000
1749236679,104499.13000000,0.00956000
1749236679,104498.61000000,0.02000000
1749236679,104498.57000000,0.04800000
1749236679,104498.56000000,0.96173000
1749236679,104497.98000000,0.00006000
1749236679,104497.93000000,0.02030000
1749236679,104497.62000000,0.47847000
1749236679,104497.57000000,0.04800000
1749236679,104497.52000000,0.04800000
1749236679,104497.47000000,0.04800000
1749236679,104497.45000000,0.04800000
1749236679,104496.98000000,0.00005000
1749236679,104496.42000000,0.00010000
1749236679,104496.38000000,0.00012000
1749236679,104496.02000000,0.00045000
1749236679,104495.96000000,0.00023000
1749236679,104495.60000000,0.00005000
1749236679,104495.58000000,0.00006000
1749236679,104495.00000000,0.32266000
1749236679,104494.99000000,0.33400000
1749236679,104494.55000000,0.00012000
1749236679,104494.53000000,0.00018000
1749236679,104494.42000000,0.00006000
1749236679,104494.33000000,0.04800000
1749236679,104494.25000000,0.19237000
1749236679,104494.24000000,0.28708000
1749236679,104494.23000000,1.15670000
1749236679,104494.15000000,0.60288000
1749236679,104493.99000000,0.28708000
