timestamp,price,volume
1749241004,104403.31000000,1.33325000
1749241004,104403.30000000,0.00066000
1749241004,104403.29000000,0.00066000
1749241004,104402.99000000,0.00018000
1749241004,104402.98000000,0.04514000
1749241004,104402.97000000,0.04936000
1749241004,104402.81000000,0.00018000
1749241004,104402.80000000,0.02220000
1749241004,104402.30000000,0.00010000
1749241004,104402.26000000,0.00191000
1749241004,104402.23000000,0.00072000
1749241004,104401.68000000,0.00005000
1749241004,104401.22000000,0.00049000
1749241004,104400.64000000,0.01898000
1749241004,104400.60000000,0.00012000
1749241004,104400.59000000,0.04601000
1749241004,104400.30000000,0.00321000
1749241004,104400.00000000,0.00449000
1749241004,104399.08000000,0.00005000
1749241004,104398.09000000,0.00629000
1749241004,104397.49000000,0.00094000
1749241004,104397.40000000,0.13918000
1749241004,104397.39000000,0.34466000
1749241004,104397.38000000,0.00249000
1749241004,104397.03000000,0.00093000
1749241004,104396.47000000,0.00410000
1749241004,104395.35000000,0.00602000
1749241004,104394.16000000,0.00010000
1749241004,104394.00000000,0.00005000
1749241004,104393.58000000,0.00005000
1749241004,104393.54000000,0.00010000
1749241004,104393.31000000,0.06435000
1749241004,104393.29000000,0.00999000
1749241004,104392.87000000,0.00478000
1749241004,104392.54000000,0.27794000
1749241004,104391.92000000,0.08000000
1749241004,104391.79000000,0.00957000
1749241004,104391.53000000,0.02000000
1749241004,104391.52000000,0.00300000
1749241004,104391.40000000,0.00171000
1749241004,104391.00000000,0.34468000
1749241004,104390.20000000,0.00250000
1749241004,104390.14000000,0.00005000
1749241004,104389.63000000,0.04000000
1749241004,104389.57000000,0.00010000
1749241004,104389.49000000,0.49427000
1749241004,104389.48000000,0.04422000
1749241004,104388.93000000,0.08000000
1749241004,104388.92000000,0.00005000
1749241004,104387.65000000,0.00523000
1749241004,104387.33000000,0.16000000
1749241004,104386.86000000,0.00106000
1749241004,104386.79000000,0.00006000
1749241004,104386.69000000,0.34468000
1749241004,104386.41000000,0.00010000
1749241004,104386.30000000,0.47778000
1749241004,104386.29000000,0.58500000
1749241004,104386.23000000,0.02875000
1749241004,104386.12000000,0.00008000
1749241004,104385.83000000,0.07213000
1749241004,104384.07000000,0.37757000
1749241004,104383.84000000,0.00005000
1749241004,104383.42000000,0.00005000
1749241004,104383.25000000,0.00005000
1749241004,104382.68000000,0.00560000
1749241004,104382.57000000,0.96173000
1749241004,104382.31000000,0.00010000
1749241004,104381.36000000,0.00011000
1749241004,104381.35000000,0.21398000
1749241004,104380.18000000,0.00011000
1749241004,104380.17000000,0.00957000
1749241004,104380.00000000,0.01916000
1749241004,104379.80000000,0.00005000
1749241004,104379.68000000,0.00045000
1749241004,104379.47000000,0.00009000
1749241004,104379.14000000,0.00010000
1749241004,104379.13000000,0.02311000
1749241004,104379.12000000,0.02430000
1749241004,104378.76000000,0.00005000
1749241004,104378.38000000,0.47219000
1749241004,104378.37000000,0.96173000
1749241004,104378.18000000,0.08000000
1749241004,104377.48000000,0.04800000
1749241004,104377.44000000,0.02000000
1749241004,104377.30000000,0.00106000
1749241004,104376.75000000,0.12025000
1749241004,104376.60000000,0.00957000
1749241004,104376.46000000,0.04800000
1749241004,104376.40000000,0.04800000
1749241004,104376.36000000,0.00005000
1749241004,104376.35000000,0.04800000
1749241004,104376.32000000,0.04800000
1749241004,104376.14000000,0.01916000
1749241004,104375.98000000,0.00010000
1749241004,104375.84000000,0.58500000
1749241004,104375.67000000,0.00008000
1749241004,104375.59000000,0.00005000
1749241004,104374.71000000,0.00106000
1749241004,104373.90000000,0.00010000
1749241004,104373.82000000,0.00300000
1749241065,104381.62000000,2.17513000
1749241065,104381.61000000,0.00071000
1749241065,104381.60000000,0.00006000
1749241065,104381.59000000,0.00020000
1749241065,104381.53000000,0.00006000
1749241065,104381.22000000,0.00006000
1749241065,104381.21000000,0.00006000
1749241065,104381.16000000,0.00016000
1749241065,104381.11000000,0.00023000
1749241065,104380.77000000,0.00012000
1749241065,104380.76000000,0.04221000
1749241065,104380.29000000,0.00076000
1749241065,104380.28000000,0.04777000
1749241065,104380.27000000,0.00023000
1749241065,104380.17000000,0.00957000
1749241065,104380.00000000,0.01927000
1749241065,104379.94000000,0.01970000
1749241065,104379.71000000,0.00012000
1749241065,104379.70000000,0.04601000
1749241065,104379.53000000,0.00049000
1749241065,104379.49000000,0.00012000
1749241065,104379.48000000,0.03259000
1749241065,104379.47000000,0.00048000
1749241065,104379.29000000,0.00034000
1749241065,104379.28000000,0.25165000
1749241065,104379.27000000,0.34472000
1749241065,104378.82000000,0.00072000
1749241065,104378.72000000,0.00005000
1749241065,104378.64000000,0.08006000
1749241065,104378.28000000,0.00191000
1749241065,104377.80000000,0.34467000
1749241065,104377.43000000,0.00088000
1749241065,104377.30000000,0.00106000
1749241065,104376.84000000,0.00407000
1749241065,104376.63000000,0.00005000
1749241065,104376.60000000,0.00957000
1749241065,104376.40000000,0.00479000
1749241065,104376.36000000,0.00005000
1749241065,104375.98000000,0.00010000
1749241065,104375.12000000,0.00250000
1749241065,104375.00000000,0.00958000
1749241065,104374.71000000,0.00106000
1749241065,104373.90000000,0.00010000
1749241065,104373.77000000,0.48310000
1749241065,104373.68000000,0.00005000
1749241065,104373.53000000,0.34468000
1749241065,104373.00000000,0.00006000
1749241065,104372.91000000,0.00005000
1749241065,104372.65000000,0.10343000
1749241065,104372.37000000,0.00023000
1749241065,104372.04000000,0.00560000
1749241065,104372.00000000,0.00200000
1749241065,104371.91000000,0.00314000
1749241065,104371.64000000,0.05332000
1749241065,104371.17000000,0.00250000
1749241065,104370.76000000,0.00010000
1749241065,104370.00000000,0.00005000
1749241065,104369.99000000,0.34469000
1749241065,104369.47000000,0.02873000
1749241065,104369.06000000,0.13344000
1749241065,104369.04000000,0.01475000
1749241065,104369.02000000,0.00016000
1749241065,104368.93000000,0.96173000
1749241065,104368.60000000,0.00005000
1749241065,104368.00000000,0.00200000
1749241065,104367.29000000,0.00006000
1749241065,104367.27000000,0.00093000
1749241065,104366.68000000,0.01916000
1749241065,104366.10000000,0.00010000
1749241065,104366.02000000,0.00005000
1749241065,104365.97000000,0.34006000
1749241065,104365.96000000,0.31028000
1749241065,104365.78000000,0.02694000
1749241065,104365.40000000,0.58500000
1749241065,104365.22000000,0.00008000
1749241065,104365.19000000,0.00095000
1749241065,104364.49000000,0.00800000
1749241065,104364.00000000,0.00206000
1749241065,104363.86000000,0.12655000
1749241065,104363.81000000,0.07213000
1749241065,104363.52000000,0.00005000
1749241065,104363.34000000,0.00010000
1749241065,104363.19000000,0.95378000
1749241065,104363.18000000,0.96173000
1749241065,104363.17000000,0.01400000
1749241065,104362.58000000,0.00005000
1749241065,104362.52000000,0.02000000
1749241065,104362.42000000,0.04800000
1749241065,104361.46000000,0.04800000
1749241065,104361.39000000,0.04800000
1749241065,104361.28000000,0.04800000
1749241065,104361.25000000,0.04800000
1749241065,104360.63000000,0.00010000
1749241065,104360.59000000,0.02876000
1749241065,104360.01000000,0.00011000
1749241065,104360.00000000,0.49894000
1749241065,104359.93000000,0.00005000
1749241065,104359.14000000,0.00005000
1749241065,104359.00000000,0.02312000
1749241065,104358.99000000,0.96173000
1749241126,104369.95000000,1.34591000
1749241126,104369.94000000,0.00081000
1749241126,104369.93000000,0.00072000
1749241126,104369.71000000,0.00006000
1749241126,104369.70000000,0.00006000
1749241126,104369.61000000,0.00012000
1749241126,104369.58000000,0.00018000
1749241126,104369.57000000,0.02284000
1749241126,104369.30000000,0.00012000
1749241126,104369.29000000,0.05605000
1749241126,104368.98000000,0.00005000
1749241126,104368.75000000,0.00012000
1749241126,104368.74000000,0.00071000
1749241126,104368.72000000,0.00084000
1749241126,104368.71000000,0.31608000
1749241126,104368.21000000,0.00012000
1749241126,104368.20000000,0.05365000
1749241126,104367.86000000,0.00049000
1749241126,104367.58000000,0.00006000
1749241126,104367.57000000,0.34476000
1749241126,104366.10000000,0.00441000
1749241126,104366.09000000,0.00102000
1749241126,104365.99000000,0.00479000
1749241126,104365.95000000,0.34476000
1749241126,104365.78000000,0.02700000
1749241126,104365.35000000,0.00120000
1749241126,104365.11000000,0.00955000
1749241126,104364.38000000,0.02261000
1749241126,104364.00000000,0.00206000
1749241126,104363.80000000,0.00958000
1749241126,104363.17000000,0.01406000
1749241126,104363.03000000,0.28359000
1749241126,104363.02000000,0.34471000
1749241126,104362.58000000,0.00005000
1749241126,104361.50000000,0.00010000
1749241126,104360.77000000,0.10343000
1749241126,104360.72000000,0.01918000
1749241126,104360.00000000,0.02116000
1749241126,104359.93000000,0.00005000
1749241126,104359.55000000,0.00250000
1749241126,104359.14000000,0.00005000
1749241126,104359.07000000,0.34473000
1749241126,104358.44000000,0.00005000
1749241126,104358.31000000,0.00260000
1749241126,104358.27000000,0.00091000
1749241126,104358.24000000,0.00010000
1749241126,104358.03000000,0.95579000
1749241126,104358.02000000,0.96173000
1749241126,104356.64000000,0.08000000
1749241126,104356.41000000,0.04792000
1749241126,104356.00000000,0.00200000
1749241126,104355.88000000,0.00010000
1749241126,104355.69000000,0.00005000
1749241126,104355.60000000,0.12047000
1749241126,104355.55000000,0.00729000
1749241126,104355.00000000,0.00006000
1749241126,104354.96000000,0.58500000
1749241126,104354.77000000,0.00008000
1749241126,104353.86000000,0.01474000
1749241126,104353.84000000,0.96173000
1749241126,104353.70000000,0.06000000
1749241126,104353.36000000,0.00005000
1749241126,104352.96000000,0.00045000
1749241126,104352.25000000,0.00005000
1749241126,104352.00000000,0.02111000
1749241126,104351.43000000,0.00191000
1749241126,104351.11000000,0.00300000
1749241126,104350.67000000,0.00010000
1749241126,104350.40000000,0.00087000
1749241126,104350.34000000,0.58334000
1749241126,104350.11000000,0.00089000
1749241126,104349.52000000,0.96173000
1749241126,104349.20000000,0.08000000
1749241126,104348.85000000,0.00011000
1749241126,104348.84000000,0.00958000
1749241126,104348.83000000,0.44588000
1749241126,104348.81000000,0.00005000
1749241126,104348.54000000,0.00178000
1749241126,104348.52000000,0.00006000
1749241126,104348.40000000,0.16000000
1749241126,104348.35000000,0.06800000
1749241126,104348.28000000,0.00005000
1749241126,104348.14000000,0.01916000
1749241126,104348.01000000,0.00010000
1749241126,104348.00000000,0.00200000
1749241126,104347.62000000,0.28131000
1749241126,104347.52000000,0.47778000
1749241126,104347.51000000,0.62219000
1749241126,104347.40000000,0.00034000
1749241126,104347.30000000,0.04800000
1749241126,104347.26000000,0.00502000
1749241126,104347.25000000,0.04800000
1749241126,104347.20000000,0.04800000
1749241126,104347.16000000,0.00087000
1749241126,104346.11000000,0.00958000
1749241126,104346.07000000,0.00560000
1749241126,104346.00000000,0.00006000
1749241126,104345.36000000,0.00005000
1749241126,104345.34000000,0.02312000
1749241126,104345.33000000,0.96173000
1749241187,104365.14000000,0.02350000
1749241187,104365.13000000,0.00065000
1749241187,104365.12000000,0.00024000
1749241187,104364.11000000,0.00005000
1749241187,104363.88000000,0.00071000
1749241187,104363.87000000,0.00072000
1749241187,104363.69000000,0.00030000
1749241187,104363.06000000,0.00005000
1749241187,104363.05000000,0.00050000
1749241187,104362.94000000,0.00101000
1749241187,104362.58000000,0.00005000
1749241187,104362.02000000,0.00005000
1749241187,104361.38000000,0.00192000
1749241187,104360.98000000,0.00005000
1749241187,104360.23000000,0.00012000
1749241187,104360.22000000,0.02877000
1749241187,104360.16000000,0.00006000
1749241187,104359.92000000,0.00479000
1749241187,104359.63000000,0.00012000
1749241187,104359.62000000,0.02416000
1749241187,104359.14000000,0.00005000
1749241187,104358.49000000,0.00177000
1749241187,104358.24000000,0.00010000
1749241187,104357.50000000,0.00006000
1749241187,104357.40000000,0.00012000
1749241187,104357.39000000,0.05815000
1749241187,104356.47000000,0.00012000
1749241187,104356.46000000,0.08006000
1749241187,104356.29000000,0.00006000
1749241187,104356.28000000,0.31607000
1749241187,104355.73000000,0.00089000
1749241187,104355.69000000,0.00005000
1749241187,104355.36000000,0.00089000
1749241187,104355.10000000,0.00010000
1749241187,104355.03000000,0.00010000
1749241187,104354.70000000,0.00479000
1749241187,104354.08000000,0.00006000
1749241187,104354.07000000,0.04806000
1749241187,104353.69000000,0.00092000
1749241187,104353.51000000,0.01478000
1749241187,104353.36000000,0.00005000
1749241187,104353.27000000,0.00249000
1749241187,104352.94000000,0.04806000
1749241187,104352.93000000,0.45556000
1749241187,104352.92000000,0.39281000
1749241187,104352.40000000,0.00045000
1749241187,104352.39000000,0.00300000
1749241187,104352.25000000,0.00005000
1749241187,104351.97000000,0.04596000
1749241187,104351.74000000,0.05345000
1749241187,104350.84000000,0.00958000
1749241187,104350.69000000,0.00010000
1749241187,104350.62000000,0.02249000
1749241187,104349.81000000,0.04800000
1749241187,104349.50000000,0.09864000
1749241187,104349.49000000,0.00728000
1749241187,104349.14000000,0.34476000
1749241187,104348.91000000,0.00560000
1749241187,104348.84000000,0.13246000
1749241187,104348.83000000,0.25452000
1749241187,104348.81000000,0.00005000
1749241187,104348.56000000,0.04966000
1749241187,104348.54000000,0.00178000
1749241187,104348.28000000,0.00005000
1749241187,104348.00000000,0.00200000
1749241187,104347.76000000,0.04800000
1749241187,104347.70000000,0.04800000
1749241187,104347.26000000,0.00103000
1749241187,104347.18000000,0.43545000
1749241187,104347.17000000,0.58500000
1749241187,104347.16000000,0.30000000
1749241187,104346.00000000,0.00006000
1749241187,104345.53000000,0.01875000
1749241187,104345.47000000,0.00010000
1749241187,104345.36000000,0.00005000
1749241187,104344.89000000,0.34477000
1749241187,104344.32000000,0.00008000
1749241187,104344.00000000,0.00200000
1749241187,104343.71000000,0.00087000
1749241187,104343.67000000,0.02000000
1749241187,104343.20000000,0.00005000
1749241187,104342.62000000,0.04800000
1749241187,104342.61000000,0.00010000
1749241187,104342.58000000,0.00010000
1749241187,104342.56000000,0.04800000
1749241187,104342.50000000,0.11003000
1749241187,104342.49000000,0.00405000
1749241187,104341.92000000,0.00005000
1749241187,104341.54000000,0.34479000
1749241187,104340.00000000,0.02126000
1749241187,104339.79000000,0.00010000
1749241187,104339.50000000,0.00045000
1749241187,104338.48000000,0.00005000
1749241187,104338.39000000,0.04800000
1749241187,104338.12000000,0.00005000
1749241187,104337.00000000,0.00006000
1749241187,104336.74000000,0.00009000
1749241187,104336.45000000,0.00005000
1749241187,104336.17000000,0.86007000
1749241187,104336.16000000,0.96173000
1749241247,104381.81000000,7.71543000
1749241247,104381.36000000,0.00012000
1749241247,104381.35000000,0.04016000
1749241247,104380.72000000,0.00023000
1749241247,104380.71000000,0.00048000
1749241247,104380.70000000,0.00072000
1749241247,104380.28000000,0.00012000
1749241247,104380.27000000,0.12882000
1749241247,104380.26000000,0.05473000
1749241247,104379.72000000,0.00049000
1749241247,104379.62000000,0.00005000
1749241247,104379.44000000,0.00012000
1749241247,104379.43000000,0.34477000
1749241247,104379.08000000,0.00006000
1749241247,104379.07000000,0.13716000
1749241247,104378.72000000,0.00005000
1749241247,104377.88000000,0.45500000
1749241247,104377.87000000,0.34473000
1749241247,104376.82000000,0.00958000
1749241247,104376.63000000,0.00005000
1749241247,104376.18000000,0.01477000
1749241247,104374.93000000,0.09870000
1749241247,104374.92000000,0.71840000
1749241247,104374.79000000,0.34468000
1749241247,104373.78000000,0.00192000
1749241247,104373.68000000,0.00005000
1749241247,104372.91000000,0.00005000
1749241247,104372.12000000,0.60100000
1749241247,104372.10000000,0.00546000
1749241247,104372.09000000,1.10748000
1749241247,104371.68000000,0.00560000
1749241247,104370.00000000,0.00005000
1749241247,104369.70000000,0.00479000
1749241247,104369.66000000,0.09572000
1749241247,104369.47000000,0.00005000
1749241247,104369.13000000,0.96173000
1749241247,104368.99000000,0.00250000
1749241247,104368.87000000,0.03576000
1749241247,104368.79000000,0.00010000
1749241247,104368.60000000,0.00005000
1749241247,104368.08000000,0.02311000
1749241247,104368.07000000,0.64299000
1749241247,104368.06000000,1.05761000
1749241247,104368.05000000,0.04500000
1749241247,104368.03000000,0.00048000
1749241247,104367.55000000,0.04597000
1749241247,104367.53000000,0.00006000
1749241247,104366.47000000,0.04800000
1749241247,104366.45000000,0.02000000
1749241247,104366.16000000,0.00045000
1749241247,104366.15000000,0.00300000
1749241247,104366.02000000,0.00005000
1749241247,104366.00000000,0.09693000
1749241247,104365.98000000,0.00006000
1749241247,104365.34000000,0.04800000
1749241247,104365.32000000,0.04800000
1749241247,104365.22000000,0.00008000
1749241247,104365.14000000,0.07935000
1749241247,104364.66000000,0.96173000
1749241247,104364.48000000,0.00728000
1749241247,104363.52000000,0.00005000
1749241247,104362.23000000,0.04800000
1749241247,104361.89000000,0.00010000
1749241247,104361.66000000,0.71777000
1749241247,104361.65000000,0.58500000
1749241247,104361.18000000,0.00011000
1749241247,104361.17000000,0.04800000
1749241247,104361.11000000,0.01916000
1749241247,104360.84000000,0.04800000
1749241247,104360.77000000,0.04800000
1749241247,104360.37000000,0.47778000
1749241247,104360.25000000,0.96173000
1749241247,104360.23000000,0.09693000
1749241247,104360.22000000,0.07255000
1749241247,104360.17000000,0.04800000
1749241247,104360.15000000,0.04800000
1749241247,104360.11000000,0.04800000
1749241247,104360.00000000,0.03180000
1749241247,104359.63000000,0.00011000
1749241247,104359.62000000,0.00080000
1749241247,104359.38000000,0.00068000
1749241247,104359.27000000,0.00045000
1749241247,104359.14000000,0.00005000
1749241247,104359.07000000,0.07223000
1749241247,104358.83000000,0.00010000
1749241247,104358.44000000,0.00005000
1749241247,104358.24000000,0.00010000
1749241247,104357.66000000,0.00958000
1749241247,104357.54000000,0.28746000
1749241247,104357.00000000,0.00958000
1749241247,104356.76000000,0.48799000
1749241247,104356.42000000,0.28746000
1749241247,104355.85000000,0.28746000
1749241247,104355.69000000,0.00005000
1749241247,104355.00000000,0.00006000
1749241247,104354.77000000,0.00008000
1749241247,104354.66000000,0.96173000
1749241247,104354.53000000,0.00010000
1749241247,104353.36000000,0.00005000
1749241247,104352.91000000,0.19237000
1749241308,104367.82000000,4.02461000
1749241308,104367.81000000,0.00070000
1749241308,104367.80000000,0.00060000
1749241308,104367.54000000,0.00012000
1749241308,104367.53000000,0.05630000
1749241308,104367.25000000,0.00020000
1749241308,104367.06000000,0.00012000
1749241308,104367.05000000,0.12561000
1749241308,104367.04000000,0.04887000
1749241308,104366.77000000,0.00191000
1749241308,104366.72000000,0.00071000
1749241308,104366.71000000,0.00072000
1749241308,104365.73000000,0.00050000
1749241308,104365.34000000,0.01968000
1749241308,104365.15000000,0.00005000
1749241308,104365.03000000,0.00012000
1749241308,104365.02000000,0.34477000
1749241308,104363.04000000,0.00958000
1749241308,104362.60000000,0.00479000
1749241308,104362.58000000,0.00005000
1749241308,104362.43000000,0.00006000
1749241308,104362.42000000,0.28052000
1749241308,104362.41000000,0.34478000
1749241308,104362.33000000,0.00249000
1749241308,104361.89000000,0.00010000
1749241308,104361.67000000,0.34478000
1749241308,104361.11000000,0.13051000
1749241308,104360.95000000,0.04000000
1749241308,104360.39000000,0.01469000
1749241308,104360.22000000,0.02660000
1749241308,104360.00000000,0.01916000
1749241308,104359.98000000,0.00956000
1749241308,104359.62000000,0.00080000
1749241308,104359.38000000,0.00068000
1749241308,104359.14000000,0.00005000
1749241308,104359.07000000,0.00010000
1749241308,104358.83000000,0.00010000
1749241308,104358.44000000,0.00005000
1749241308,104358.24000000,0.00010000
1749241308,104358.18000000,0.09864000
1749241308,104358.17000000,0.36563000
1749241308,104358.16000000,0.34473000
1749241308,104357.81000000,0.00250000
1749241308,104357.75000000,0.02000000
1749241308,104357.66000000,0.00958000
1749241308,104357.55000000,0.24000000
1749241308,104357.45000000,0.04000000
1749241308,104357.38000000,0.00479000
1749241308,104357.00000000,0.00958000
1749241308,104356.81000000,0.01911000
1749241308,104356.02000000,0.04766000
1749241308,104355.69000000,0.00005000
1749241308,104355.29000000,0.07213000
1749241308,104355.23000000,0.96173000
1749241308,104355.08000000,0.02872000
1749241308,104355.00000000,0.00006000
1749241308,104354.77000000,0.00008000
1749241308,104354.53000000,0.00010000
1749241308,104354.32000000,0.00560000
1749241308,104353.68000000,0.00045000
1749241308,104353.36000000,0.00005000
1749241308,104352.73000000,0.00958000
1749241308,104352.62000000,0.55041000
1749241308,104352.39000000,0.00300000
1749241308,104352.25000000,0.00005000
1749241308,104352.24000000,0.02876000
1749241308,104352.16000000,0.00729000
1749241308,104351.75000000,0.02312000
1749241308,104351.74000000,0.00700000
1749241308,104351.57000000,0.02000000
1749241308,104350.97000000,0.96173000
1749241308,104350.69000000,0.00010000
1749241308,104349.78000000,0.58500000
1749241308,104349.13000000,0.00023000
1749241308,104349.09000000,0.04800000
1749241308,104348.83000000,0.25442000
1749241308,104348.81000000,0.00005000
1749241308,104348.59000000,0.16126000
1749241308,104348.54000000,0.00178000
1749241308,104348.28000000,0.00005000
1749241308,104348.01000000,0.04800000
1749241308,104348.00000000,0.00200000
1749241308,104347.95000000,0.04800000
1749241308,104347.94000000,0.09600000
1749241308,104347.38000000,0.01916000
1749241308,104347.28000000,0.28746000
1749241308,104347.26000000,0.00103000
1749241308,104346.65000000,0.57018000
1749241308,104346.00000000,0.00006000
1749241308,104345.94000000,0.00011000
1749241308,104345.93000000,0.47778000
1749241308,104345.91000000,0.96173000
1749241308,104345.47000000,0.00010000
1749241308,104345.36000000,0.00005000
1749241308,104344.88000000,0.04800000
1749241308,104344.57000000,0.00051000
1749241308,104344.32000000,0.00008000
1749241308,104344.28000000,0.00005000
1749241308,104344.00000000,0.00200000
1749241308,104343.84000000,0.04800000
1749241369,104419.99000000,7.45503000
1749241369,104419.52000000,0.00012000
1749241369,104419.51000000,0.02021000
1749241369,104418.97000000,0.00023000
1749241369,104417.90000000,0.00050000
1749241369,104417.69000000,0.20688000
1749241369,104417.68000000,0.34474000
1749241369,104417.34000000,0.00005000
1749241369,104416.15000000,0.00012000
1749241369,104416.14000000,0.34470000
1749241369,104415.91000000,0.00012000
1749241369,104415.90000000,0.07224000
1749241369,104414.99000000,0.00012000
1749241369,104414.98000000,0.09704000
1749241369,104414.78000000,0.12238000
1749241369,104414.77000000,0.00728000
1749241369,104414.60000000,0.34465000
1749241369,104413.35000000,0.05601000
1749241369,104409.55000000,0.00250000
1749241369,104409.21000000,0.96194000
1749241369,104409.20000000,3.26736000
1749241369,104409.19000000,8.58664000
1749241369,104408.92000000,0.01467000
1749241369,104407.70000000,0.02869000
1749241369,104407.18000000,0.07213000
1749241369,104407.02000000,0.00008000
1749241369,104406.94000000,0.00010000
1749241369,104406.17000000,0.02311000
1749241369,104406.16000000,0.04000000
1749241369,104406.00000000,0.01140000
1749241369,104405.78000000,0.09693000
1749241369,104404.32000000,0.00300000
1749241369,104404.16000000,0.00005000
1749241369,104404.15000000,0.00560000
1749241369,104403.97000000,0.00728000
1749241369,104403.90000000,0.46419000
1749241369,104403.83000000,0.02693000
1749241369,104403.02000000,0.19243000
1749241369,104402.97000000,0.00025000
1749241369,104402.76000000,0.01916000
1749241369,104401.88000000,0.04000000
1749241369,104401.81000000,0.96173000
1749241369,104401.72000000,0.00010000
1749241369,104400.57000000,0.15870000
1749241369,104400.47000000,0.00005000
1749241369,104400.00000000,0.00015000
1749241369,104399.97000000,0.00409000
1749241369,104399.08000000,0.00005000
1749241369,104398.98000000,0.04800000
1749241369,104398.74000000,0.58500000
1749241369,104398.00000000,0.01140000
1749241369,104397.85000000,0.04800000
1749241369,104397.83000000,0.04800000
1749241369,104397.48000000,0.02000000
1749241369,104397.27000000,0.56999000
1749241369,104397.26000000,0.96173000
1749241369,104397.03000000,0.00005000
1749241369,104397.02000000,0.00023000
1749241369,104396.57000000,0.00008000
1749241369,104396.50000000,0.00010000
1749241369,104396.42000000,0.04800000
1749241369,104396.40000000,0.04800000
1749241369,104395.99000000,0.04500000
1749241369,104395.35000000,0.47778000
1749241369,104395.34000000,0.06592000
1749241369,104395.29000000,0.23947000
1749241369,104394.29000000,0.00191000
1749241369,104394.00000000,0.00005000
1749241369,104393.59000000,0.04800000
1749241369,104393.54000000,0.00010000
1749241369,104393.53000000,0.00045000
1749241369,104392.67000000,0.74076000
1749241369,104392.66000000,1.14773000
1749241369,104392.58000000,0.04800000
1749241369,104392.37000000,0.28746000
1749241369,104391.74000000,0.07213000
1749241369,104391.28000000,0.00010000
1749241369,104391.16000000,0.96173000
1749241369,104390.14000000,0.00005000
1749241369,104389.52000000,0.63226000
1749241369,104388.92000000,0.00005000
1749241369,104388.40000000,0.19237000
1749241369,104387.98000000,0.04717000
1749241369,104387.49000000,0.60367000
1749241369,104386.97000000,0.05297000
1749241369,104386.96000000,0.02875000
1749241369,104386.69000000,0.00005000
1749241369,104386.63000000,0.28746000
1749241369,104386.12000000,0.00008000
1749241369,104386.06000000,0.00010000
1749241369,104385.59000000,0.28746000
1749241369,104385.32000000,0.00999000
1749241369,104385.11000000,0.96173000
1749241369,104385.01000000,0.28746000
1749241369,104384.59000000,0.29904000
1749241369,104384.26000000,0.05297000
1749241369,104384.25000000,0.62431000
1749241369,104383.99000000,0.02833000
1749241369,104383.88000000,0.58500000
1749241369,104383.84000000,0.00005000
1749241430,104360.40000000,2.50710000
1749241430,104360.39000000,0.00103000
1749241430,104360.23000000,0.00181000
1749241430,104360.22000000,0.02556000
1749241430,104360.01000000,0.00012000
1749241430,104360.00000000,0.02127000
1749241430,104359.62000000,0.00080000
1749241430,104359.38000000,0.00068000
1749241430,104359.29000000,0.00287000
1749241430,104359.18000000,0.00012000
1749241430,104359.17000000,0.04607000
1749241430,104358.91000000,0.00012000
1749241430,104358.90000000,0.01918000
1749241430,104358.89000000,0.00005000
1749241430,104358.83000000,0.00010000
1749241430,104358.44000000,0.00005000
1749241430,104358.31000000,0.00050000
1749241430,104357.24000000,0.00006000
1749241430,104357.23000000,0.33666000
1749241430,104357.22000000,0.34479000
1749241430,104357.03000000,0.00191000
1749241430,104357.00000000,0.00958000
1749241430,104356.00000000,0.00200000
1749241430,104355.35000000,0.05159000
1749241430,104354.62000000,0.01473000
1749241430,104354.53000000,0.00010000
1749241430,104354.34000000,0.00729000
1749241430,104353.54000000,0.34481000
1749241430,104353.51000000,0.00023000
1749241430,104353.36000000,0.00005000
1749241430,104353.02000000,0.34475000
1749241430,104352.30000000,0.02000000
1749241430,104352.25000000,0.00005000
1749241430,104352.16000000,0.00144000
1749241430,104352.00000000,0.00200000
1749241430,104351.91000000,0.00611000
1749241430,104351.90000000,0.04000000
1749241430,104350.70000000,0.00017000
1749241430,104350.69000000,0.00010000
1749241430,104350.23000000,0.00006000
1749241430,104350.20000000,0.09864000
1749241430,104349.96000000,0.00729000
1749241430,104349.04000000,0.00023000
1749241430,104349.03000000,0.87427000
1749241430,104349.02000000,1.43951000
1749241430,104348.91000000,0.12300000
1749241430,104348.83000000,0.79509000
1749241430,104348.81000000,0.00005000
1749241430,104348.79000000,0.00091000
1749241430,104348.77000000,0.00088000
1749241430,104348.54000000,0.00178000
1749241430,104348.46000000,0.00408000
1749241430,104348.39000000,0.34476000
1749241430,104348.31000000,0.08000000
1749241430,104348.29000000,0.04800000
1749241430,104348.28000000,0.00005000
1749241430,104348.00000000,0.00200000
1749241430,104347.50000000,0.01999000
1749241430,104347.26000000,0.00103000
1749241430,104347.16000000,0.04800000
1749241430,104347.14000000,0.04800000
1749241430,104347.11000000,0.16000000
1749241430,104347.02000000,0.02876000
1749241430,104346.17000000,0.40003000
1749241430,104345.47000000,0.00010000
1749241430,104345.36000000,0.00005000
1749241430,104344.75000000,0.00773000
1749241430,104344.32000000,0.00008000
1749241430,104344.28000000,0.00005000
1749241430,104344.24000000,0.01916000
1749241430,104344.19000000,0.04800000
1749241430,104344.17000000,0.04800000
1749241430,104344.00000000,0.00200000
1749241430,104343.20000000,0.00005000
1749241430,104342.75000000,0.96173000
1749241430,104342.61000000,0.00010000
1749241430,104342.59000000,0.00956000
1749241430,104342.58000000,0.00010000
1749241430,104342.54000000,0.04800000
1749241430,104342.45000000,0.07213000
1749241430,104342.27000000,0.02000000
1749241430,104342.10000000,0.23612000
1749241430,104342.09000000,0.58500000
1749241430,104341.92000000,0.00005000
1749241430,104340.57000000,0.00300000
1749241430,104340.41000000,0.00958000
1749241430,104340.01000000,0.00011000
1749241430,104340.00000000,0.02126000
1749241430,104339.79000000,0.00010000
1749241430,104338.65000000,0.00011000
1749241430,104338.64000000,0.01912000
1749241430,104338.58000000,0.04800000
1749241430,104338.48000000,0.00005000
1749241430,104338.26000000,0.08000000
1749241430,104338.12000000,0.00005000
1749241430,104338.11000000,0.02312000
1749241430,104338.10000000,0.04800000
1749241430,104337.00000000,0.04806000
1749241430,104336.84000000,0.59046000
1749241430,104336.83000000,0.96173000
1749241490,104360.32000000,6.02420000
1749241490,104360.16000000,0.00012000
1749241490,104360.15000000,0.04016000
1749241490,104359.95000000,0.00012000
1749241490,104359.94000000,0.06011000
1749241490,104359.91000000,0.00010000
1749241490,104359.27000000,0.00191000
1749241490,104359.19000000,0.00143000
1749241490,104358.89000000,0.00005000
1749241490,104358.28000000,0.00012000
1749241490,104358.27000000,0.56585000
1749241490,104358.24000000,0.00012000
1749241490,104358.23000000,0.52395000
1749241490,104358.07000000,0.01472000
1749241490,104356.99000000,0.09704000
1749241490,104356.92000000,0.00005000
1749241490,104356.80000000,0.00005000
1749241490,104355.74000000,0.00006000
1749241490,104355.73000000,0.47789000
1749241490,104355.67000000,0.31607000
1749241490,104355.49000000,0.04006000
1749241490,104355.11000000,0.00030000
1749241490,104355.10000000,0.00479000
1749241490,104353.65000000,0.41060000
1749241490,104353.36000000,0.00005000
1749241490,104353.01000000,0.00222000
1749241490,104352.25000000,0.00005000
1749241490,104352.07000000,0.08500000
1749241490,104351.56000000,0.09693000
1749241490,104351.03000000,0.04000000
1749241490,104350.94000000,0.09864000
1749241490,104350.93000000,1.61258000
1749241490,104350.92000000,0.08500000
1749241490,104350.00000000,0.01140000
1749241490,104349.96000000,0.08500000
1749241490,104349.88000000,0.00479000
1749241490,104348.84000000,0.96248000
1749241490,104348.83000000,2.72881000
1749241490,104348.82000000,0.02615000
1749241490,104348.81000000,0.00073000
1749241490,104348.70000000,0.04800000
1749241490,104348.54000000,0.00178000
1749241490,104348.28000000,0.00005000
1749241490,104348.17000000,0.04219000
1749241490,104348.00000000,0.00200000
1749241490,104347.80000000,0.25195000
1749241490,104347.79000000,0.58750000
1749241490,104347.77000000,0.00131000
1749241490,104347.56000000,0.09600000
1749241490,104347.54000000,0.04800000
1749241490,104347.26000000,0.00103000
1749241490,104346.93000000,0.02312000
1749241490,104346.92000000,0.04800000
1749241490,104346.57000000,0.00560000
1749241490,104345.36000000,0.00005000
1749241490,104345.21000000,0.07213000
1749241490,104344.67000000,0.00479000
1749241490,104344.66000000,0.00300000
1749241490,104344.47000000,0.01949000
1749241490,104344.32000000,0.00008000
1749241490,104344.00000000,0.00200000
1749241490,104343.20000000,0.00005000
1749241490,104342.62000000,0.01916000
1749241490,104342.61000000,0.00010000
1749241490,104342.58000000,0.00304000
1749241490,104342.35000000,0.04800000
1749241490,104342.34000000,0.04800000
1749241490,104342.27000000,0.02000000
1749241490,104342.21000000,0.00144000
1749241490,104341.92000000,0.00005000
1749241490,104341.15000000,0.85874000
1749241490,104341.14000000,0.47778000
1749241490,104341.13000000,0.96173000
1749241490,104341.11000000,1.00000000
1749241490,104340.94000000,0.28746000
1749241490,104340.62000000,0.00479000
1749241490,104340.41000000,0.00958000
1749241490,104340.07000000,0.00011000
1749241490,104340.06000000,0.28746000
1749241490,104340.00000000,0.02126000
1749241490,104339.79000000,0.00010000
1749241490,104339.64000000,0.01999000
1749241490,104338.48000000,0.00005000
1749241490,104338.13000000,0.00011000
1749241490,104338.12000000,0.00005000
1749241490,104338.10000000,0.04800000
1749241490,104337.00000000,0.04806000
1749241490,104336.88000000,0.82302000
1749241490,104336.87000000,0.96173000
1749241490,104336.76000000,0.07213000
1749241490,104336.45000000,0.00963000
1749241490,104336.02000000,0.04800000
1749241490,104336.00000000,0.00200000
1749241490,104335.94000000,1.17343000
1749241490,104335.76000000,0.02853000
1749241490,104335.51000000,0.00010000
1749241490,104335.03000000,0.00005000
1749241490,104334.52000000,0.02694000
1749241490,104334.01000000,0.27170000
1749241490,104333.87000000,0.00008000
1749241551,104386.40000000,3.41330000
1749241551,104386.39000000,0.02432000
1749241551,104386.25000000,0.00006000
1749241551,104385.93000000,0.00012000
1749241551,104385.68000000,0.00006000
1749241551,104385.67000000,0.00006000
1749241551,104385.47000000,0.00018000
1749241551,104385.46000000,0.44268000
1749241551,104385.45000000,0.31603000
1749241551,104385.28000000,0.00143000
1749241551,104384.98000000,0.00005000
1749241551,104384.32000000,0.00010000
1749241551,104384.31000000,0.00049000
1749241551,104384.07000000,0.01471000
1749241551,104383.94000000,0.00005000
1749241551,104383.84000000,0.00005000
1749241551,104383.59000000,0.04011000
1749241551,104383.23000000,0.00479000
1749241551,104382.90000000,0.00012000
1749241551,104382.89000000,0.34471000
1749241551,104382.88000000,0.00141000
1749241551,104382.62000000,0.02592000
1749241551,104381.51000000,0.00527000
1749241551,104381.50000000,0.04366000
1749241551,104381.29000000,0.02006000
1749241551,104381.18000000,0.00058000
1749241551,104381.15000000,0.00010000
1749241551,104380.87000000,0.00006000
1749241551,104380.86000000,0.34466000
1749241551,104380.73000000,0.00957000
1749241551,104380.41000000,0.02236000
1749241551,104380.37000000,0.00079000
1749241551,104380.09000000,0.34466000
1749241551,104379.99000000,0.04000000
1749241551,104379.80000000,0.00005000
1749241551,104379.66000000,0.02586000
1749241551,104378.76000000,0.00005000
1749241551,104377.65000000,0.17255000
1749241551,104376.80000000,0.09864000
1749241551,104376.79000000,0.24000000
1749241551,104376.36000000,0.00005000
1749241551,104376.28000000,0.00250000
1749241551,104376.23000000,0.00191000
1749241551,104375.96000000,0.00479000
1749241551,104375.68000000,0.34467000
1749241551,104375.67000000,0.00008000
1749241551,104375.59000000,0.00005000
1749241551,104375.55000000,0.02875000
1749241551,104373.90000000,0.00010000
1749241551,104373.89000000,0.12031000
1749241551,104373.75000000,0.21953000
1749241551,104373.73000000,0.05509000
1749241551,104373.68000000,0.00005000
1749241551,104373.36000000,0.00010000
1749241551,104373.27000000,0.02868000
1749241551,104372.92000000,0.00092000
1749241551,104372.91000000,0.00005000
1749241551,104371.06000000,0.58750000
1749241551,104370.80000000,0.00560000
1749241551,104370.74000000,0.00479000
1749241551,104370.00000000,0.00005000
1749241551,104369.47000000,0.00005000
1749241551,104368.85000000,0.04800000
1749241551,104368.60000000,0.00005000
1749241551,104368.45000000,0.00010000
1749241551,104366.78000000,0.09932000
1749241551,104366.75000000,0.04800000
1749241551,104366.47000000,0.00011000
1749241551,104366.10000000,0.02000000
1749241551,104366.02000000,0.00005000
1749241551,104365.88000000,0.96173000
1749241551,104365.85000000,0.00045000
1749241551,104365.84000000,0.00300000
1749241551,104365.60000000,0.04800000
1749241551,104365.54000000,0.01916000
1749241551,104365.22000000,0.00008000
1749241551,104364.60000000,0.00011000
1749241551,104364.52000000,0.04800000
1749241551,104364.49000000,0.04800000
1749241551,104364.46000000,0.04800000
1749241551,104364.44000000,0.04800000
1749241551,104364.00000000,0.00006000
1749241551,104363.52000000,0.00005000
1749241551,104363.25000000,0.00010000
1749241551,104362.91000000,0.02311000
1749241551,104362.90000000,0.02830000
1749241551,104362.58000000,0.00005000
1749241551,104361.71000000,1.24201000
1749241551,104361.70000000,0.96173000
1749241551,104360.95000000,0.04000000
1749241551,104360.82000000,0.04800000
1749241551,104360.40000000,0.09693000
1749241551,104360.32000000,0.04535000
1749241551,104360.31000000,1.00000000
1749241551,104360.30000000,0.58500000
1749241551,104360.00000000,0.01916000
1749241551,104359.40000000,0.47910000
1749241551,104359.30000000,0.19237000
1749241551,104359.29000000,0.52710000
1749241551,104359.22000000,0.28746000
1749241612,104395.34000000,5.32237000
1749241612,104395.33000000,0.00031000
1749241612,104394.47000000,0.00006000
1749241612,104394.21000000,0.00159000
1749241612,104394.18000000,0.00006000
1749241612,104394.17000000,0.00011000
1749241612,104393.33000000,0.00011000
1749241612,104393.25000000,0.00056000
1749241612,104393.15000000,0.00111000
1749241612,104392.98000000,0.00012000
1749241612,104392.97000000,0.20931000
1749241612,104392.96000000,0.34473000
1749241612,104392.29000000,0.00005000
1749241612,104391.39000000,0.00012000
1749241612,104391.38000000,0.34473000
1749241612,104390.14000000,0.00005000
1749241612,104390.12000000,0.00728000
1749241612,104389.75000000,0.00957000
1749241612,104389.57000000,0.00012000
1749241612,104389.56000000,0.09576000
1749241612,104389.31000000,0.01470000
1749241612,104388.10000000,0.00012000
1749241612,104388.09000000,0.14061000
1749241612,104386.70000000,0.12860000
1749241612,104386.69000000,0.00005000
1749241612,104386.64000000,0.00956000
1749241612,104386.49000000,0.61851000
1749241612,104386.48000000,0.68934000
1749241612,104386.41000000,0.09864000
1749241612,104386.40000000,0.44423000
1749241612,104386.27000000,0.00251000
1749241612,104386.26000000,0.04598000
1749241612,104386.22000000,0.01913000
1749241612,104385.49000000,0.05748000
1749241612,104384.90000000,0.58749000
1749241612,104383.84000000,0.00005000
1749241612,104383.71000000,0.00087000
1749241612,104383.69000000,0.00093000
1749241612,104383.25000000,0.00005000
1749241612,104383.16000000,0.32446000
1749241612,104383.15000000,0.07213000
1749241612,104382.31000000,0.00010000
1749241612,104381.04000000,0.00479000
1749241612,104380.02000000,0.96173000
1749241612,104379.80000000,0.00005000
1749241612,104379.68000000,0.00345000
1749241612,104378.76000000,0.00005000
1749241612,104377.25000000,0.02311000
1749241612,104377.24000000,0.67374000
1749241612,104377.22000000,0.42682000
1749241612,104376.61000000,0.28746000
1749241612,104376.41000000,0.04000000
1749241612,104376.36000000,0.00005000
1749241612,104375.83000000,0.96173000
1749241612,104375.82000000,0.38328000
1749241612,104375.81000000,0.04270000
1749241612,104375.77000000,0.07213000
1749241612,104375.67000000,0.00008000
1749241612,104374.47000000,0.00011000
1749241612,104374.46000000,0.58500000
1749241612,104374.09000000,0.00011000
1749241612,104374.08000000,0.00191000
1749241612,104374.06000000,0.00086000
1749241612,104373.98000000,0.01916000
1749241612,104373.90000000,0.00010000
1749241612,104373.68000000,0.00005000
1749241612,104373.00000000,0.00006000
1749241612,104372.91000000,0.00005000
1749241612,104372.74000000,0.26602000
1749241612,104372.63000000,0.00479000
1749241612,104372.37000000,0.00023000
1749241612,104372.18000000,0.01388000
1749241612,104371.88000000,0.00010000
1749241612,104370.79000000,0.06672000
1749241612,104370.61000000,0.00045000
1749241612,104370.48000000,0.02560000
1749241612,104370.12000000,0.57879000
1749241612,104370.08000000,0.07213000
1749241612,104370.00000000,0.00963000
1749241612,104369.76000000,0.00957000
1749241612,104369.47000000,0.00005000
1749241612,104369.42000000,0.04800000
1749241612,104369.39000000,0.04800000
1749241612,104368.70000000,0.04800000
1749241612,104368.60000000,0.00005000
1749241612,104368.45000000,0.00010000
1749241612,104367.97000000,0.47778000
1749241612,104367.96000000,1.18121000
1749241612,104367.76000000,0.00005000
1749241612,104367.74000000,0.96173000
1749241612,104367.17000000,0.04800000
1749241612,104366.04000000,0.04800000
1749241612,104366.02000000,0.04805000
1749241612,104365.84000000,0.00300000
1749241612,104365.48000000,0.95820000
1749241612,104365.22000000,0.00008000
1749241612,104364.93000000,1.16640000
1749241612,104364.14000000,0.04800000
1749241612,104364.02000000,0.58509000
1749241612,104364.00000000,0.00006000
1749241672,104381.69000000,0.80935000
1749241672,104381.68000000,0.00081000
1749241672,104381.66000000,0.00028000
1749241672,104381.61000000,0.00052000
1749241672,104381.60000000,0.00006000
1749241672,104381.35000000,0.00018000
1749241672,104381.34000000,0.04596000
1749241672,104380.82000000,0.00006000
1749241672,104380.52000000,0.00153000
1749241672,104379.76000000,0.00005000
1749241672,104379.60000000,0.00049000
1749241672,104379.24000000,0.31594000
1749241672,104379.10000000,0.00012000
1749241672,104379.09000000,0.05544000
1749241672,104378.82000000,0.00010000
1749241672,104378.76000000,0.00012000
1749241672,104378.75000000,0.02597000
1749241672,104377.63000000,0.16710000
1749241672,104377.62000000,0.02251000
1749241672,104377.44000000,0.00006000
1749241672,104377.43000000,0.00006000
1749241672,104377.22000000,0.00243000
1749241672,104377.13000000,0.00479000
1749241672,104376.63000000,0.00005000
1749241672,104376.36000000,0.00005000
1749241672,104376.04000000,0.00006000
1749241672,104376.03000000,0.19243000
1749241672,104375.81000000,0.00557000
1749241672,104375.00000000,0.00958000
1749241672,104374.88000000,0.00191000
1749241672,104374.64000000,0.34468000
1749241672,104374.06000000,0.00086000
1749241672,104373.90000000,0.00010000
1749241672,104373.68000000,0.00005000
1749241672,104373.45000000,0.05799000
1749241672,104373.00000000,0.00006000
1749241672,104372.91000000,0.00005000
1749241672,104372.83000000,0.34474000
1749241672,104372.37000000,0.00023000
1749241672,104372.26000000,0.39495000
1749241672,104372.25000000,0.30000000
1749241672,104371.88000000,0.00010000
1749241672,104371.48000000,0.13328000
1749241672,104371.25000000,0.00479000
1749241672,104371.03000000,0.00006000
1749241672,104370.79000000,0.11736000
1749241672,104370.68000000,0.00087000
1749241672,104370.50000000,0.00403000
1749241672,104370.48000000,0.02000000
1749241672,104370.38000000,0.00250000
1749241672,104370.13000000,0.19237000
1749241672,104370.02000000,0.34469000
1749241672,104370.00000000,0.00963000
1749241672,104369.82000000,0.04000000
1749241672,104369.76000000,0.00957000
1749241672,104369.47000000,0.00005000
1749241672,104369.42000000,0.04800000
1749241672,104369.39000000,0.04800000
1749241672,104369.28000000,0.00092000
1749241672,104369.23000000,0.00560000
1749241672,104368.90000000,0.00087000
1749241672,104368.76000000,0.01463000
1749241672,104368.60000000,0.00005000
1749241672,104368.45000000,0.00010000
1749241672,104367.47000000,0.01916000
1749241672,104367.22000000,0.00956000
1749241672,104367.17000000,0.04800000
1749241672,104367.06000000,0.47778000
1749241672,104367.05000000,0.85339000
1749241672,104366.04000000,0.04845000
1749241672,104366.03000000,0.00729000
1749241672,104366.02000000,0.04805000
1749241672,104365.84000000,0.00300000
1749241672,104365.70000000,0.34471000
1749241672,104365.48000000,0.95820000
1749241672,104365.22000000,0.00008000
1749241672,104365.14000000,0.02876000
1749241672,104364.71000000,0.01912000
1749241672,104364.15000000,0.19237000
1749241672,104364.14000000,0.04800000
1749241672,104364.02000000,0.58500000
1749241672,104364.00000000,0.00006000
1749241672,104363.52000000,0.00005000
1749241672,104363.50000000,0.96173000
1749241672,104363.25000000,0.44310000
1749241672,104363.17000000,0.01400000
1749241672,104363.08000000,0.01999000
1749241672,104362.90000000,0.02830000
1749241672,104362.58000000,0.00005000
1749241672,104360.82000000,0.00011000
1749241672,104360.81000000,0.04800000
1749241672,104360.41000000,0.00011000
1749241672,104360.40000000,0.05905000
1749241672,104360.32000000,0.00535000
1749241672,104360.00000000,0.01916000
1749241672,104359.93000000,0.00005000
1749241672,104359.78000000,0.04800000
1749241672,104359.59000000,0.31848000
1749241672,104359.14000000,0.00005000
1749241672,104358.88000000,0.00200000
1749241738,104369.69000000,1.47741000
1749241738,104369.68000000,0.00061000
1749241738,104369.54000000,0.00018000
1749241738,104369.53000000,0.01957000
1749241738,104369.52000000,0.04829000
1749241738,104369.33000000,0.00006000
1749241738,104369.22000000,0.00012000
1749241738,104369.21000000,0.00006000
1749241738,104369.17000000,0.00005000
1749241738,104368.97000000,0.00012000
1749241738,104368.96000000,0.02602000
1749241738,104368.86000000,0.00012000
1749241738,104368.85000000,0.21656000
1749241738,104368.84000000,0.04200000
1749241738,104368.45000000,0.00143000
1749241738,104367.94000000,0.00010000
1749241738,104367.60000000,0.00050000
1749241738,104367.41000000,0.31608000
1749241738,104367.24000000,0.00005000
1749241738,104366.40000000,0.04006000
1749241738,104365.25000000,0.02245000
1749241738,104364.47000000,0.00479000
1749241738,104363.64000000,0.34477000
1749241738,104363.52000000,0.00005000
1749241738,104363.36000000,0.00560000
1749241738,104363.21000000,0.09574000
1749241738,104362.58000000,0.00005000
1749241738,104362.41000000,0.28025000
1749241738,104362.26000000,0.19237000
1749241738,104362.00000000,0.00010000
1749241738,104361.86000000,0.34472000
1749241738,104361.77000000,0.00999000
1749241738,104360.54000000,0.13212000
1749241738,104359.53000000,0.00191000
1749241738,104359.28000000,0.09864000
1749241738,104359.27000000,0.16479000
1749241738,104359.14000000,0.00005000
1749241738,104358.98000000,0.01462000
1749241738,104358.81000000,0.34473000
1749241738,104358.55000000,0.01955000
1749241738,104358.44000000,0.00005000
1749241738,104358.24000000,0.00010000
1749241738,104358.13000000,0.02000000
1749241738,104357.97000000,0.00088000
1749241738,104357.96000000,0.01916000
1749241738,104357.88000000,0.40136000
1749241738,104357.87000000,0.30000000
1749241738,104357.74000000,0.00093000
1749241738,104357.18000000,0.00410000
1749241738,104357.07000000,0.04800000
1749241738,104357.04000000,0.04800000
1749241738,104357.00000000,0.00956000
1749241738,104355.83000000,0.02876000
1749241738,104355.69000000,0.00005000
1749241738,104354.77000000,0.00008000
1749241738,104354.71000000,0.34474000
1749241738,104354.60000000,0.05588000
1749241738,104354.49000000,0.01912000
1749241738,104354.16000000,0.19237000
1749241738,104354.05000000,0.00700000
1749241738,104354.04000000,0.00045000
1749241738,104353.93000000,0.01999000
1749241738,104353.36000000,0.00005000
1749241738,104353.09000000,0.04800000
1749241738,104352.82000000,0.04800000
1749241738,104352.25000000,0.00005000
1749241738,104352.00000000,0.01140000
1749241738,104351.95000000,0.04800000
1749241738,104351.93000000,0.04800000
1749241738,104351.54000000,0.68775000
1749241738,104351.53000000,0.96173000
1749241738,104350.19000000,0.00011000
1749241738,104350.00000000,0.01140000
1749241738,104348.94000000,0.19237000
1749241738,104348.83000000,0.69463000
1749241738,104348.81000000,0.00084000
1749241738,104348.78000000,0.04800000
1749241738,104348.70000000,0.28746000
1749241738,104348.54000000,0.00178000
1749241738,104348.28000000,0.00005000
1749241738,104348.00000000,0.00200000
1749241738,104347.82000000,0.07213000
1749241738,104347.77000000,0.00131000
1749241738,104347.34000000,0.83675000
1749241738,104347.33000000,0.96173000
1749241738,104347.31000000,0.47778000
1749241738,104347.26000000,0.00103000
1749241738,104346.73000000,0.04800000
1749241738,104346.72000000,0.04800000
1749241738,104346.70000000,0.04800000
1749241738,104346.18000000,0.02312000
1749241738,104346.17000000,0.47910000
1749241738,104346.00000000,0.00006000
1749241738,104345.36000000,0.00005000
1749241738,104344.32000000,0.00008000
1749241738,104344.00000000,0.00200000
1749241738,104343.61000000,0.19582000
1749241738,104343.20000000,0.00005000
1749241738,104342.61000000,0.00010000
1749241738,104342.58000000,0.00010000
1749241799,104357.09000000,4.09618000
1749241799,104357.08000000,0.00076000
1749241799,104357.06000000,0.00018000
1749241799,104356.92000000,0.00016000
1749241799,104356.88000000,0.00018000
1749241799,104356.87000000,0.15599000
1749241799,104356.86000000,0.06339000
1749241799,104356.84000000,0.00018000
1749241799,104356.83000000,0.02602000
1749241799,104356.12000000,0.00012000
1749241799,104356.11000000,0.04497000
1749241799,104355.78000000,0.00143000
1749241799,104355.69000000,0.00005000
1749241799,104355.29000000,0.00006000
1749241799,104355.28000000,0.07224000
1749241799,104355.00000000,0.00050000
1749241799,104354.71000000,0.00005000
1749241799,104354.14000000,0.00006000
1749241799,104354.13000000,0.34480000
1749241799,104353.36000000,0.00005000
1749241799,104353.19000000,0.02238000
1749241799,104353.09000000,0.04806000
1749241799,104352.32000000,0.02874000
1749241799,104352.25000000,0.00005000
1749241799,104351.95000000,0.04800000
1749241799,104351.93000000,0.04800000
1749241799,104351.87000000,0.00479000
1749241799,104351.70000000,0.02000000
1749241799,104351.69000000,0.43656000
1749241799,104351.68000000,0.34475000
1749241799,104350.37000000,0.00560000
1749241799,104350.30000000,0.28000000
1749241799,104350.21000000,0.34476000
1749241799,104350.04000000,0.00250000
1749241799,104350.00000000,0.00009000
1749241799,104349.53000000,0.01912000
1749241799,104349.32000000,0.05552000
1749241799,104348.94000000,0.19237000
1749241799,104348.83000000,0.06963000
1749241799,104348.81000000,0.00073000
1749241799,104348.78000000,0.04800000
1749241799,104348.54000000,0.00178000
1749241799,104348.33000000,0.00191000
1749241799,104348.28000000,0.00005000
1749241799,104348.09000000,0.34476000
1749241799,104348.00000000,0.00200000
1749241799,104347.95000000,0.00479000
1749241799,104347.77000000,0.00131000
1749241799,104347.34000000,0.45740000
1749241799,104347.26000000,0.00103000
1749241799,104346.73000000,0.04800000
1749241799,104346.72000000,0.04800000
1749241799,104346.70000000,0.04800000
1749241799,104346.65000000,0.00250000
1749241799,104346.00000000,0.00006000
1749241799,104345.54000000,0.01916000
1749241799,104345.36000000,0.00005000
1749241799,104345.14000000,0.02000000
1749241799,104344.97000000,0.00006000
1749241799,104344.32000000,0.00008000
1749241799,104344.04000000,0.04800000
1749241799,104344.00000000,0.00200000
1749241799,104343.61000000,0.19537000
1749241799,104343.20000000,0.00005000
1749241799,104342.80000000,0.06642000
1749241799,104342.66000000,0.02312000
1749241799,104342.65000000,0.96173000
1749241799,104342.61000000,0.00010000
1749241799,104342.58000000,0.00010000
1749241799,104342.32000000,0.89014000
1749241799,104342.21000000,0.00144000
1749241799,104342.06000000,0.00958000
1749241799,104341.92000000,0.00005000
1749241799,104341.44000000,0.00772000
1749241799,104340.73000000,0.01999000
1749241799,104340.25000000,0.07213000
1749241799,104340.00000000,0.02126000
1749241799,104339.90000000,0.04800000
1749241799,104339.79000000,0.00010000
1749241799,104339.04000000,0.28746000
1749241799,104338.48000000,0.00005000
1749241799,104338.40000000,0.96173000
1749241799,104338.39000000,0.58500000
1749241799,104338.36000000,0.47910000
1749241799,104338.12000000,0.00005000
1749241799,104338.11000000,0.19237000
1749241799,104337.79000000,0.00011000
1749241799,104337.08000000,0.71759000
1749241799,104337.00000000,0.00006000
1749241799,104336.85000000,0.38328000
1749241799,104336.66000000,0.28746000
1749241799,104336.45000000,0.00005000
1749241799,104336.15000000,0.00011000
1749241799,104336.14000000,0.00958000
1749241799,104336.00000000,0.00200000
1749241799,104335.95000000,0.04800000
1749241799,104335.53000000,0.00045000
1749241799,104335.51000000,0.00010000
1749241799,104335.03000000,0.00005000
1749241799,104334.35000000,0.02876000
1749241860,104355.82000000,2.65845000
1749241860,104355.81000000,0.00041000
1749241860,104355.80000000,0.00013000
1749241860,104355.78000000,0.00006000
1749241860,104355.76000000,0.00006000
1749241860,104355.57000000,0.00006000
1749241860,104355.56000000,0.00006000
1749241860,104355.55000000,0.00006000
1749241860,104355.02000000,0.00012000
1749241860,104355.01000000,0.21337000
1749241860,104355.00000000,0.05213000
1749241860,104354.93000000,0.02248000
1749241860,104354.50000000,0.00143000
1749241860,104354.49000000,0.00012000
1749241860,104354.48000000,0.31612000
1749241860,104353.73000000,0.00050000
1749241860,104353.67000000,0.00005000
1749241860,104353.64000000,0.02011000
1749241860,104353.25000000,0.00012000
1749241860,104353.24000000,0.34481000
1749241860,104352.66000000,0.00107000
1749241860,104352.65000000,0.00006000
1749241860,104352.64000000,0.40949000
1749241860,104352.54000000,0.02268000
1749241860,104351.87000000,0.00479000
1749241860,104350.43000000,0.05878000
1749241860,104350.37000000,0.00560000
1749241860,104350.24000000,0.28000000
1749241860,104350.04000000,0.00250000
1749241860,104350.00000000,0.00009000
1749241860,104349.47000000,0.01920000
1749241860,104348.84000000,0.47778000
1749241860,104348.83000000,0.06963000
1749241860,104348.81000000,0.00073000
1749241860,104348.64000000,0.53713000
1749241860,104348.54000000,0.00178000
1749241860,104348.33000000,0.00191000
1749241860,104348.28000000,0.00005000
1749241860,104348.04000000,0.12901000
1749241860,104348.00000000,0.00200000
1749241860,104347.77000000,0.00131000
1749241860,104347.26000000,0.00103000
1749241860,104347.11000000,0.09864000
1749241860,104347.09000000,0.04800000
1749241860,104346.73000000,0.43621000
1749241860,104346.65000000,0.00250000
1749241860,104346.00000000,0.00006000
1749241860,104345.38000000,0.58979000
1749241860,104345.36000000,0.00005000
1749241860,104345.14000000,0.02000000
1749241860,104344.97000000,0.00006000
1749241860,104344.58000000,0.34477000
1749241860,104344.32000000,0.00008000
1749241860,104344.08000000,0.01912000
1749241860,104344.04000000,0.04800000
1749241860,104344.00000000,0.00200000
1749241860,104343.42000000,0.19237000
1749241860,104343.40000000,0.02876000
1749241860,104343.20000000,0.00005000
1749241860,104343.17000000,0.34478000
1749241860,104342.79000000,0.01999000
1749241860,104342.61000000,0.00010000
1749241860,104342.58000000,0.00010000
1749241860,104342.32000000,0.61305000
1749241860,104342.21000000,0.00144000
1749241860,104342.06000000,0.00958000
1749241860,104341.92000000,0.00005000
1749241860,104341.57000000,0.00956000
1749241860,104341.44000000,0.00728000
1749241860,104340.49000000,0.96173000
1749241860,104340.16000000,0.00300000
1749241860,104340.15000000,0.02231000
1749241860,104340.00000000,0.03084000
1749241860,104339.90000000,0.04800000
1749241860,104339.79000000,0.00010000
1749241860,104339.39000000,0.07213000
1749241860,104339.10000000,0.04800000
1749241860,104338.48000000,0.00005000
1749241860,104338.36000000,0.47910000
1749241860,104338.12000000,0.00005000
1749241860,104338.11000000,0.19237000
1749241860,104338.05000000,0.18659000
1749241860,104337.97000000,0.04800000
1749241860,104337.96000000,0.02312000
1749241860,104337.95000000,0.04800000
1749241860,104337.08000000,0.52788000
1749241860,104337.00000000,0.00006000
1749241860,104336.65000000,0.00011000
1749241860,104336.45000000,0.00005000
1749241860,104336.31000000,0.96173000
1749241860,104336.14000000,0.00958000
1749241860,104336.00000000,0.00200000
1749241860,104335.53000000,0.00045000
1749241860,104335.51000000,0.00010000
1749241860,104335.24000000,0.00011000
1749241860,104335.03000000,0.00005000
1749241860,104334.86000000,0.04800000
1749241860,104333.87000000,0.00008000
1749241860,104333.60000000,0.00434000
1749241860,104333.47000000,0.47778000
1749241921,104351.89000000,4.45566000
1749241921,104351.88000000,0.00036000
1749241921,104351.76000000,0.00006000
1749241921,104351.75000000,0.00006000
1749241921,104351.64000000,0.00006000
1749241921,104351.57000000,0.00006000
1749241921,104351.56000000,0.00006000
1749241921,104351.55000000,0.00006000
1749241921,104350.72000000,0.00012000
1749241921,104350.71000000,0.13952000
1749241921,104350.70000000,0.00005000
1749241921,104350.59000000,0.00153000
1749241921,104350.04000000,0.00250000
1749241921,104350.00000000,0.00009000
1749241921,104349.87000000,0.00006000
1749241921,104349.86000000,0.00020000
1749241921,104349.80000000,0.00049000
1749241921,104349.29000000,0.00012000
1749241921,104349.28000000,0.34482000
1749241921,104348.84000000,0.00012000
1749241921,104348.83000000,0.06969000
1749241921,104348.81000000,0.00073000
1749241921,104348.54000000,0.00178000
1749241921,104348.52000000,0.00012000
1749241921,104348.51000000,0.07219000
1749241921,104348.33000000,0.00191000
1749241921,104348.28000000,0.00005000
1749241921,104348.00000000,0.00200000
1749241921,104347.77000000,0.00131000
1749241921,104347.63000000,0.04006000
1749241921,104347.47000000,0.01967000
1749241921,104347.46000000,0.26751000
1749241921,104347.45000000,0.34483000
1749241921,104347.26000000,0.00103000
1749241921,104347.09000000,0.00006000
1749241921,104347.03000000,0.05347000
1749241921,104346.67000000,0.00479000
1749241921,104346.20000000,0.02870000
1749241921,104346.00000000,0.00006000
1749241921,104345.36000000,0.00005000
1749241921,104345.00000000,0.00958000
1749241921,104344.97000000,0.00006000
1749241921,104344.69000000,0.00479000
1749241921,104344.07000000,0.02000000
1749241921,104344.00000000,0.00200000
1749241921,104343.70000000,0.34478000
1749241921,104343.20000000,0.00005000
1749241921,104343.01000000,0.04800000
1749241921,104342.99000000,0.04800000
1749241921,104342.61000000,0.00010000
1749241921,104342.58000000,0.00010000
1749241921,104342.21000000,0.42261000
1749241921,104342.16000000,0.00999000
1749241921,104342.06000000,0.00958000
1749241921,104341.92000000,0.00005000
1749241921,104341.45000000,0.58979000
1749241921,104341.44000000,0.00249000
1749241921,104340.09000000,0.34479000
1749241921,104340.02000000,0.07213000
1749241921,104340.00000000,0.02126000
1749241921,104339.88000000,0.04800000
1749241921,104339.79000000,0.00010000
1749241921,104339.68000000,0.00560000
1749241921,104338.80000000,0.00249000
1749241921,104338.48000000,0.00005000
1749241921,104338.12000000,0.00005000
1749241921,104338.00000000,0.02312000
1749241921,104337.99000000,0.19237000
1749241921,104337.80000000,0.04800000
1749241921,104337.78000000,0.04800000
1749241921,104337.29000000,0.02877000
1749241921,104337.12000000,0.96173000
1749241921,104337.11000000,0.91585000
1749241921,104337.00000000,0.00006000
1749241921,104336.78000000,0.00479000
1749241921,104336.24000000,0.00479000
1749241921,104336.23000000,0.00300000
1749241921,104336.14000000,0.00958000
1749241921,104336.04000000,0.02291000
1749241921,104336.00000000,0.00200000
1749241921,104335.75000000,0.04800000
1749241921,104335.53000000,0.00045000
1749241921,104335.51000000,0.00010000
1749241921,104335.03000000,0.00005000
1749241921,104334.96000000,0.00700000
1749241921,104333.87000000,0.00008000
1749241921,104333.78000000,0.04800000
1749241921,104333.47000000,0.47778000
1749241921,104333.14000000,0.00006000
1749241921,104333.04000000,0.00005000
1749241921,104332.77000000,0.00011000
1749241921,104332.76000000,1.13438000
1749241921,104332.66000000,0.96173000
1749241921,104332.65000000,0.19237000
1749241921,104332.64000000,0.04800000
1749241921,104332.62000000,0.04800000
1749241921,104332.48000000,0.01999000
1749241921,104332.39000000,0.28747000
1749241921,104332.00000000,0.00200000
1749241921,104331.87000000,0.01400000
1749241981,104348.83000000,1.69280000
1749241981,104348.82000000,0.00092000
1749241981,104348.81000000,0.00006000
1749241981,104348.67000000,0.00018000
1749241981,104348.66000000,0.05301000
1749241981,104348.44000000,0.00006000
1749241981,104348.33000000,0.00012000
1749241981,104348.27000000,0.00006000
1749241981,104348.25000000,0.00012000
1749241981,104348.24000000,0.04896000
1749241981,104348.11000000,0.00012000
1749241981,104348.10000000,0.02286000
1749241981,104348.06000000,0.00012000
1749241981,104348.05000000,0.46584000
1749241981,104348.04000000,0.00012000
1749241981,104348.03000000,0.31614000
1749241981,104348.00000000,0.00247000
1749241981,104347.77000000,0.00131000
1749241981,104347.26000000,0.00103000
1749241981,104347.20000000,0.04006000
1749241981,104346.80000000,0.00143000
1749241981,104346.74000000,0.00050000
1749241981,104346.25000000,0.02006000
1749241981,104346.00000000,0.00006000
1749241981,104345.90000000,0.00101000
1749241981,104345.88000000,0.00130000
1749241981,104345.85000000,0.04006000
1749241981,104345.74000000,0.00124000
1749241981,104345.42000000,0.00023000
1749241981,104345.41000000,0.34483000
1749241981,104345.36000000,0.00005000
1749241981,104345.00000000,0.00958000
1749241981,104344.86000000,0.01867000
1749241981,104344.00000000,0.00200000
1749241981,104343.61000000,0.00479000
1749241981,104343.49000000,0.34478000
1749241981,104343.43000000,0.00957000
1749241981,104343.20000000,0.00005000
1749241981,104342.65000000,0.08000000
1749241981,104342.61000000,0.00010000
1749241981,104342.58000000,0.00010000
1749241981,104342.45000000,0.16000000
1749241981,104342.25000000,0.39075000
1749241981,104342.21000000,0.00144000
1749241981,104342.13000000,0.00191000
1749241981,104342.06000000,0.00958000
1749241981,104341.93000000,0.00107000
1749241981,104341.92000000,0.00005000
1749241981,104341.44000000,0.00249000
1749241981,104341.01000000,0.34479000
1749241981,104340.00000000,0.02126000
1749241981,104339.88000000,0.00999000
1749241981,104339.79000000,0.00010000
1749241981,104339.68000000,0.00560000
1749241981,104339.07000000,0.01914000
1749241981,104338.80000000,0.00249000
1749241981,104338.66000000,0.05750000
1749241981,104338.48000000,0.00005000
1749241981,104338.40000000,0.00479000
1749241981,104338.39000000,0.58500000
1749241981,104338.12000000,0.00005000
1749241981,104338.05000000,0.09575000
1749241981,104337.40000000,0.12744000
1749241981,104337.07000000,0.30759000
1749241981,104337.06000000,0.34480000
1749241981,104337.01000000,0.09575000
1749241981,104337.00000000,0.00006000
1749241981,104336.98000000,0.09575000
1749241981,104336.77000000,0.01916000
1749241981,104336.76000000,0.09575000
1749241981,104336.23000000,0.00300000
1749241981,104336.14000000,0.00958000
1749241981,104336.00000000,0.00200000
1749241981,104335.53000000,0.00045000
1749241981,104335.51000000,0.00010000
1749241981,104335.03000000,0.00005000
1749241981,104334.41000000,0.02877000
1749241981,104334.18000000,0.00700000
1749241981,104333.87000000,0.00008000
1749241981,104333.78000000,0.04800000
1749241981,104333.37000000,0.01999000
1749241981,104333.20000000,0.19237000
1749241981,104333.19000000,0.04800000
1749241981,104333.14000000,0.00006000
1749241981,104333.04000000,0.00005000
1749241981,104332.64000000,0.04800000
1749241981,104332.62000000,0.04800000
1749241981,104332.45000000,0.00729000
1749241981,104332.00000000,0.00200000
1749241981,104331.87000000,0.01400000
1749241981,104331.59000000,0.00005000
1749241981,104331.41000000,0.96173000
1749241981,104331.40000000,1.06177000
1749241981,104331.35000000,0.47778000
1749241981,104330.59000000,0.00010000
1749241981,104329.93000000,0.00011000
1749241981,104329.92000000,0.02000000
1749241981,104328.87000000,0.00011000
1749241981,104328.85000000,0.04800000
1749241981,104328.62000000,0.00005000
1749242042,104360.64000000,1.47212000
1749242042,104360.63000000,0.04153000
1749242042,104360.49000000,0.00006000
1749242042,104360.48000000,0.01886000
1749242042,104360.36000000,0.00006000
1749242042,104360.35000000,0.00006000
1749242042,104360.34000000,0.00006000
1749242042,104359.81000000,0.00018000
1749242042,104359.80000000,0.04359000
1749242042,104359.37000000,0.00012000
1749242042,104359.36000000,0.04470000
1749242042,104359.32000000,0.00143000
1749242042,104358.90000000,0.00152000
1749242042,104358.55000000,0.00050000
1749242042,104358.18000000,0.02011000
1749242042,104358.14000000,0.00010000
1749242042,104358.07000000,0.00012000
1749242042,104358.06000000,0.02592000
1749242042,104357.92000000,0.00012000
1749242042,104357.91000000,0.04006000
1749242042,104357.85000000,0.00005000
1749242042,104356.72000000,0.27264000
1749242042,104356.71000000,0.34480000
1749242042,104356.47000000,0.34474000
1749242042,104356.33000000,0.00192000
1749242042,104356.18000000,0.04000000
1749242042,104355.76000000,0.00005000
1749242042,104355.69000000,0.00005000
1749242042,104355.42000000,0.00717000
1749242042,104353.36000000,0.00005000
1749242042,104353.14000000,0.34475000
1749242042,104352.25000000,0.00005000
1749242042,104351.85000000,0.00958000
1749242042,104351.43000000,0.01915000
1749242042,104350.19000000,0.00560000
1749242042,104349.03000000,0.09864000
1749242042,104349.02000000,0.47778000
1749242042,104349.01000000,0.09574000
1749242042,104348.87000000,0.19237000
1749242042,104348.86000000,1.47217000
1749242042,104348.85000000,4.43295000
1749242042,104348.84000000,0.32443000
1749242042,104348.83000000,0.00282000
1749242042,104348.81000000,0.00005000
1749242042,104348.28000000,0.00005000
1749242042,104348.11000000,0.00009000
1749242042,104348.00000000,0.00247000
1749242042,104347.96000000,0.09574000
1749242042,104347.77000000,0.00131000
1749242042,104347.29000000,0.00010000
1749242042,104347.26000000,0.00103000
1749242042,104346.92000000,0.09574000
1749242042,104346.86000000,0.14719000
1749242042,104346.17000000,0.02876000
1749242042,104346.02000000,0.05473000
1749242042,104346.00000000,0.00006000
1749242042,104345.90000000,0.00101000
1749242042,104345.88000000,0.00130000
1749242042,104345.87000000,0.09574000
1749242042,104345.74000000,0.00124000
1749242042,104345.36000000,0.00005000
1749242042,104344.99000000,0.00045000
1749242042,104344.98000000,0.00300000
1749242042,104344.65000000,0.12664000
1749242042,104344.56000000,0.06669000
1749242042,104344.32000000,0.00008000
1749242042,104344.00000000,0.00200000
1749242042,104343.72000000,0.02340000
1749242042,104343.65000000,0.19237000
1749242042,104343.64000000,0.04800000
1749242042,104343.61000000,0.00479000
1749242042,104343.43000000,0.04800000
1749242042,104343.40000000,0.04800000
1749242042,104343.20000000,0.00005000
1749242042,104342.61000000,0.00010000
1749242042,104342.58000000,0.00010000
1749242042,104342.25000000,0.44661000
1749242042,104342.21000000,0.00144000
1749242042,104342.18000000,0.00011000
1749242042,104342.17000000,0.02000000
1749242042,104342.06000000,0.00958000
1749242042,104341.92000000,0.00005000
1749242042,104341.44000000,0.00249000
1749242042,104341.31000000,0.07150000
1749242042,104341.09000000,0.04800000
1749242042,104340.94000000,0.00958000
1749242042,104340.40000000,0.00011000
1749242042,104340.00000000,0.02126000
1749242042,104339.79000000,0.00010000
1749242042,104339.27000000,0.04800000
1749242042,104338.48000000,0.00005000
1749242042,104338.42000000,0.19237000
1749242042,104338.39000000,0.58500000
1749242042,104338.24000000,0.04800000
1749242042,104338.17000000,0.07213000
1749242042,104338.12000000,0.04805000
1749242042,104337.77000000,0.28747000
1749242042,104337.22000000,0.04800000
1749242042,104337.20000000,0.04800000
1749242042,104337.07000000,0.35562000
1749242103,104349.27000000,1.14318000
1749242103,104349.26000000,0.00074000
1749242103,104349.20000000,0.00006000
1749242103,104349.19000000,0.00006000
1749242103,104349.15000000,0.00012000
1749242103,104349.11000000,0.00006000
1749242103,104349.01000000,0.00006000
1749242103,104349.00000000,0.00006000
1749242103,104348.99000000,0.00012000
1749242103,104348.98000000,0.25964000
1749242103,104348.97000000,0.31624000
1749242103,104348.84000000,0.00268000
1749242103,104348.83000000,0.00282000
1749242103,104348.12000000,0.00143000
1749242103,104348.11000000,0.00009000
1749242103,104348.00000000,0.00247000
1749242103,104347.88000000,0.02254000
1749242103,104347.77000000,0.00131000
1749242103,104347.26000000,0.00103000
1749242103,104347.18000000,0.00050000
1749242103,104346.76000000,0.00100000
1749242103,104346.43000000,0.01466000
1749242103,104346.05000000,0.00016000
1749242103,104346.00000000,0.00006000
1749242103,104345.88000000,0.00142000
1749242103,104345.87000000,0.34483000
1749242103,104345.74000000,0.00124000
1749242103,104345.54000000,0.00479000
1749242103,104345.00000000,0.00958000
1749242103,104344.88000000,0.00191000
1749242103,104344.51000000,0.02194000
1749242103,104344.21000000,0.04784000
1749242103,104344.05000000,0.00525000
1749242103,104344.00000000,0.00200000
1749242103,104343.20000000,0.00005000
1749242103,104342.58000000,0.00010000
1749242103,104342.06000000,0.00958000
1749242103,104341.92000000,0.00005000
1749242103,104341.90000000,0.00012000
1749242103,104341.89000000,0.09876000
1749242103,104341.88000000,0.50995000
1749242103,104341.87000000,0.34479000
1749242103,104341.60000000,0.04000000
1749242103,104341.44000000,0.00249000
1749242103,104341.00000000,0.26000000
1749242103,104340.85000000,0.01956000
1749242103,104340.33000000,0.00729000
1749242103,104340.13000000,0.00999000
1749242103,104340.00000000,0.02126000
1749242103,104339.79000000,0.00010000
1749242103,104339.19000000,0.00560000
1749242103,104338.83000000,0.58500000
1749242103,104338.63000000,0.34480000
1749242103,104338.61000000,0.05634000
1749242103,104338.48000000,0.00005000
1749242103,104338.36000000,0.00088000
1749242103,104338.12000000,0.00005000
1749242103,104338.09000000,0.00089000
1749242103,104337.78000000,0.00088000
1749242103,104337.27000000,0.22280000
1749242103,104337.23000000,0.34480000
1749242103,104337.00000000,0.00006000
1749242103,104336.49000000,0.00092000
1749242103,104336.14000000,0.00958000
1749242103,104336.00000000,0.00200000
1749242103,104335.78000000,0.12686000
1749242103,104335.64000000,0.00406000
1749242103,104335.53000000,0.00045000
1749242103,104335.51000000,0.00010000
1749242103,104335.12000000,0.02874000
1749242103,104335.03000000,0.00005000
1749242103,104333.87000000,0.00008000
1749242103,104333.62000000,0.00729000
1749242103,104333.19000000,0.19237000
1749242103,104333.14000000,0.00006000
1749242103,104333.04000000,0.00005000
1749242103,104332.97000000,0.04800000
1749242103,104332.33000000,0.02877000
1749242103,104332.15000000,0.01999000
1749242103,104332.00000000,0.00200000
1749242103,104331.88000000,0.04800000
1749242103,104331.87000000,0.01400000
1749242103,104331.84000000,0.04800000
1749242103,104331.82000000,0.04800000
1749242103,104331.59000000,0.00005000
1749242103,104331.46000000,0.47778000
1749242103,104331.45000000,0.96173000
1749242103,104331.44000000,0.86124000
1749242103,104330.90000000,0.00011000
1749242103,104330.59000000,0.00010000
1749242103,104329.94000000,0.00145000
1749242103,104329.27000000,0.00011000
1749242103,104329.26000000,0.02000000
1749242103,104328.74000000,0.04800000
1749242103,104328.62000000,0.00005000
1749242103,104328.17000000,0.04800000
1749242103,104328.15000000,0.00005000
1749242103,104328.00000000,0.00206000
1749242103,104327.97000000,0.19237000
1749242103,104327.96000000,0.00005000
1749242169,104311.52000000,3.63411000
1749242169,104311.51000000,0.00771000
1749242169,104311.48000000,0.00024000
1749242169,104311.47000000,0.04668000
1749242169,104311.10000000,0.00006000
1749242169,104310.85000000,0.00006000
1749242169,104310.84000000,0.00006000
1749242169,104310.83000000,0.00006000
1749242169,104310.37000000,0.00005000
1749242169,104310.30000000,0.00143000
1749242169,104310.24000000,0.00068000
1749242169,104310.04000000,0.00012000
1749242169,104310.03000000,0.05003000
1749242169,104310.00000000,0.00011000
1749242169,104309.91000000,0.00074000
1749242169,104309.64000000,0.00084000
1749242169,104309.63000000,0.00012000
1749242169,104309.62000000,0.02301000
1749242169,104309.16000000,0.00012000
1749242169,104309.15000000,0.28113000
1749242169,104309.14000000,0.34495000
1749242169,104309.08000000,0.00166000
1749242169,104308.53000000,0.00192000
1749242169,104308.00000000,0.00210000
1749242169,104307.87000000,0.09583000
1749242169,104307.64000000,0.00005000
1749242169,104307.53000000,0.34496000
1749242169,104307.50000000,0.02883000
1749242169,104306.72000000,0.04806000
1749242169,104306.71000000,0.02000000
1749242169,104306.30000000,0.00479000
1749242169,104306.22000000,0.07213000
1749242169,104306.05000000,0.00999000
1749242169,104306.03000000,0.00898000
1749242169,104305.96000000,0.01876000
1749242169,104305.72000000,0.01918000
1749242169,104305.64000000,0.04800000
1749242169,104305.63000000,0.04800000
1749242169,104305.58000000,0.04800000
1749242169,104305.56000000,0.04800000
1749242169,104304.65000000,0.00023000
1749242169,104304.51000000,0.34491000
1749242169,104304.05000000,0.00005000
1749242169,104304.00000000,0.00220000
1749242169,104303.91000000,0.05244000
1749242169,104303.66000000,0.00010000
1749242169,104303.63000000,0.00479000
1749242169,104303.36000000,1.28827000
1749242169,104303.35000000,0.47778000
1749242169,104303.33000000,0.34491000
1749242169,104303.02000000,0.00014000
1749242169,104302.76000000,0.00728000
1749242169,104302.56000000,0.00005000
1749242169,104302.45000000,0.04800000
1749242169,104302.35000000,0.19237000
1749242169,104302.34000000,0.02317000
1749242169,104302.33000000,0.96173000
1749242169,104302.32000000,1.67621000
1749242169,104302.31000000,0.00300000
1749242169,104302.22000000,0.00006000
1749242169,104301.41000000,0.00560000
1749242169,104301.38000000,0.04800000
1749242169,104301.30000000,0.00005000
1749242169,104301.08000000,0.58500000
1749242169,104301.00000000,0.00006000
1749242169,104300.90000000,0.28749000
1749242169,104300.58000000,0.01400000
1749242169,104300.41000000,0.04800000
1749242169,104300.38000000,0.04800000
1749242169,104300.36000000,0.04800000
1749242169,104300.31000000,0.02009000
1749242169,104300.00000000,0.02850000
1749242169,104299.22000000,0.40260000
1749242169,104297.97000000,0.81849000
1749242169,104297.55000000,0.00729000
1749242169,104297.48000000,0.00005000
1749242169,104297.40000000,0.00010000
1749242169,104297.25000000,0.00188000
1749242169,104297.21000000,0.00105000
1749242169,104297.20000000,0.00144000
1749242169,104297.17000000,0.00005000
1749242169,104297.16000000,0.07213000
1749242169,104296.62000000,0.00006000
1749242169,104296.61000000,0.19237000
1749242169,104296.41000000,0.28749000
1749242169,104296.06000000,0.00038000
1749242169,104296.00000000,0.00220000
1749242169,104295.88000000,0.00044000
1749242169,104295.87000000,0.00250000
1749242169,104295.60000000,0.00010000
1749242169,104295.57000000,0.00479000
1749242169,104295.55000000,0.28749000
1749242169,104295.44000000,1.27526000
1749242169,104295.43000000,0.96173000
1749242169,104295.42000000,0.00484000
1749242169,104294.99000000,0.28749000
1749242169,104294.75000000,0.00010000
1749242169,104293.96000000,1.13136000
1749242169,104293.88000000,0.00019000
1749242169,104293.73000000,0.00005000
1749242230,104305.37000000,1.16081000
1749242230,104305.36000000,0.01232000
1749242230,104305.28000000,0.00006000
1749242230,104305.27000000,0.00018000
1749242230,104305.26000000,2.87654000
1749242230,104305.25000000,0.00006000
1749242230,104305.10000000,0.00006000
1749242230,104305.00000000,0.02199000
1749242230,104304.40000000,0.00143000
1749242230,104304.24000000,0.05802000
1749242230,104304.05000000,0.00005000
1749242230,104304.00000000,0.00220000
1749242230,104303.96000000,0.00088000
1749242230,104303.85000000,0.00132000
1749242230,104303.28000000,0.00050000
1749242230,104303.02000000,0.00014000
1749242230,104302.56000000,0.00005000
1749242230,104302.51000000,0.01472000
1749242230,104302.35000000,0.00019000
1749242230,104302.34000000,0.00073000
1749242230,104302.33000000,0.00037000
1749242230,104302.32000000,1.67757000
1749242230,104301.92000000,0.34498000
1749242230,104301.42000000,0.00009000
1749242230,104301.41000000,0.00560000
1749242230,104301.19000000,0.04006000
1749242230,104301.09000000,0.00250000
1749242230,104301.00000000,0.00006000
1749242230,104300.61000000,0.00005000
1749242230,104300.58000000,0.01406000
1749242230,104300.10000000,0.04810000
1749242230,104300.03000000,0.00479000
1749242230,104300.00000000,0.02850000
1749242230,104299.65000000,0.13411000
1749242230,104299.64000000,0.34493000
1749242230,104298.69000000,0.00958000
1749242230,104298.38000000,0.01902000
1749242230,104298.09000000,0.00087000
1749242230,104297.48000000,0.00005000
1749242230,104297.40000000,0.00010000
1749242230,104297.17000000,0.00005000
1749242230,104297.07000000,0.00087000
1749242230,104297.05000000,0.00091000
1749242230,104296.82000000,0.05188000
1749242230,104296.18000000,0.00400000
1749242230,104296.06000000,0.00038000
1749242230,104296.00000000,0.00220000
1749242230,104295.96000000,0.00959000
1749242230,104295.87000000,0.00250000
1749242230,104295.60000000,0.00010000
1749242230,104295.56000000,0.23873000
1749242230,104295.55000000,0.34494000
1749242230,104294.82000000,0.00479000
1749242230,104294.75000000,0.00010000
1749242230,104294.53000000,0.00088000
1749242230,104294.06000000,0.00958000
1749242230,104293.88000000,0.00019000
1749242230,104293.73000000,0.00005000
1749242230,104293.22000000,0.01916000
1749242230,104292.65000000,0.00005000
1749242230,104292.40000000,0.00005000
1749242230,104292.28000000,0.34495000
1749242230,104292.07000000,0.00008000
1749242230,104292.00000000,0.00226000
1749242230,104291.98000000,0.00010000
1749242230,104290.66000000,0.01999000
1749242230,104290.61000000,0.12766000
1749242230,104290.35000000,0.00600000
1749242230,104290.27000000,0.46682000
1749242230,104289.72000000,0.00729000
1749242230,104289.61000000,0.00044000
1749242230,104289.29000000,0.00010000
1749242230,104288.71000000,0.02877000
1749242230,104288.60000000,0.47916000
1749242230,104288.31000000,0.00484000
1749242230,104288.00000000,0.00220000
1749242230,104287.79000000,0.47916000
1749242230,104287.50000000,0.04800000
1749242230,104287.48000000,0.02000000
1749242230,104287.32000000,0.00005000
1749242230,104286.84000000,0.00005000
1749242230,104286.58000000,0.00011000
1749242230,104286.57000000,0.00010000
1749242230,104286.44000000,0.96173000
1749242230,104286.43000000,0.04800000
1749242230,104286.41000000,0.24037000
1749242230,104286.36000000,0.04800000
1749242230,104286.34000000,0.04800000
1749242230,104286.19000000,0.58500000
1749242230,104285.22000000,0.00011000
1749242230,104285.21000000,0.00485000
1749242230,104285.19000000,0.19490000
1749242230,104284.25000000,0.00192000
1749242230,104284.03000000,0.02236000
1749242230,104284.00000000,0.00235000
1749242230,104283.99000000,0.00005000
1749242230,104283.78000000,0.00023000
1749242230,104283.63000000,0.00010000
1749242230,104283.26000000,0.00006000
1749242230,104283.24000000,0.04800000
1749242296,104305.26000000,3.38872000
1749242296,104305.25000000,0.00061000
1749242296,104305.15000000,0.00018000
1749242296,104305.14000000,0.05025000
1749242296,104304.83000000,0.00006000
1749242296,104304.82000000,0.00006000
1749242296,104304.41000000,0.00011000
1749242296,104304.40000000,0.00159000
1749242296,104304.00000000,0.00220000
1749242296,104303.96000000,0.00088000
1749242296,104303.85000000,0.00132000
1749242296,104303.17000000,0.00050000
1749242296,104303.02000000,0.00014000
1749242296,104302.93000000,0.00012000
1749242296,104302.92000000,0.64920000
1749242296,104302.91000000,0.34639000
1749242296,104302.34000000,0.00073000
1749242296,104302.33000000,0.00012000
1749242296,104302.32000000,1.67762000
1749242296,104301.43000000,0.05219000
1749242296,104301.19000000,0.04006000
1749242296,104301.09000000,0.00250000
1749242296,104301.00000000,0.00006000
1749242296,104300.58000000,0.01406000
1749242296,104300.36000000,0.04006000
1749242296,104300.15000000,0.00492000
1749242296,104300.03000000,0.00479000
1749242296,104300.00000000,0.02839000
1749242296,104299.99000000,0.23514000
1749242296,104299.96000000,0.02178000
1749242296,104299.83000000,0.01461000
1749242296,104299.72000000,0.34493000
1749242296,104299.36000000,0.08000000
1749242296,104299.27000000,0.00999000
1749242296,104298.86000000,0.08000000
1749242296,104298.26000000,0.16000000
1749242296,104298.09000000,0.00087000
1749242296,104297.48000000,0.00005000
1749242296,104297.40000000,0.00010000
1749242296,104297.17000000,0.00005000
1749242296,104297.05000000,0.00091000
1749242296,104296.82000000,0.05188000
1749242296,104296.48000000,0.01944000
1749242296,104296.18000000,0.00400000
1749242296,104296.06000000,0.00038000
1749242296,104296.00000000,0.00220000
1749242296,104295.87000000,0.00250000
1749242296,104295.60000000,0.00010000
1749242296,104295.56000000,0.23505000
1749242296,104295.55000000,0.34494000
1749242296,104294.82000000,0.00479000
1749242296,104294.75000000,0.00010000
1749242296,104294.53000000,0.00088000
1749242296,104294.52000000,0.00088000
1749242296,104294.00000000,0.00959000
1749242296,104293.88000000,0.00019000
1749242296,104293.73000000,0.00005000
1749242296,104293.30000000,0.34495000
1749242296,104292.65000000,0.00005000
1749242296,104292.40000000,0.00005000
1749242296,104292.07000000,0.00008000
1749242296,104292.00000000,0.00226000
1749242296,104291.99000000,0.01999000
1749242296,104291.98000000,0.00010000
1749242296,104290.63000000,0.00958000
1749242296,104290.61000000,0.12766000
1749242296,104289.80000000,0.01916000
1749242296,104289.72000000,0.00729000
1749242296,104289.61000000,0.00044000
1749242296,104289.29000000,0.00010000
1749242296,104289.03000000,0.00560000
1749242296,104288.31000000,0.00484000
1749242296,104288.00000000,0.00220000
1749242296,104287.50000000,0.04800000
1749242296,104287.48000000,0.02000000
1749242296,104287.32000000,0.00005000
1749242296,104287.06000000,0.00011000
1749242296,104286.84000000,0.00005000
1749242296,104286.57000000,0.00010000
1749242296,104286.51000000,0.90161000
1749242296,104286.50000000,0.47778000
1749242296,104286.49000000,0.19237000
1749242296,104286.48000000,0.96173000
1749242296,104286.43000000,0.04800000
1749242296,104286.41000000,0.04800000
1749242296,104286.36000000,0.04800000
1749242296,104286.34000000,0.04800000
1749242296,104286.19000000,0.58500000
1749242296,104285.99000000,0.00011000
1749242296,104285.93000000,0.02878000
1749242296,104285.25000000,0.02384000
1749242296,104285.21000000,0.00485000
1749242296,104284.25000000,0.00192000
1749242296,104284.00000000,0.00235000
1749242296,104283.99000000,0.00005000
1749242296,104283.78000000,0.00023000
1749242296,104283.73000000,0.07213000
1749242296,104283.63000000,0.00010000
1749242296,104283.26000000,0.00006000
1749242296,104283.24000000,0.04800000
1749242356,104305.27000000,4.95488000
1749242356,104305.26000000,3.20715000
1749242356,104305.25000000,0.00006000
1749242356,104305.15000000,0.00006000
1749242356,104305.14000000,0.00006000
1749242356,104305.00000000,0.05766000
1749242356,104304.96000000,0.00006000
1749242356,104304.83000000,0.00006000
1749242356,104304.41000000,0.00005000
1749242356,104304.40000000,0.00143000
1749242356,104304.14000000,0.05221000
1749242356,104304.08000000,0.07224000
1749242356,104304.00000000,0.00220000
1749242356,104303.96000000,0.00088000
1749242356,104303.85000000,0.00132000
1749242356,104303.49000000,0.09591000
1749242356,104303.22000000,0.04811000
1749242356,104303.20000000,0.02006000
1749242356,104303.18000000,0.00049000
1749242356,104303.02000000,0.00014000
1749242356,104302.91000000,0.00137000
1749242356,104302.56000000,0.00005000
1749242356,104302.37000000,0.02243000
1749242356,104302.34000000,0.00085000
1749242356,104302.33000000,0.66528000
1749242356,104302.32000000,1.67751000
1749242356,104302.13000000,0.04800000
1749242356,104302.10000000,0.04800000
1749242356,104302.09000000,0.04800000
1749242356,104302.07000000,0.05360000
1749242356,104301.74000000,0.34492000
1749242356,104301.53000000,0.04000000
1749242356,104301.09000000,0.00250000
1749242356,104301.00000000,0.00006000
1749242356,104300.58000000,0.01400000
1749242356,104300.03000000,0.00479000
1749242356,104300.00000000,0.03552000
1749242356,104299.96000000,0.02178000
1749242356,104299.92000000,0.25308000
1749242356,104299.89000000,0.34492000
1749242356,104299.18000000,0.04937000
1749242356,104299.08000000,0.34493000
1749242356,104298.89000000,0.04800000
1749242356,104297.87000000,0.04800000
1749242356,104297.56000000,0.00479000
1749242356,104297.48000000,0.00005000
1749242356,104297.40000000,0.00010000
1749242356,104297.17000000,0.00005000
1749242356,104296.86000000,0.04800000
1749242356,104296.85000000,0.04800000
1749242356,104296.83000000,0.04800000
1749242356,104296.48000000,0.01944000
1749242356,104296.30000000,0.07213000
1749242356,104296.06000000,0.00038000
1749242356,104296.00000000,0.00220000
1749242356,104295.87000000,0.00250000
1749242356,104295.62000000,0.00999000
1749242356,104295.60000000,0.75502000
1749242356,104295.59000000,0.96173000
1749242356,104295.55000000,0.34494000
1749242356,104295.24000000,0.01918000
1749242356,104294.91000000,0.02877000
1749242356,104294.82000000,0.00479000
1749242356,104294.75000000,0.00010000
1749242356,104293.88000000,0.00019000
1749242356,104293.73000000,0.00005000
1749242356,104292.65000000,0.00005000
1749242356,104292.40000000,0.00005000
1749242356,104292.36000000,0.19237000
1749242356,104292.07000000,0.00008000
1749242356,104292.00000000,0.00226000
1749242356,104291.98000000,0.00010000
1749242356,104290.71000000,0.02317000
1749242356,104290.70000000,0.96173000
1749242356,104290.54000000,1.00000000
1749242356,104290.22000000,0.00479000
1749242356,104289.72000000,0.00729000
1749242356,104289.61000000,0.00344000
1749242356,104289.29000000,0.00010000
1749242356,104288.72000000,1.02088000
1749242356,104288.31000000,0.00484000
1749242356,104288.00000000,0.00220000
1749242356,104287.32000000,0.00005000
1749242356,104287.13000000,0.00011000
1749242356,104286.90000000,0.28749000
1749242356,104286.84000000,0.00005000
1749242356,104286.57000000,0.00010000
1749242356,104286.52000000,0.96173000
1749242356,104286.51000000,0.19237000
1749242356,104286.50000000,0.47778000
1749242356,104286.19000000,0.58500000
1749242356,104286.17000000,1.11846000
1749242356,104286.02000000,0.00011000
1749242356,104285.71000000,0.01999000
1749242356,104285.36000000,0.00600000
1749242356,104285.21000000,0.00485000
1749242356,104284.36000000,0.77872000
1749242356,104284.33000000,0.47916000
1749242356,104284.25000000,0.00192000
1749242356,104284.00000000,0.00235000
1749242417,104305.27000000,2.78730000
1749242417,104305.26000000,3.14562000
1749242417,104305.25000000,0.00006000
1749242417,104305.15000000,0.00006000
1749242417,104305.14000000,0.00006000
1749242417,104305.00000000,0.05766000
1749242417,104304.96000000,0.00006000
1749242417,104304.83000000,0.00006000
1749242417,104304.41000000,0.00005000
1749242417,104304.40000000,0.00143000
1749242417,104304.14000000,0.05216000
1749242417,104304.00000000,0.00220000
1749242417,104303.96000000,0.00088000
1749242417,104303.85000000,0.00132000
1749242417,104303.32000000,0.04011000
1749242417,104303.20000000,0.01922000
1749242417,104303.18000000,0.00049000
1749242417,104303.02000000,0.00014000
1749242417,104302.91000000,0.00137000
1749242417,104302.56000000,0.00005000
1749242417,104302.37000000,0.02243000
1749242417,104302.34000000,0.00085000
1749242417,104302.33000000,0.61803000
1749242417,104302.32000000,1.67757000
1749242417,104302.07000000,0.00560000
1749242417,104301.74000000,0.34498000
1749242417,104301.09000000,0.00250000
1749242417,104301.00000000,0.00006000
1749242417,104300.58000000,0.01400000
1749242417,104300.03000000,0.00479000
1749242417,104300.00000000,0.03552000
1749242417,104299.90000000,0.29207000
1749242417,104299.89000000,0.34492000
1749242417,104299.47000000,0.02878000
1749242417,104299.18000000,0.04937000
1749242417,104299.08000000,0.34493000
1749242417,104298.40000000,0.13115000
1749242417,104297.48000000,0.00005000
1749242417,104297.40000000,0.00010000
1749242417,104297.17000000,0.00005000
1749242417,104296.62000000,0.00144000
1749242417,104296.48000000,0.01944000
1749242417,104296.06000000,0.00038000
1749242417,104296.00000000,0.00220000
1749242417,104295.87000000,0.00250000
1749242417,104295.60000000,0.64670000
1749242417,104295.55000000,0.34494000
1749242417,104295.14000000,0.00999000
1749242417,104294.82000000,0.00479000
1749242417,104294.75000000,0.00010000
1749242417,104294.48000000,0.00958000
1749242417,104293.88000000,0.00019000
1749242417,104293.73000000,0.00005000
1749242417,104292.65000000,0.00005000
1749242417,104292.40000000,0.00005000
1749242417,104292.07000000,0.00008000
1749242417,104292.00000000,0.00226000
1749242417,104291.98000000,0.00010000
1749242417,104291.08000000,0.96173000
1749242417,104290.90000000,0.98370000
1749242417,104290.02000000,0.02368000
1749242417,104289.72000000,0.00729000
1749242417,104289.62000000,0.00300000
1749242417,104289.61000000,0.00044000
1749242417,104289.29000000,0.00010000
1749242417,104288.73000000,0.02317000
1749242417,104288.72000000,1.05654000
1749242417,104288.64000000,0.04800000
1749242417,104288.31000000,0.00484000
1749242417,104288.26000000,0.00479000
1749242417,104288.00000000,0.00220000
1749242417,104287.93000000,0.06800000
1749242417,104287.38000000,0.00011000
1749242417,104287.32000000,0.00005000
1749242417,104286.90000000,0.28749000
1749242417,104286.87000000,0.04800000
1749242417,104286.85000000,0.04800000
1749242417,104286.84000000,0.00005000
1749242417,104286.80000000,0.04800000
1749242417,104286.57000000,0.00010000
1749242417,104286.53000000,0.19237000
1749242417,104286.51000000,0.96173000
1749242417,104286.50000000,0.47778000
1749242417,104286.20000000,0.00011000
1749242417,104286.19000000,0.58500000
1749242417,104285.36000000,0.00600000
1749242417,104285.21000000,0.00485000
1749242417,104284.36000000,0.77872000
1749242417,104284.33000000,0.47916000
1749242417,104284.25000000,0.00192000
1749242417,104284.00000000,0.00235000
1749242417,104283.99000000,0.00005000
1749242417,104283.94000000,0.38332000
1749242417,104283.78000000,0.00023000
1749242417,104283.73000000,0.07213000
1749242417,104283.72000000,0.04800000
1749242417,104283.63000000,0.00010000
1749242417,104283.26000000,0.00006000
1749242417,104283.00000000,0.00006000
1749242417,104282.75000000,0.47916000
1749242478,104364.28000000,5.45983000
1749242478,104363.26000000,0.00159000
1749242478,104363.14000000,0.00489000
1749242478,104363.06000000,0.00011000
1749242478,104362.88000000,0.00018000
1749242478,104362.87000000,0.04790000
1749242478,104362.64000000,0.01459000
1749242478,104361.91000000,0.00018000
1749242478,104361.90000000,0.13962000
1749242478,104361.89000000,0.00012000
1749242478,104361.88000000,0.34488000
1749242478,104359.93000000,0.00005000
1749242478,104359.47000000,0.00479000
1749242478,104359.06000000,0.00729000
1749242478,104357.78000000,0.00012000
1749242478,104357.77000000,0.56013000
1749242478,104357.72000000,0.05957000
1749242478,104357.71000000,0.32592000
1749242478,104357.44000000,0.00958000
1749242478,104355.14000000,0.00011000
1749242478,104354.99000000,0.31607000
1749242478,104353.84000000,0.59235000
1749242478,104353.05000000,0.02315000
1749242478,104353.04000000,0.52508000
1749242478,104352.55000000,0.00560000
1749242478,104351.68000000,0.41645000
1749242478,104351.67000000,0.96173000
1749242478,104351.26000000,0.00010000
1749242478,104351.10000000,0.03276000
1749242478,104349.67000000,0.04800000
1749242478,104349.50000000,0.09864000
1749242478,104349.48000000,0.04000000
1749242478,104349.42000000,0.04800000
1749242478,104348.83000000,0.00034000
1749242478,104348.79000000,0.09265000
1749242478,104348.63000000,0.00772000
1749242478,104348.62000000,0.00300000
1749242478,104348.29000000,0.04800000
1749242478,104347.99000000,0.04000000
1749242478,104346.82000000,0.83879000
1749242478,104346.81000000,0.47778000
1749242478,104346.80000000,0.96173000
1749242478,104346.36000000,0.00011000
1749242478,104346.35000000,0.09693000
1749242478,104346.23000000,0.00192000
1749242478,104346.09000000,0.04800000
1749242478,104346.04000000,0.02695000
1749242478,104345.67000000,0.11214000
1749242478,104345.26000000,0.00011000
1749242478,104345.25000000,0.28761000
1749242478,104344.70000000,0.00010000
1749242478,104344.48000000,0.00600000
1749242478,104344.32000000,0.00008000
1749242478,104344.19000000,0.19237000
1749242478,104343.20000000,0.00005000
1749242478,104342.81000000,0.09693000
1749242478,104342.58000000,0.00010000
1749242478,104342.38000000,1.25033000
1749242478,104342.37000000,0.96173000
1749242478,104342.12000000,0.04800000
1749242478,104341.78000000,0.01916000
1749242478,104340.72000000,0.28761000
1749242478,104340.01000000,0.00010000
1749242478,104340.00000000,0.00015000
1749242478,104339.78000000,0.28761000
1749242478,104339.73000000,0.02941000
1749242478,104338.97000000,0.19237000
1749242478,104338.96000000,0.02000000
1749242478,104338.95000000,1.00000000
1749242478,104338.83000000,0.58500000
1749242478,104338.79000000,0.26002000
1749242478,104338.62000000,0.28761000
1749242478,104338.36000000,0.03429000
1749242478,104338.20000000,0.00044000
1749242478,104338.12000000,0.00005000
1749242478,104338.08000000,0.96173000
1749242478,104338.01000000,0.04800000
1749242478,104337.76000000,0.04800000
1749242478,104337.34000000,0.01883000
1749242478,104336.45000000,0.00005000
1749242478,104335.76000000,0.00010000
1749242478,104335.44000000,0.56096000
1749242478,104334.05000000,0.19237000
1749242478,104334.04000000,0.38348000
1749242478,104333.87000000,0.00008000
1749242478,104333.44000000,0.19237000
1749242478,104333.43000000,0.96173000
1749242478,104333.04000000,0.00005000
1749242478,104332.64000000,0.00010000
1749242478,104332.46000000,0.47778000
1749242478,104332.00000000,0.07213000
1749242478,104331.67000000,0.01000000
1749242478,104331.06000000,0.00023000
1749242478,104330.64000000,0.04000000
1749242478,104330.09000000,0.92838000
1749242478,104329.76000000,0.00010000
1749242478,104329.39000000,0.04000000
1749242478,104329.18000000,0.96173000
1749242478,104328.99000000,0.04800000
1749242478,104328.97000000,0.39981000
1749242539,104431.02000000,15.08417000
1749242539,104431.01000000,0.02612000
1749242539,104431.00000000,0.02027000
1749242539,104430.91000000,0.00018000
1749242539,104430.90000000,0.02017000
1749242539,104430.30000000,0.00018000
1749242539,104430.29000000,0.05106000
1749242539,104430.28000000,0.00484000
1749242539,104430.04000000,0.00143000
1749242539,104430.02000000,0.00099000
1749242539,104430.01000000,0.00079000
1749242539,104430.00000000,0.00005000
1749242539,104429.97000000,0.00191000
1749242539,104429.86000000,0.00005000
1749242539,104429.43000000,0.00012000
1749242539,104429.42000000,0.05377000
1749242539,104429.21000000,0.29233000
1749242539,104429.20000000,0.20732000
1749242539,104428.93000000,0.00049000
1749242539,104428.62000000,0.34456000
1749242539,104428.30000000,0.01187000
1749242539,104427.77000000,0.00005000
1749242539,104427.18000000,0.06420000
1749242539,104427.03000000,0.34450000
1749242539,104425.81000000,0.02314000
1749242539,104425.80000000,0.00717000
1749242539,104424.87000000,0.04000000
1749242539,104424.48000000,0.00005000
1749242539,104424.33000000,0.04000000
1749242539,104423.97000000,0.31551000
1749242539,104423.96000000,0.34451000
1749242539,104423.35000000,0.31581000
1749242539,104423.33000000,0.37279000
1749242539,104420.94000000,0.00010000
1749242539,104420.71000000,0.96173000
1749242539,104420.70000000,0.56349000
1749242539,104420.69000000,0.29362000
1749242539,104420.58000000,0.00728000
1749242539,104420.57000000,0.58500000
1749242539,104420.46000000,0.32484000
1749242539,104419.99000000,0.04000000
1749242539,104419.89000000,0.00999000
1749242539,104419.81000000,0.00957000
1749242539,104419.40000000,0.00005000
1749242539,104418.95000000,0.04782000
1749242539,104418.67000000,0.04000000
1749242539,104418.26000000,0.09567000
1749242539,104418.17000000,0.47778000
1749242539,104418.16000000,0.04034000
1749242539,104417.96000000,0.00010000
1749242539,104417.47000000,0.00008000
1749242539,104416.97000000,0.00957000
1749242539,104415.69000000,0.00560000
1749242539,104415.54000000,0.50683000
1749242539,104415.53000000,1.15410000
1749242539,104415.45000000,0.04000000
1749242539,104415.36000000,0.00522000
1749242539,104415.35000000,0.00300000
1749242539,104414.80000000,0.14394000
1749242539,104414.32000000,0.00005000
1749242539,104412.95000000,0.00011000
1749242539,104412.94000000,0.00250000
1749242539,104411.89000000,0.00011000
