timestamp,price,volume,current_price
1749258302,2.32900000,2321.01000000,2.329
1749258302,2.32800000,6799.88000000,2.329
1749258302,2.32700000,12010.70000000,2.329
1749258302,2.32600000,7612.77000000,2.329
1749258302,2.32500000,5726.58000000,2.329
1749258302,2.32400000,4106.91000000,2.329
1749258302,2.32300000,2338.93000000,2.329
1749258302,2.32200000,6251.95000000,2.329
1749258302,2.32100000,1643.38000000,2.329
1749258302,2.32000000,5055.24000000,2.329
1749258302,2.31900000,1113.24000000,2.329
1749258302,2.31800000,1567.48000000,2.329
1749258302,2.31700000,4964.52000000,2.329
1749258302,2.31600000,819.15000000,2.329
1749258302,2.31500000,755.42000000,2.329
1749258302,2.31400000,3236.36000000,2.329
1749258302,2.31300000,177.40000000,2.329
1749258302,2.31200000,4362.22000000,2.329
1749258302,2.31100000,907.87000000,2.329
1749258302,2.31000000,702.35000000,2.329
1749258302,2.30900000,4898.92000000,2.329
1749258302,2.30800000,214.45000000,2.329
1749258302,2.30700000,3174.75000000,2.329
1749258302,2.30600000,1139.34000000,2.329
1749258302,2.30500000,2268.31000000,2.329
1749258302,2.30400000,556.67000000,2.329
1749258302,2.30300000,806.88000000,2.329
1749258302,2.30200000,703.64000000,2.329
1749258302,2.30100000,130.35000000,2.329
1749258302,2.30000000,1735.88000000,2.329
1749258302,2.29900000,2183.70000000,2.329
1749258302,2.29800000,494.83000000,2.329
1749258302,2.29700000,246.57000000,2.329
1749258302,2.29600000,260.63000000,2.329
1749258302,2.29500000,560.92000000,2.329
1749258302,2.29400000,1456.99000000,2.329
1749258302,2.29300000,121.34000000,2.329
1749258302,2.29200000,219.11000000,2.329
1749258302,2.29100000,73.53000000,2.329
1749258302,2.29000000,48.66000000,2.329
1749258302,2.28900000,172.74000000,2.329
1749258302,2.28800000,98.60000000,2.329
1749258302,2.28700000,58.51000000,2.329
1749258302,2.28600000,192.55000000,2.329
1749258302,2.28500000,66.31000000,2.329
1749258302,2.28400000,48.10000000,2.329
1749258302,2.28300000,54.39000000,2.329
1749258302,2.28200000,16.71000000,2.329
1749258302,2.28100000,149.51000000,2.329
1749258302,2.28000000,147.86000000,2.329
1749258302,2.27900000,18.24000000,2.329
1749258302,2.27800000,34.16000000,2.329
1749258302,2.27700000,44.34000000,2.329
1749258302,2.27600000,15.81000000,2.329
1749258302,2.27500000,48.94000000,2.329
1749258302,2.27400000,34.79000000,2.329
1749258302,2.27300000,734.67000000,2.329
1749258302,2.27200000,33.07000000,2.329
1749258302,2.27100000,4.34000000,2.329
1749258302,2.27000000,869.56000000,2.329
1749258302,2.26900000,782.05000000,2.329
1749258302,2.26800000,62.75000000,2.329
1749258302,2.26700000,10.49000000,2.329
1749258302,2.26600000,335.40000000,2.329
1749258302,2.26500000,51.31000000,2.329
1749258302,2.26400000,8.17000000,2.329
1749258302,2.26300000,22.34000000,2.329
1749258302,2.26200000,8.31000000,2.329
1749258302,2.26100000,176.57000000,2.329
1749258302,2.26000000,3284.68000000,2.329
1749258302,2.25900000,22.28000000,2.329
1749258302,2.25800000,26.47000000,2.329
1749258302,2.25700000,55.63000000,2.329
1749258302,2.25600000,31.61000000,2.329
1749258302,2.25500000,17.16000000,2.329
1749258302,2.25400000,7.88000000,2.329
1749258302,2.25300000,13.87000000,2.329
1749258302,2.25200000,894.65000000,2.329
1749258302,2.25100000,24.95000000,2.329
1749258302,2.25000000,2531.80000000,2.329
1749258302,2.24900000,108.82000000,2.329
1749258302,2.24800000,44.94000000,2.329
1749258302,2.24700000,32.05000000,2.329
1749258302,2.24600000,55.78000000,2.329
1749258302,2.24500000,12.30000000,2.329
1749258302,2.24400000,51.91000000,2.329
1749258302,2.24300000,97.38000000,2.329
1749258302,2.24200000,162.21000000,2.329
1749258302,2.24100000,20156.30000000,2.329
1749258302,2.24000000,45544.63000000,2.329
1749258302,2.23900000,22.99000000,2.329
1749258302,2.23800000,679.23000000,2.329
1749258302,2.23700000,171.52000000,2.329
1749258302,2.23600000,4475.66000000,2.329
1749258302,2.23500000,36.43000000,2.329
1749258302,2.23400000,387.03000000,2.329
1749258302,2.23300000,73.23000000,2.329
1749258302,2.23200000,62.41000000,2.329
1749258302,2.23100000,7.10000000,2.329
1749258302,2.23000000,4680.47000000,2.329
1749258616,2.32900000,2897.70000000,2.329
1749258616,2.32800000,6766.33000000,2.329
1749258616,2.32700000,14530.15000000,2.329
1749258616,2.32600000,8618.59000000,2.329
1749258616,2.32500000,4616.60000000,2.329
1749258616,2.32400000,2985.88000000,2.329
1749258616,2.32300000,4321.84000000,2.329
1749258616,2.32200000,5217.71000000,2.329
1749258616,2.32100000,1023.68000000,2.329
1749258616,2.32000000,4829.02000000,2.329
1749258616,2.31900000,1110.86000000,2.329
1749258616,2.31800000,2953.81000000,2.329
1749258616,2.31700000,4888.15000000,2.329
1749258616,2.31600000,819.28000000,2.329
1749258616,2.31500000,3135.71000000,2.329
1749258616,2.31400000,836.62000000,2.329
1749258616,2.31300000,177.40000000,2.329
1749258616,2.31200000,1163.54000000,2.329
1749258616,2.31100000,843.68000000,2.329
1749258616,2.31000000,3716.07000000,2.329
1749258616,2.30900000,1617.43000000,2.329
1749258616,2.30800000,4131.94000000,2.329
1749258616,2.30700000,2021.88000000,2.329
1749258616,2.30600000,126.77000000,2.329
1749258616,2.30500000,2268.31000000,2.329
1749258616,2.30400000,126.99000000,2.329
1749258616,2.30300000,250.68000000,2.329
1749258616,2.30200000,703.64000000,2.329
1749258616,2.30100000,1869.38000000,2.329
1749258616,2.30000000,2169.90000000,2.329
1749258616,2.29900000,124.62000000,2.329
1749258616,2.29800000,2412.70000000,2.329
1749258616,2.29700000,246.57000000,2.329
1749258616,2.29600000,260.54000000,2.329
1749258616,2.29500000,560.92000000,2.329
1749258616,2.29400000,1339.99000000,2.329
1749258616,2.29300000,4.34000000,2.329
1749258616,2.29200000,102.11000000,2.329
1749258616,2.29100000,73.53000000,2.329
1749258616,2.29000000,48.66000000,2.329
1749258616,2.28900000,172.74000000,2.329
1749258616,2.28800000,98.60000000,2.329
1749258616,2.28700000,58.51000000,2.329
1749258616,2.28600000,192.53000000,2.329
1749258616,2.28500000,66.31000000,2.329
1749258616,2.28400000,48.10000000,2.329
1749258616,2.28300000,54.39000000,2.329
1749258616,2.28200000,283.45000000,2.329
1749258616,2.28100000,940.55000000,2.329
1749258616,2.28000000,147.86000000,2.329
1749258616,2.27900000,18.24000000,2.329
1749258616,2.27800000,34.16000000,2.329
1749258616,2.27700000,44.34000000,2.329
1749258616,2.27600000,15.81000000,2.329
1749258616,2.27500000,48.94000000,2.329
1749258616,2.27400000,34.79000000,2.329
1749258616,2.27300000,734.67000000,2.329
1749258616,2.27200000,33.07000000,2.329
1749258616,2.27100000,4.34000000,2.329
1749258616,2.27000000,869.56000000,2.329
1749258616,2.26900000,4.34000000,2.329
1749258616,2.26800000,62.75000000,2.329
1749258616,2.26700000,10.49000000,2.329
1749258616,2.26600000,335.40000000,2.329
1749258616,2.26500000,51.31000000,2.329
1749258616,2.26400000,8.17000000,2.329
1749258616,2.26300000,815.98000000,2.329
1749258616,2.26200000,8.31000000,2.329
1749258616,2.26100000,176.57000000,2.329
1749258616,2.26000000,3284.68000000,2.329
1749258616,2.25900000,22.28000000,2.329
1749258616,2.25800000,26.47000000,2.329
1749258616,2.25700000,55.63000000,2.329
1749258616,2.25600000,31.61000000,2.329
1749258616,2.25500000,17.16000000,2.329
1749258616,2.25400000,7.88000000,2.329
1749258616,2.25300000,13.87000000,2.329
1749258616,2.25200000,124.35000000,2.329
1749258616,2.25100000,24.95000000,2.329
1749258616,2.25000000,2531.80000000,2.329
1749258616,2.24900000,108.82000000,2.329
1749258616,2.24800000,44.94000000,2.329
1749258616,2.24700000,32.05000000,2.329
1749258616,2.24600000,447.55000000,2.329
1749258616,2.24500000,12.30000000,2.329
1749258616,2.24400000,51.91000000,2.329
1749258616,2.24300000,97.38000000,2.329
1749258616,2.24200000,162.21000000,2.329
1749258616,2.24100000,20156.30000000,2.329
1749258616,2.24000000,45544.63000000,2.329
1749258616,2.23900000,22.99000000,2.329
1749258616,2.23800000,679.23000000,2.329
1749258616,2.23700000,171.52000000,2.329
1749258616,2.23600000,4475.66000000,2.329
1749258616,2.23500000,36.43000000,2.329
1749258616,2.23400000,2.43000000,2.329
1749258616,2.23300000,73.23000000,2.329
1749258616,2.23200000,62.41000000,2.329
1749258616,2.23100000,7.10000000,2.329
1749258616,2.23000000,4680.47000000,2.329
1749258946,2.32600000,1256.62000000,2.326
1749258946,2.32500000,4989.10000000,2.326
1749258946,2.32400000,10353.63000000,2.326
1749258946,2.32300000,8396.15000000,2.326
1749258946,2.32200000,10580.64000000,2.326
1749258946,2.32100000,3691.83000000,2.326
1749258946,2.32000000,4242.63000000,2.326
1749258946,2.31900000,5883.67000000,2.326
1749258946,2.31800000,1826.69000000,2.326
1749258946,2.31700000,8328.77000000,2.326
1749258946,2.31600000,1594.17000000,2.326
1749258946,2.31500000,1041.33000000,2.326
1749258946,2.31400000,836.62000000,2.326
1749258946,2.31300000,917.27000000,2.326
1749258946,2.31200000,4161.30000000,2.326
1749258946,2.31100000,604.69000000,2.326
1749258946,2.31000000,3475.39000000,2.326
1749258946,2.30900000,1837.36000000,2.326
1749258946,2.30800000,452.18000000,2.326
1749258946,2.30700000,4880.27000000,2.326
1749258946,2.30600000,129.16000000,2.326
1749258946,2.30500000,2334.73000000,2.326
1749258946,2.30400000,976.17000000,2.326
1749258946,2.30300000,250.68000000,2.326
1749258946,2.30200000,471.84000000,2.326
1749258946,2.30100000,1869.38000000,2.326
1749258946,2.30000000,2180.63000000,2.326
1749258946,2.29900000,124.62000000,2.326
1749258946,2.29800000,4154.00000000,2.326
1749258946,2.29700000,129.57000000,2.326
1749258946,2.29600000,312.22000000,2.326
1749258946,2.29500000,443.92000000,2.326
1749258946,2.29400000,162.14000000,2.326
1749258946,2.29300000,4.34000000,2.326
1749258946,2.29200000,112.85000000,2.326
1749258946,2.29100000,1383.00000000,2.326
1749258946,2.29000000,48.66000000,2.326
1749258946,2.28900000,172.74000000,2.326
1749258946,2.28800000,101.01000000,2.326
1749258946,2.28700000,58.51000000,2.326
1749258946,2.28600000,192.55000000,2.326
1749258946,2.28500000,66.31000000,2.326
1749258946,2.28400000,48.10000000,2.326
1749258946,2.28300000,47.83000000,2.326
1749258946,2.28200000,283.45000000,2.326
1749258946,2.28100000,947.12000000,2.326
1749258946,2.28000000,147.86000000,2.326
1749258946,2.27900000,18.24000000,2.326
1749258946,2.27800000,34.16000000,2.326
1749258946,2.27700000,44.34000000,2.326
1749258946,2.27600000,15.81000000,2.326
1749258946,2.27500000,48.94000000,2.326
1749258946,2.27400000,34.79000000,2.326
1749258946,2.27300000,734.67000000,2.326
1749258946,2.27200000,33.07000000,2.326
1749258946,2.27100000,4.34000000,2.326
1749258946,2.27000000,869.56000000,2.326
1749258946,2.26900000,4.34000000,2.326
1749258946,2.26800000,62.75000000,2.326
1749258946,2.26700000,10.49000000,2.326
1749258946,2.26600000,335.40000000,2.326
1749258946,2.26500000,51.31000000,2.326
1749258946,2.26400000,8.17000000,2.326
1749258946,2.26300000,815.98000000,2.326
1749258946,2.26200000,8.31000000,2.326
1749258946,2.26100000,176.57000000,2.326
1749258946,2.26000000,3284.68000000,2.326
1749258946,2.25900000,22.28000000,2.326
1749258946,2.25800000,26.47000000,2.326
1749258946,2.25700000,55.63000000,2.326
1749258946,2.25600000,31.61000000,2.326
1749258946,2.25500000,17.16000000,2.326
1749258946,2.25400000,7.88000000,2.326
1749258946,2.25300000,18.17000000,2.326
1749258946,2.25200000,128.65000000,2.326
1749258946,2.25100000,29.25000000,2.326
1749258946,2.25000000,2531.80000000,2.326
1749258946,2.24900000,108.82000000,2.326
1749258946,2.24800000,44.94000000,2.326
1749258946,2.24700000,32.05000000,2.326
1749258946,2.24600000,394.43000000,2.326
1749258946,2.24500000,12.30000000,2.326
1749258946,2.24400000,51.91000000,2.326
1749258946,2.24300000,97.38000000,2.326
1749258946,2.24200000,192.20000000,2.326
1749258946,2.24100000,20156.30000000,2.326
1749258946,2.24000000,45544.63000000,2.326
1749258946,2.23900000,22.99000000,2.326
1749258946,2.23800000,679.23000000,2.326
1749258946,2.23700000,171.52000000,2.326
1749258946,2.23600000,4475.66000000,2.326
1749258946,2.23500000,36.43000000,2.326
1749258946,2.23400000,2.43000000,2.326
1749258946,2.23300000,73.23000000,2.326
1749258946,2.23200000,62.41000000,2.326
1749258946,2.23100000,7.10000000,2.326
1749258946,2.23000000,4680.47000000,2.326
1749258946,2.22900000,40.34000000,2.326
1749258946,2.22700000,17.47000000,2.326
1749258946,2.22600000,576.21000000,2.326
1749259254,2.32500000,350.69000000,2.326
1749259254,2.32400000,3375.48000000,2.326
1749259254,2.32300000,4937.75000000,2.326
1749259254,2.32200000,9134.92000000,2.326
1749259254,2.32100000,9236.84000000,2.326
1749259254,2.32000000,4147.55000000,2.326
1749259254,2.31900000,4269.80000000,2.326
1749259254,2.31800000,2630.80000000,2.326
1749259254,2.31700000,4951.29000000,2.326
1749259254,2.31600000,1460.02000000,2.326
1749259254,2.31500000,2383.34000000,2.326
1749259254,2.31400000,1055.57000000,2.326
1749259254,2.31300000,4940.19000000,2.326
1749259254,2.31200000,975.63000000,2.326
1749259254,2.31100000,3135.82000000,2.326
1749259254,2.31000000,903.85000000,2.326
1749259254,2.30900000,1463.65000000,2.326
1749259254,2.30800000,466.20000000,2.326
1749259254,2.30700000,128.98000000,2.326
1749259254,2.30600000,703.66000000,2.326
1749259254,2.30500000,955.41000000,2.326
1749259254,2.30400000,7860.92000000,2.326
1749259254,2.30300000,1064.60000000,2.326
1749259254,2.30200000,1197.95000000,2.326
1749259254,2.30100000,238.46000000,2.326
1749259254,2.30000000,1746.61000000,2.326
1749259254,2.29900000,2845.38000000,2.326
1749259254,2.29800000,2295.70000000,2.326
1749259254,2.29700000,129.57000000,2.326
1749259254,2.29600000,600.14000000,2.326
1749259254,2.29500000,443.92000000,2.326
1749259254,2.29400000,1776.57000000,2.326
1749259254,2.29300000,436.08000000,2.326
1749259254,2.29200000,1988.67000000,2.326
1749259254,2.29100000,73.53000000,2.326
1749259254,2.29000000,48.66000000,2.326
1749259254,2.28900000,1588.18000000,2.326
1749259254,2.28800000,87.90000000,2.326
1749259254,2.28700000,58.51000000,2.326
1749259254,2.28600000,172.89000000,2.326
1749259254,2.28500000,85.98000000,2.326
1749259254,2.28400000,50.51000000,2.326
1749259254,2.28300000,47.83000000,2.326
1749259254,2.28200000,283.45000000,2.326
1749259254,2.28100000,947.12000000,2.326
1749259254,2.28000000,147.86000000,2.326
1749259254,2.27900000,18.24000000,2.326
1749259254,2.27800000,47.32000000,2.326
1749259254,2.27700000,44.34000000,2.326
1749259254,2.27600000,15.81000000,2.326
1749259254,2.27500000,48.94000000,2.326
1749259254,2.27400000,34.79000000,2.326
1749259254,2.27300000,734.67000000,2.326
1749259254,2.27200000,33.07000000,2.326
1749259254,2.27100000,4.34000000,2.326
1749259254,2.27000000,869.56000000,2.326
1749259254,2.26900000,4.34000000,2.326
1749259254,2.26800000,62.75000000,2.326
1749259254,2.26700000,10.49000000,2.326
1749259254,2.26600000,335.40000000,2.326
1749259254,2.26500000,51.31000000,2.326
1749259254,2.26400000,8.17000000,2.326
1749259254,2.26300000,815.98000000,2.326
1749259254,2.26200000,8.31000000,2.326
1749259254,2.26100000,176.57000000,2.326
1749259254,2.26000000,3284.68000000,2.326
1749259254,2.25900000,22.28000000,2.326
1749259254,2.25800000,26.47000000,2.326
1749259254,2.25700000,55.63000000,2.326
1749259254,2.25600000,34.27000000,2.326
1749259254,2.25500000,17.16000000,2.326
1749259254,2.25400000,7.88000000,2.326
1749259254,2.25300000,18.17000000,2.326
1749259254,2.25200000,128.65000000,2.326
1749259254,2.25100000,29.25000000,2.326
1749259254,2.25000000,2536.10000000,2.326
1749259254,2.24900000,108.82000000,2.326
1749259254,2.24800000,44.94000000,2.326
1749259254,2.24700000,32.05000000,2.326
1749259254,2.24600000,394.43000000,2.326
1749259254,2.24500000,12.30000000,2.326
1749259254,2.24400000,51.91000000,2.326
1749259254,2.24300000,97.38000000,2.326
1749259254,2.24200000,205.38000000,2.326
1749259254,2.24100000,20156.30000000,2.326
1749259254,2.24000000,45544.63000000,2.326
1749259254,2.23900000,22.99000000,2.326
1749259254,2.23800000,679.23000000,2.326
1749259254,2.23700000,171.52000000,2.326
1749259254,2.23600000,4475.66000000,2.326
1749259254,2.23500000,36.43000000,2.326
1749259254,2.23400000,2.43000000,2.326
1749259254,2.23300000,73.23000000,2.326
1749259254,2.23200000,62.41000000,2.326
1749259254,2.23100000,7.10000000,2.326
1749259254,2.23000000,4680.47000000,2.326
1749259254,2.22900000,40.34000000,2.326
1749259254,2.22700000,17.47000000,2.326
1749259254,2.22600000,576.21000000,2.326
1749259254,2.22500000,183.34000000,2.326
