timestamp,price,volume,current_price
1749258408,0.08380000,71174.00000000,0.0839
1749258408,0.08370000,457053.00000000,0.0839
1749258408,0.08360000,917488.00000000,0.0839
1749258408,0.08350000,213673.00000000,0.0839
1749258408,0.08340000,87183.00000000,0.0839
1749258408,0.08330000,139338.00000000,0.0839
1749258408,0.08320000,127983.00000000,0.0839
1749258408,0.08310000,195212.00000000,0.0839
1749258408,0.08300000,138035.00000000,0.0839
1749258408,0.08290000,43881.00000000,0.0839
1749258408,0.08280000,189000.00000000,0.0839
1749258408,0.08270000,123734.00000000,0.0839
1749258408,0.08260000,144805.00000000,0.0839
1749258408,0.08250000,23232.00000000,0.0839
1749258408,0.08240000,17135.00000000,0.0839
1749258408,0.08230000,84577.00000000,0.0839
1749258408,0.08220000,27442.00000000,0.0839
1749258408,0.08210000,41114.00000000,0.0839
1749258408,0.08200000,19093.00000000,0.0839
1749258408,0.08190000,179971.00000000,0.0839
1749258408,0.08180000,27218.00000000,0.0839
1749258408,0.08170000,17595.00000000,0.0839
1749258408,0.08160000,52892.00000000,0.0839
1749258408,0.08150000,25246.00000000,0.0839
1749258408,0.08140000,14466.00000000,0.0839
1749258408,0.08130000,16402.00000000,0.0839
1749258408,0.08120000,15910.00000000,0.0839
1749258408,0.08110000,8524.00000000,0.0839
1749258408,0.08100000,9041.00000000,0.0839
1749258408,0.08090000,22157.00000000,0.0839
1749258408,0.08080000,55599.00000000,0.0839
1749258408,0.08070000,3633.00000000,0.0839
1749258408,0.08060000,8099.00000000,0.0839
1749258408,0.08050000,1363.00000000,0.0839
1749258408,0.08040000,293.00000000,0.0839
1749258408,0.08030000,26048.00000000,0.0839
1749258408,0.08020000,2498.00000000,0.0839
1749258408,0.08010000,14448.00000000,0.0839
1749258408,0.08000000,7443.00000000,0.0839
1749258408,0.07990000,9058.00000000,0.0839
1749258408,0.07980000,1626.00000000,0.0839
1749258408,0.07970000,14690.00000000,0.0839
1749258408,0.07960000,126.00000000,0.0839
1749258408,0.07950000,220.00000000,0.0839
1749258408,0.07940000,3905.00000000,0.0839
1749258408,0.07930000,280.00000000,0.0839
1749258408,0.07920000,706.00000000,0.0839
1749258408,0.07910000,126.00000000,0.0839
1749258408,0.07900000,25084.00000000,0.0839
1749258408,0.07890000,126.00000000,0.0839
1749258408,0.07880000,836.00000000,0.0839
1749258408,0.07870000,126.00000000,0.0839
1749258408,0.07860000,126.00000000,0.0839
1749258408,0.07850000,196.00000000,0.0839
1749258408,0.07840000,1796.00000000,0.0839
1749258408,0.07830000,318.00000000,0.0839
1749258408,0.07820000,241.00000000,0.0839
1749258408,0.07810000,228.00000000,0.0839
1749258408,0.07800000,1941.00000000,0.0839
1749258408,0.07790000,126.00000000,0.0839
1749258408,0.07780000,126.00000000,0.0839
1749258408,0.07770000,16063.00000000,0.0839
1749258408,0.07760000,718.00000000,0.0839
1749258408,0.07750000,76288.00000000,0.0839
1749258408,0.07740000,771.00000000,0.0839
1749258408,0.07730000,126.00000000,0.0839
1749258408,0.07720000,966.00000000,0.0839
1749258408,0.07710000,722.00000000,0.0839
1749258408,0.07700000,7748.00000000,0.0839
1749258408,0.07690000,126.00000000,0.0839
1749258408,0.07680000,6636.00000000,0.0839
1749258408,0.07670000,725.00000000,0.0839
1749258408,0.07660000,10426.00000000,0.0839
1749258408,0.07650000,19821.00000000,0.0839
1749258408,0.07640000,113.00000000,0.0839
1749258408,0.07630000,682.00000000,0.0839
1749258408,0.07620000,102.00000000,0.0839
1749258408,0.07610000,74.00000000,0.0839
1749258408,0.07600000,14772.00000000,0.0839
1749258408,0.07590000,11337.00000000,0.0839
1749258408,0.07580000,10310.00000000,0.0839
1749258408,0.07570000,159.00000000,0.0839
1749258408,0.07550000,609.00000000,0.0839
1749258408,0.07530000,64065.00000000,0.0839
1749258408,0.07510000,11409.00000000,0.0839
1749258408,0.07500000,63740.00000000,0.0839
1749258408,0.07470000,2922.00000000,0.0839
1749258408,0.07460000,25904.00000000,0.0839
1749258408,0.07450000,60968.00000000,0.0839
1749258408,0.07430000,421.00000000,0.0839
1749258408,0.07420000,11252.00000000,0.0839
1749258408,0.07400000,911.00000000,0.0839
1749258408,0.07380000,9938.00000000,0.0839
1749258408,0.07370000,21031.00000000,0.0839
1749258408,0.07350000,5833.00000000,0.0839
1749258408,0.07340000,1611.00000000,0.0839
1749258408,0.07330000,551.00000000,0.0839
1749258408,0.07320000,127.00000000,0.0839
1749258408,0.07300000,68113.00000000,0.0839
1749258408,0.07290000,301.00000000,0.0839
1749258743,0.08330000,24414.00000000,0.0834
1749258743,0.08320000,415061.00000000,0.0834
1749258743,0.08310000,1050058.00000000,0.0834
1749258743,0.08300000,352274.00000000,0.0834
1749258743,0.08290000,70379.00000000,0.0834
1749258743,0.08280000,190439.00000000,0.0834
1749258743,0.08270000,26648.00000000,0.0834
1749258743,0.08260000,339677.00000000,0.0834
1749258743,0.08250000,44065.00000000,0.0834
1749258743,0.08240000,68678.00000000,0.0834
1749258743,0.08230000,102388.00000000,0.0834
1749258743,0.08220000,131504.00000000,0.0834
1749258743,0.08210000,43624.00000000,0.0834
1749258743,0.08200000,78122.00000000,0.0834
1749258743,0.08190000,66193.00000000,0.0834
1749258743,0.08180000,88375.00000000,0.0834
1749258743,0.08170000,48737.00000000,0.0834
1749258743,0.08160000,77053.00000000,0.0834
1749258743,0.08150000,21197.00000000,0.0834
1749258743,0.08140000,13539.00000000,0.0834
1749258743,0.08130000,173782.00000000,0.0834
1749258743,0.08120000,8902.00000000,0.0834
1749258743,0.08110000,27410.00000000,0.0834
1749258743,0.08100000,34677.00000000,0.0834
1749258743,0.08090000,22157.00000000,0.0834
1749258743,0.08080000,47852.00000000,0.0834
1749258743,0.08070000,9467.00000000,0.0834
1749258743,0.08060000,9015.00000000,0.0834
1749258743,0.08050000,789.00000000,0.0834
1749258743,0.08040000,1534.00000000,0.0834
1749258743,0.08030000,13149.00000000,0.0834
1749258743,0.08020000,15339.00000000,0.0834
1749258743,0.08010000,16729.00000000,0.0834
1749258743,0.08000000,5033.00000000,0.0834
1749258743,0.07990000,6818.00000000,0.0834
1749258743,0.07980000,1626.00000000,0.0834
1749258743,0.07970000,4784.00000000,0.0834
1749258743,0.07960000,2548.00000000,0.0834
1749258743,0.07950000,220.00000000,0.0834
1749258743,0.07940000,10191.00000000,0.0834
1749258743,0.07930000,280.00000000,0.0834
1749258743,0.07920000,706.00000000,0.0834
1749258743,0.07910000,126.00000000,0.0834
1749258743,0.07900000,213.00000000,0.0834
1749258743,0.07890000,126.00000000,0.0834
1749258743,0.07880000,836.00000000,0.0834
1749258743,0.07870000,126.00000000,0.0834
1749258743,0.07860000,25123.00000000,0.0834
1749258743,0.07850000,196.00000000,0.0834
1749258743,0.07840000,1796.00000000,0.0834
1749258743,0.07830000,318.00000000,0.0834
1749258743,0.07820000,241.00000000,0.0834
1749258743,0.07810000,228.00000000,0.0834
1749258743,0.07800000,1941.00000000,0.0834
1749258743,0.07790000,126.00000000,0.0834
1749258743,0.07780000,126.00000000,0.0834
1749258743,0.07770000,16063.00000000,0.0834
1749258743,0.07760000,718.00000000,0.0834
1749258743,0.07750000,76288.00000000,0.0834
1749258743,0.07740000,771.00000000,0.0834
1749258743,0.07730000,126.00000000,0.0834
1749258743,0.07720000,966.00000000,0.0834
1749258743,0.07710000,722.00000000,0.0834
1749258743,0.07700000,7748.00000000,0.0834
1749258743,0.07690000,126.00000000,0.0834
1749258743,0.07680000,6636.00000000,0.0834
1749258743,0.07670000,725.00000000,0.0834
1749258743,0.07660000,10426.00000000,0.0834
1749258743,0.07650000,19821.00000000,0.0834
1749258743,0.07640000,233.00000000,0.0834
1749258743,0.07630000,802.00000000,0.0834
1749258743,0.07620000,222.00000000,0.0834
1749258743,0.07610000,194.00000000,0.0834
1749258743,0.07600000,14892.00000000,0.0834
1749258743,0.07590000,11337.00000000,0.0834
1749258743,0.07580000,10310.00000000,0.0834
1749258743,0.07570000,159.00000000,0.0834
1749258743,0.07550000,609.00000000,0.0834
1749258743,0.07530000,64065.00000000,0.0834
1749258743,0.07510000,11409.00000000,0.0834
1749258743,0.07500000,63740.00000000,0.0834
1749258743,0.07470000,2922.00000000,0.0834
1749258743,0.07460000,25904.00000000,0.0834
1749258743,0.07450000,60968.00000000,0.0834
1749258743,0.07430000,421.00000000,0.0834
1749258743,0.07420000,11252.00000000,0.0834
1749258743,0.07400000,911.00000000,0.0834
1749258743,0.07380000,9938.00000000,0.0834
1749258743,0.07370000,21031.00000000,0.0834
1749258743,0.07350000,5833.00000000,0.0834
1749258743,0.07340000,1611.00000000,0.0834
1749258743,0.07330000,551.00000000,0.0834
1749258743,0.07320000,127.00000000,0.0834
1749258743,0.07300000,68113.00000000,0.0834
1749258743,0.07290000,301.00000000,0.0834
1749258743,0.07280000,10000.00000000,0.0834
1749258743,0.07260000,1204.00000000,0.0834
1749258743,0.07250000,736.00000000,0.0834
1749258743,0.07240000,6906.00000000,0.0834
1749258743,0.07230000,336.00000000,0.0834
1749259045,0.08330000,60867.00000000,0.0834
1749259045,0.08320000,222816.00000000,0.0834
1749259045,0.08310000,267455.00000000,0.0834
1749259045,0.08300000,197342.00000000,0.0834
1749259045,0.08290000,246046.00000000,0.0834
1749259045,0.08280000,208588.00000000,0.0834
1749259045,0.08270000,32003.00000000,0.0834
1749259045,0.08260000,299808.00000000,0.0834
1749259045,0.08250000,83533.00000000,0.0834
1749259045,0.08240000,111540.00000000,0.0834
1749259045,0.08230000,16260.00000000,0.0834
1749259045,0.08220000,209971.00000000,0.0834
1749259045,0.08210000,23742.00000000,0.0834
1749259045,0.08200000,60779.00000000,0.0834
1749259045,0.08190000,31486.00000000,0.0834
1749259045,0.08180000,69011.00000000,0.0834
1749259045,0.08170000,24175.00000000,0.0834
1749259045,0.08160000,47076.00000000,0.0834
1749259045,0.08150000,21501.00000000,0.0834
1749259045,0.08140000,55635.00000000,0.0834
1749259045,0.08130000,173782.00000000,0.0834
1749259045,0.08120000,10136.00000000,0.0834
1749259045,0.08110000,21194.00000000,0.0834
1749259045,0.08100000,35298.00000000,0.0834
1749259045,0.08090000,18177.00000000,0.0834
1749259045,0.08080000,9096.00000000,0.0834
1749259045,0.08070000,1160.00000000,0.0834
1749259045,0.08060000,8525.00000000,0.0834
1749259045,0.08050000,789.00000000,0.0834
1749259045,0.08040000,293.00000000,0.0834
1749259045,0.08030000,21456.00000000,0.0834
1749259045,0.08020000,15396.00000000,0.0834
1749259045,0.08010000,17447.00000000,0.0834
1749259045,0.08000000,21003.00000000,0.0834
1749259045,0.07990000,2190.00000000,0.0834
1749259045,0.07980000,1626.00000000,0.0834
1749259045,0.07970000,4958.00000000,0.0834
1749259045,0.07960000,126.00000000,0.0834
1749259045,0.07950000,2471.00000000,0.0834
1749259045,0.07940000,10191.00000000,0.0834
1749259045,0.07930000,280.00000000,0.0834
1749259045,0.07920000,833.00000000,0.0834
1749259045,0.07910000,253.00000000,0.0834
1749259045,0.07900000,467.00000000,0.0834
1749259045,0.07890000,126.00000000,0.0834
1749259045,0.07880000,836.00000000,0.0834
1749259045,0.07870000,126.00000000,0.0834
1749259045,0.07860000,25123.00000000,0.0834
1749259045,0.07850000,196.00000000,0.0834
1749259045,0.07840000,1668.00000000,0.0834
1749259045,0.07830000,318.00000000,0.0834
1749259045,0.07820000,241.00000000,0.0834
1749259045,0.07810000,228.00000000,0.0834
1749259045,0.07800000,1941.00000000,0.0834
1749259045,0.07790000,126.00000000,0.0834
1749259045,0.07780000,126.00000000,0.0834
1749259045,0.07770000,15934.00000000,0.0834
1749259045,0.07760000,718.00000000,0.0834
1749259045,0.07750000,76288.00000000,0.0834
1749259045,0.07740000,771.00000000,0.0834
1749259045,0.07730000,126.00000000,0.0834
1749259045,0.07720000,706.00000000,0.0834
1749259045,0.07710000,722.00000000,0.0834
1749259045,0.07700000,7748.00000000,0.0834
1749259045,0.07690000,126.00000000,0.0834
1749259045,0.07680000,6636.00000000,0.0834
1749259045,0.07670000,725.00000000,0.0834
1749259045,0.07660000,10426.00000000,0.0834
1749259045,0.07650000,19821.00000000,0.0834
1749259045,0.07640000,233.00000000,0.0834
1749259045,0.07630000,802.00000000,0.0834
1749259045,0.07620000,222.00000000,0.0834
1749259045,0.07610000,194.00000000,0.0834
1749259045,0.07600000,14892.00000000,0.0834
1749259045,0.07590000,11337.00000000,0.0834
1749259045,0.07580000,10310.00000000,0.0834
1749259045,0.07570000,159.00000000,0.0834
1749259045,0.07550000,609.00000000,0.0834
1749259045,0.07530000,64065.00000000,0.0834
1749259045,0.07510000,11409.00000000,0.0834
1749259045,0.07500000,63740.00000000,0.0834
1749259045,0.07470000,2922.00000000,0.0834
1749259045,0.07460000,25904.00000000,0.0834
1749259045,0.07450000,60968.00000000,0.0834
1749259045,0.07430000,421.00000000,0.0834
1749259045,0.07420000,11252.00000000,0.0834
1749259045,0.07400000,911.00000000,0.0834
1749259045,0.07380000,9938.00000000,0.0834
1749259045,0.07370000,21031.00000000,0.0834
1749259045,0.07350000,5833.00000000,0.0834
1749259045,0.07340000,1611.00000000,0.0834
1749259045,0.07330000,551.00000000,0.0834
1749259045,0.07320000,127.00000000,0.0834
1749259045,0.07300000,53114.00000000,0.0834
1749259045,0.07290000,301.00000000,0.0834
1749259045,0.07280000,10000.00000000,0.0834
1749259045,0.07260000,1204.00000000,0.0834
1749259045,0.07250000,736.00000000,0.0834
1749259045,0.07240000,6906.00000000,0.0834
1749259045,0.07230000,336.00000000,0.0834
