timestamp,price,volume,current_price
1749254643,0.08170000,158969.00000000,0.0817
1749254643,0.08160000,317911.00000000,0.0817
1749254643,0.08150000,228252.00000000,0.0817
1749254643,0.08140000,235248.00000000,0.0817
1749254643,0.08130000,241313.00000000,0.0817
1749254643,0.08120000,80265.00000000,0.0817
1749254643,0.08110000,182117.00000000,0.0817
1749254643,0.08100000,112798.00000000,0.0817
1749254643,0.08090000,80194.00000000,0.0817
1749254643,0.08080000,132943.00000000,0.0817
1749254643,0.08070000,59066.00000000,0.0817
1749254643,0.08060000,68548.00000000,0.0817
1749254643,0.08050000,57928.00000000,0.0817
1749254643,0.08040000,120634.00000000,0.0817
1749254643,0.08030000,63382.00000000,0.0817
1749254643,0.08020000,19301.00000000,0.0817
1749254643,0.08010000,28097.00000000,0.0817
1749254643,0.08000000,21560.00000000,0.0817
1749254643,0.07990000,4030.00000000,0.0817
1749254643,0.07980000,1781.00000000,0.0817
1749254643,0.07970000,75786.00000000,0.0817
1749254643,0.07960000,5523.00000000,0.0817
1749254643,0.07950000,9913.00000000,0.0817
1749254643,0.07940000,48879.00000000,0.0817
1749254643,0.07930000,61838.00000000,0.0817
1749254643,0.07920000,48661.00000000,0.0817
1749254643,0.07910000,802.00000000,0.0817
1749254643,0.07900000,308.00000000,0.0817
1749254643,0.07890000,10283.00000000,0.0817
1749254643,0.07880000,77729.00000000,0.0817
1749254643,0.07870000,4840.00000000,0.0817
1749254643,0.07860000,15261.00000000,0.0817
1749254643,0.07850000,1716.00000000,0.0817
1749254643,0.07840000,954.00000000,0.0817
1749254643,0.07830000,7022.00000000,0.0817
1749254643,0.07820000,126.00000000,0.0817
1749254643,0.07810000,228.00000000,0.0817
1749254643,0.07800000,1352.00000000,0.0817
1749254643,0.07790000,11773.00000000,0.0817
1749254643,0.07780000,126.00000000,0.0817
1749254643,0.07770000,24838.00000000,0.0817
1749254643,0.07760000,126.00000000,0.0817
1749254643,0.07750000,1106.00000000,0.0817
1749254643,0.07740000,8769.00000000,0.0817
1749254643,0.07730000,126.00000000,0.0817
1749254643,0.07720000,26157.00000000,0.0817
1749254643,0.07710000,12525.00000000,0.0817
1749254643,0.07700000,2979.00000000,0.0817
1749254643,0.07690000,126.00000000,0.0817
1749254643,0.07680000,6636.00000000,0.0817
1749254643,0.07670000,126.00000000,0.0817
1749254643,0.07660000,21326.00000000,0.0817
1749254643,0.07650000,19827.00000000,0.0817
1749254643,0.07640000,239.00000000,0.0817
1749254643,0.07630000,12001.00000000,0.0817
1749254643,0.07620000,831.00000000,0.0817
1749254643,0.07610000,200.00000000,0.0817
1749254643,0.07600000,14898.00000000,0.0817
1749254643,0.07590000,21252.00000000,0.0817
1749254643,0.07580000,11042.00000000,0.0817
1749254643,0.07570000,126.00000000,0.0817
1749254643,0.07560000,12030.00000000,0.0817
1749254643,0.07550000,83595.00000000,0.0817
1749254643,0.07540000,731.00000000,0.0817
1749254643,0.07530000,64187.00000000,0.0817
1749254643,0.07520000,122.00000000,0.0817
1749254643,0.07510000,21132.00000000,0.0817
1749254643,0.07500000,42725.00000000,0.0817
1749254643,0.07490000,122.00000000,0.0817
1749254643,0.07480000,12154.00000000,0.0817
1749254643,0.07470000,3044.00000000,0.0817
1749254643,0.07460000,26026.00000000,0.0817
1749254643,0.07450000,61091.00000000,0.0817
1749254643,0.07440000,123.00000000,0.0817
1749254643,0.07430000,203.00000000,0.0817
1749254643,0.07420000,21885.00000000,0.0817
1749254643,0.07400000,911.00000000,0.0817
1749254643,0.07380000,21510.00000000,0.0817
1749254643,0.07370000,21655.00000000,0.0817
1749254643,0.07360000,300.00000000,0.0817
1749254643,0.07350000,5833.00000000,0.0817
1749254643,0.07340000,985.00000000,0.0817
1749254643,0.07330000,1399.00000000,0.0817
1749254643,0.07320000,127.00000000,0.0817
1749254643,0.07300000,67059.00000000,0.0817
1749254643,0.07290000,932.00000000,0.0817
1749254643,0.07280000,10000.00000000,0.0817
1749254643,0.07260000,329.00000000,0.0817
1749254643,0.07250000,736.00000000,0.0817
1749254643,0.07240000,6906.00000000,0.0817
1749254643,0.07230000,336.00000000,0.0817
1749254643,0.07210000,638.00000000,0.0817
1749254643,0.07200000,24031.00000000,0.0817
1749254643,0.07190000,1001.00000000,0.0817
1749254643,0.07180000,74.00000000,0.0817
1749254643,0.07170000,641.00000000,0.0817
1749254643,0.07160000,170.00000000,0.0817
1749254643,0.07140000,7891.00000000,0.0817
1749254643,0.07130000,645.00000000,0.0817
1749254643,0.07120000,336.00000000,0.0817
1749254961,0.08140000,156189.00000000,0.0815
1749254961,0.08130000,490507.00000000,0.0815
1749254961,0.08120000,804971.00000000,0.0815
1749254961,0.08110000,433437.00000000,0.0815
1749254961,0.08100000,120567.00000000,0.0815
1749254961,0.08090000,204868.00000000,0.0815
1749254961,0.08080000,70627.00000000,0.0815
1749254961,0.08070000,117846.00000000,0.0815
1749254961,0.08060000,29711.00000000,0.0815
1749254961,0.08050000,24769.00000000,0.0815
1749254961,0.08040000,79542.00000000,0.0815
1749254961,0.08030000,58107.00000000,0.0815
1749254961,0.08020000,22129.00000000,0.0815
1749254961,0.08010000,28097.00000000,0.0815
1749254961,0.08000000,21426.00000000,0.0815
1749254961,0.07990000,7188.00000000,0.0815
1749254961,0.07980000,531.00000000,0.0815
1749254961,0.07970000,74974.00000000,0.0815
1749254961,0.07960000,7153.00000000,0.0815
1749254961,0.07950000,2723.00000000,0.0815
1749254961,0.07940000,48879.00000000,0.0815
1749254961,0.07930000,64481.00000000,0.0815
1749254961,0.07920000,221.00000000,0.0815
1749254961,0.07910000,49065.00000000,0.0815
1749254961,0.07900000,308.00000000,0.0815
1749254961,0.07890000,221.00000000,0.0815
1749254961,0.07880000,4861.00000000,0.0815
1749254961,0.07870000,2304.00000000,0.0815
1749254961,0.07860000,15477.00000000,0.0815
1749254961,0.07850000,11003.00000000,0.0815
1749254961,0.07840000,954.00000000,0.0815
1749254961,0.07830000,4737.00000000,0.0815
1749254961,0.07820000,2591.00000000,0.0815
1749254961,0.07810000,2519.00000000,0.0815
1749254961,0.07800000,1352.00000000,0.0815
1749254961,0.07790000,11773.00000000,0.0815
1749254961,0.07780000,255.00000000,0.0815
1749254961,0.07770000,30065.00000000,0.0815
1749254961,0.07760000,126.00000000,0.0815
1749254961,0.07750000,1106.00000000,0.0815
1749254961,0.07740000,1031.00000000,0.0815
1749254961,0.07730000,126.00000000,0.0815
1749254961,0.07720000,26157.00000000,0.0815
1749254961,0.07710000,12395.00000000,0.0815
1749254961,0.07700000,2979.00000000,0.0815
1749254961,0.07690000,126.00000000,0.0815
1749254961,0.07680000,6636.00000000,0.0815
1749254961,0.07670000,126.00000000,0.0815
1749254961,0.07660000,21326.00000000,0.0815
1749254961,0.07650000,19827.00000000,0.0815
1749254961,0.07640000,239.00000000,0.0815
1749254961,0.07630000,12001.00000000,0.0815
1749254961,0.07620000,831.00000000,0.0815
1749254961,0.07610000,200.00000000,0.0815
1749254961,0.07600000,14898.00000000,0.0815
1749254961,0.07590000,21252.00000000,0.0815
1749254961,0.07580000,11042.00000000,0.0815
1749254961,0.07570000,126.00000000,0.0815
1749254961,0.07560000,12030.00000000,0.0815
1749254961,0.07550000,78306.00000000,0.0815
1749254961,0.07540000,731.00000000,0.0815
1749254961,0.07530000,64187.00000000,0.0815
1749254961,0.07520000,5432.00000000,0.0815
1749254961,0.07510000,21132.00000000,0.0815
1749254961,0.07500000,42725.00000000,0.0815
1749254961,0.07490000,122.00000000,0.0815
1749254961,0.07480000,12154.00000000,0.0815
1749254961,0.07470000,3044.00000000,0.0815
1749254961,0.07460000,26027.00000000,0.0815
1749254961,0.07450000,61091.00000000,0.0815
1749254961,0.07440000,123.00000000,0.0815
1749254961,0.07430000,326.00000000,0.0815
1749254961,0.07420000,22008.00000000,0.0815
1749254961,0.07410000,123.00000000,0.0815
1749254961,0.07400000,911.00000000,0.0815
1749254961,0.07380000,21510.00000000,0.0815
1749254961,0.07370000,21655.00000000,0.0815
1749254961,0.07360000,300.00000000,0.0815
1749254961,0.07350000,5833.00000000,0.0815
1749254961,0.07340000,985.00000000,0.0815
1749254961,0.07330000,1399.00000000,0.0815
1749254961,0.07320000,127.00000000,0.0815
1749254961,0.07300000,67059.00000000,0.0815
1749254961,0.07290000,932.00000000,0.0815
1749254961,0.07280000,10000.00000000,0.0815
1749254961,0.07260000,329.00000000,0.0815
1749254961,0.07250000,736.00000000,0.0815
1749254961,0.07240000,6906.00000000,0.0815
1749254961,0.07230000,336.00000000,0.0815
1749254961,0.07210000,638.00000000,0.0815
1749254961,0.07200000,24031.00000000,0.0815
1749254961,0.07190000,1001.00000000,0.0815
1749254961,0.07180000,74.00000000,0.0815
1749254961,0.07170000,641.00000000,0.0815
1749254961,0.07160000,170.00000000,0.0815
1749254961,0.07140000,7891.00000000,0.0815
1749254961,0.07130000,645.00000000,0.0815
1749254961,0.07120000,336.00000000,0.0815
1749254961,0.07110000,6040.00000000,0.0815
1749254961,0.07100000,3326.00000000,0.0815
