timestamp,price,volume,current_price
1749260791,0.08240000,187143.00000000,0.0825
1749260791,0.08230000,393700.00000000,0.0825
1749260791,0.08220000,980874.00000000,0.0825
1749260791,0.08210000,276198.00000000,0.0825
1749260791,0.08200000,42737.00000000,0.0825
1749260791,0.08190000,185739.00000000,0.0825
1749260791,0.08180000,46134.00000000,0.0825
1749260791,0.08170000,35823.00000000,0.0825
1749260791,0.08160000,264010.00000000,0.0825
1749260791,0.08150000,38846.00000000,0.0825
1749260791,0.08140000,147205.00000000,0.0825
1749260791,0.08130000,58027.00000000,0.0825
1749260791,0.08120000,90613.00000000,0.0825
1749260791,0.08110000,27339.00000000,0.0825
1749260791,0.08100000,74250.00000000,0.0825
1749260791,0.08090000,56252.00000000,0.0825
1749260791,0.08080000,64045.00000000,0.0825
1749260791,0.08070000,33641.00000000,0.0825
1749260791,0.08060000,46116.00000000,0.0825
1749260791,0.08050000,9468.00000000,0.0825
1749260791,0.08040000,175270.00000000,0.0825
1749260791,0.08030000,48083.00000000,0.0825
1749260791,0.08020000,8526.00000000,0.0825
1749260791,0.08010000,33441.00000000,0.0825
1749260791,0.08000000,49343.00000000,0.0825
1749260791,0.07990000,2190.00000000,0.0825
1749260791,0.07980000,10025.00000000,0.0825
1749260791,0.07970000,3160.00000000,0.0825
1749260791,0.07960000,8433.00000000,0.0825
1749260791,0.07950000,8527.00000000,0.0825
1749260791,0.07940000,31303.00000000,0.0825
1749260791,0.07930000,90914.00000000,0.0825
1749260791,0.07920000,11780.00000000,0.0825
1749260791,0.07910000,4691.00000000,0.0825
1749260791,0.07900000,14849.00000000,0.0825
1749260791,0.07890000,126.00000000,0.0825
1749260791,0.07880000,709.00000000,0.0825
1749260791,0.07870000,2575.00000000,0.0825
1749260791,0.07860000,5038.00000000,0.0825
1749260791,0.07850000,196.00000000,0.0825
1749260791,0.07840000,12235.00000000,0.0825
1749260791,0.07830000,25539.00000000,0.0825
1749260791,0.07820000,8832.00000000,0.0825
1749260791,0.07810000,998.00000000,0.0825
1749260791,0.07800000,2070.00000000,0.0825
1749260791,0.07790000,6533.00000000,0.0825
1749260791,0.07780000,255.00000000,0.0825
1749260791,0.07770000,16063.00000000,0.0825
1749260791,0.07760000,11523.00000000,0.0825
1749260791,0.07750000,76288.00000000,0.0825
1749260791,0.07740000,771.00000000,0.0825
1749260791,0.07730000,126.00000000,0.0825
1749260791,0.07720000,706.00000000,0.0825
1749260791,0.07710000,722.00000000,0.0825
1749260791,0.07700000,7748.00000000,0.0825
1749260791,0.07690000,126.00000000,0.0825
1749260791,0.07680000,17554.00000000,0.0825
1749260791,0.07670000,725.00000000,0.0825
1749260791,0.07660000,126.00000000,0.0825
1749260791,0.07650000,19821.00000000,0.0825
1749260791,0.07640000,233.00000000,0.0825
1749260791,0.07630000,802.00000000,0.0825
1749260791,0.07620000,222.00000000,0.0825
1749260791,0.07610000,11212.00000000,0.0825
1749260791,0.07600000,14892.00000000,0.0825
1749260791,0.07590000,1063.00000000,0.0825
1749260791,0.07580000,10431.00000000,0.0825
1749260791,0.07570000,280.00000000,0.0825
1749260791,0.07560000,121.00000000,0.0825
1749260791,0.07550000,3970.00000000,0.0825
1749260791,0.07540000,12741.00000000,0.0825
1749260791,0.07530000,64186.00000000,0.0825
1749260791,0.07520000,11271.00000000,0.0825
1749260791,0.07510000,733.00000000,0.0825
1749260791,0.07500000,65948.00000000,0.0825
1749260791,0.07470000,2922.00000000,0.0825
1749260791,0.07460000,25904.00000000,0.0825
1749260791,0.07450000,60968.00000000,0.0825
1749260791,0.07430000,11706.00000000,0.0825
1749260791,0.07420000,619.00000000,0.0825
1749260791,0.07410000,148.00000000,0.0825
1749260791,0.07400000,911.00000000,0.0825
1749260791,0.07380000,9938.00000000,0.0825
1749260791,0.07370000,21179.00000000,0.0825
1749260791,0.07350000,5833.00000000,0.0825
1749260791,0.07340000,1611.00000000,0.0825
1749260791,0.07330000,551.00000000,0.0825
1749260791,0.07320000,127.00000000,0.0825
1749260791,0.07300000,53114.00000000,0.0825
1749260791,0.07290000,301.00000000,0.0825
1749260791,0.07280000,10000.00000000,0.0825
1749260791,0.07260000,1204.00000000,0.0825
1749260791,0.07250000,736.00000000,0.0825
1749260791,0.07240000,6906.00000000,0.0825
1749260791,0.07230000,336.00000000,0.0825
1749260791,0.07210000,638.00000000,0.0825
1749260791,0.07200000,87841.00000000,0.0825
1749260791,0.07190000,1001.00000000,0.0825
1749260791,0.07180000,74.00000000,0.0825
1749260791,0.07170000,641.00000000,0.0825
1749261111,0.08240000,143352.00000000,0.0824
1749261111,0.08230000,353194.00000000,0.0824
1749261111,0.08220000,481229.00000000,0.0824
1749261111,0.08210000,204723.00000000,0.0824
1749261111,0.08200000,196599.00000000,0.0824
1749261111,0.08190000,154137.00000000,0.0824
1749261111,0.08180000,183296.00000000,0.0824
1749261111,0.08170000,38286.00000000,0.0824
1749261111,0.08160000,44846.00000000,0.0824
1749261111,0.08150000,71366.00000000,0.0824
1749261111,0.08140000,95884.00000000,0.0824
1749261111,0.08130000,35498.00000000,0.0824
1749261111,0.08120000,86097.00000000,0.0824
1749261111,0.08110000,64888.00000000,0.0824
1749261111,0.08100000,74708.00000000,0.0824
1749261111,0.08090000,41442.00000000,0.0824
1749261111,0.08080000,38474.00000000,0.0824
1749261111,0.08070000,173809.00000000,0.0824
1749261111,0.08060000,46116.00000000,0.0824
1749261111,0.08050000,20541.00000000,0.0824
1749261111,0.08040000,9831.00000000,0.0824
1749261111,0.08030000,46489.00000000,0.0824
1749261111,0.08020000,16679.00000000,0.0824
1749261111,0.08010000,21265.00000000,0.0824
1749261111,0.08000000,52266.00000000,0.0824
1749261111,0.07990000,18682.00000000,0.0824
1749261111,0.07980000,16873.00000000,0.0824
1749261111,0.07970000,1039.00000000,0.0824
1749261111,0.07960000,58596.00000000,0.0824
1749261111,0.07950000,8527.00000000,0.0824
1749261111,0.07940000,18408.00000000,0.0824
1749261111,0.07930000,280.00000000,0.0824
1749261111,0.07920000,2213.00000000,0.0824
1749261111,0.07910000,2388.00000000,0.0824
1749261111,0.07900000,8982.00000000,0.0824
1749261111,0.07890000,126.00000000,0.0824
1749261111,0.07880000,6990.00000000,0.0824
1749261111,0.07870000,126.00000000,0.0824
1749261111,0.07860000,5038.00000000,0.0824
1749261111,0.07850000,324.00000000,0.0824
1749261111,0.07840000,12235.00000000,0.0824
1749261111,0.07830000,26185.00000000,0.0824
1749261111,0.07820000,497.00000000,0.0824
1749261111,0.07810000,228.00000000,0.0824
1749261111,0.07800000,2070.00000000,0.0824
1749261111,0.07790000,126.00000000,0.0824
1749261111,0.07780000,255.00000000,0.0824
1749261111,0.07770000,16063.00000000,0.0824
1749261111,0.07760000,11523.00000000,0.0824
1749261111,0.07750000,76288.00000000,0.0824
1749261111,0.07740000,771.00000000,0.0824
1749261111,0.07730000,126.00000000,0.0824
1749261111,0.07720000,706.00000000,0.0824
1749261111,0.07710000,722.00000000,0.0824
1749261111,0.07700000,7748.00000000,0.0824
1749261111,0.07690000,126.00000000,0.0824
1749261111,0.07680000,17554.00000000,0.0824
1749261111,0.07670000,725.00000000,0.0824
1749261111,0.07660000,126.00000000,0.0824
1749261111,0.07650000,19821.00000000,0.0824
1749261111,0.07640000,233.00000000,0.0824
1749261111,0.07630000,802.00000000,0.0824
1749261111,0.07620000,222.00000000,0.0824
1749261111,0.07610000,11212.00000000,0.0824
1749261111,0.07600000,14892.00000000,0.0824
1749261111,0.07590000,1063.00000000,0.0824
1749261111,0.07580000,10431.00000000,0.0824
1749261111,0.07570000,280.00000000,0.0824
1749261111,0.07560000,121.00000000,0.0824
1749261111,0.07550000,730.00000000,0.0824
1749261111,0.07540000,121.00000000,0.0824
1749261111,0.07530000,64186.00000000,0.0824
1749261111,0.07520000,11272.00000000,0.0824
1749261111,0.07510000,734.00000000,0.0824
1749261111,0.07500000,63740.00000000,0.0824
1749261111,0.07470000,2922.00000000,0.0824
1749261111,0.07460000,25904.00000000,0.0824
1749261111,0.07450000,60968.00000000,0.0824
1749261111,0.07430000,11706.00000000,0.0824
1749261111,0.07420000,619.00000000,0.0824
1749261111,0.07410000,148.00000000,0.0824
1749261111,0.07400000,911.00000000,0.0824
1749261111,0.07380000,9938.00000000,0.0824
1749261111,0.07370000,21179.00000000,0.0824
1749261111,0.07350000,5833.00000000,0.0824
1749261111,0.07340000,1611.00000000,0.0824
1749261111,0.07330000,551.00000000,0.0824
1749261111,0.07320000,127.00000000,0.0824
1749261111,0.07300000,53114.00000000,0.0824
1749261111,0.07290000,301.00000000,0.0824
1749261111,0.07280000,10000.00000000,0.0824
1749261111,0.07260000,1204.00000000,0.0824
1749261111,0.07250000,736.00000000,0.0824
1749261111,0.07240000,6906.00000000,0.0824
1749261111,0.07230000,336.00000000,0.0824
1749261111,0.07210000,638.00000000,0.0824
1749261111,0.07200000,90141.00000000,0.0824
1749261111,0.07190000,1001.00000000,0.0824
1749261111,0.07180000,74.00000000,0.0824
1749261111,0.07170000,641.00000000,0.0824
1749261429,0.08220000,71187.00000000,0.0823
1749261429,0.08210000,535394.00000000,0.0823
1749261429,0.08200000,913721.00000000,0.0823
1749261429,0.08190000,228085.00000000,0.0823
1749261429,0.08180000,50069.00000000,0.0823
1749261429,0.08170000,191974.00000000,0.0823
1749261429,0.08160000,70147.00000000,0.0823
1749261429,0.08150000,228323.00000000,0.0823
1749261429,0.08140000,44788.00000000,0.0823
1749261429,0.08130000,114714.00000000,0.0823
1749261429,0.08120000,107542.00000000,0.0823
1749261429,0.08110000,101212.00000000,0.0823
1749261429,0.08100000,49263.00000000,0.0823
1749261429,0.08090000,31076.00000000,0.0823
1749261429,0.08080000,52672.00000000,0.0823
1749261429,0.08070000,23359.00000000,0.0823
1749261429,0.08060000,50924.00000000,0.0823
1749261429,0.08050000,9468.00000000,0.0823
1749261429,0.08040000,187799.00000000,0.0823
1749261429,0.08030000,13564.00000000,0.0823
1749261429,0.08020000,52778.00000000,0.0823
1749261429,0.08010000,32676.00000000,0.0823
1749261429,0.08000000,54750.00000000,0.0823
1749261429,0.07990000,12611.00000000,0.0823
1749261429,0.07980000,10025.00000000,0.0823
1749261429,0.07970000,1039.00000000,0.0823
1749261429,0.07960000,8433.00000000,0.0823
1749261429,0.07950000,23594.00000000,0.0823
1749261429,0.07940000,24421.00000000,0.0823
1749261429,0.07930000,280.00000000,0.0823
1749261429,0.07920000,45205.00000000,0.0823
1749261429,0.07910000,61175.00000000,0.0823
1749261429,0.07900000,2527.00000000,0.0823
1749261429,0.07890000,126.00000000,0.0823
1749261429,0.07880000,709.00000000,0.0823
1749261429,0.07870000,2575.00000000,0.0823
1749261429,0.07860000,5038.00000000,0.0823
1749261429,0.07850000,196.00000000,0.0823
1749261429,0.07840000,18601.00000000,0.0823
1749261429,0.07830000,33736.00000000,0.0823
1749261429,0.07820000,241.00000000,0.0823
1749261429,0.07810000,356.00000000,0.0823
1749261429,0.07800000,2586.00000000,0.0823
1749261429,0.07790000,904.00000000,0.0823
1749261429,0.07780000,126.00000000,0.0823
1749261429,0.07770000,15934.00000000,0.0823
1749261429,0.07760000,11523.00000000,0.0823
1749261429,0.07750000,76288.00000000,0.0823
1749261429,0.07740000,771.00000000,0.0823
1749261429,0.07730000,126.00000000,0.0823
1749261429,0.07720000,706.00000000,0.0823
1749261429,0.07710000,722.00000000,0.0823
1749261429,0.07700000,7748.00000000,0.0823
1749261429,0.07690000,126.00000000,0.0823
1749261429,0.07680000,17554.00000000,0.0823
1749261429,0.07670000,725.00000000,0.0823
1749261429,0.07660000,126.00000000,0.0823
1749261429,0.07650000,19821.00000000,0.0823
1749261429,0.07640000,233.00000000,0.0823
1749261429,0.07630000,802.00000000,0.0823
1749261429,0.07620000,222.00000000,0.0823
1749261429,0.07610000,11212.00000000,0.0823
1749261429,0.07600000,14892.00000000,0.0823
1749261429,0.07590000,1063.00000000,0.0823
1749261429,0.07580000,10431.00000000,0.0823
1749261429,0.07570000,280.00000000,0.0823
1749261429,0.07560000,121.00000000,0.0823
1749261429,0.07550000,730.00000000,0.0823
1749261429,0.07540000,121.00000000,0.0823
1749261429,0.07530000,64186.00000000,0.0823
1749261429,0.07520000,11272.00000000,0.0823
1749261429,0.07510000,734.00000000,0.0823
1749261429,0.07500000,70567.00000000,0.0823
1749261429,0.07490000,122.00000000,0.0823
1749261429,0.07470000,2922.00000000,0.0823
1749261429,0.07460000,25904.00000000,0.0823
1749261429,0.07450000,60968.00000000,0.0823
1749261429,0.07430000,11706.00000000,0.0823
1749261429,0.07420000,619.00000000,0.0823
1749261429,0.07400000,911.00000000,0.0823
1749261429,0.07390000,296.00000000,0.0823
1749261429,0.07380000,9938.00000000,0.0823
1749261429,0.07370000,21031.00000000,0.0823
1749261429,0.07350000,5833.00000000,0.0823
1749261429,0.07340000,1611.00000000,0.0823
1749261429,0.07330000,551.00000000,0.0823
1749261429,0.07320000,127.00000000,0.0823
1749261429,0.07300000,53114.00000000,0.0823
1749261429,0.07290000,301.00000000,0.0823
1749261429,0.07280000,10000.00000000,0.0823
1749261429,0.07260000,1204.00000000,0.0823
1749261429,0.07250000,736.00000000,0.0823
1749261429,0.07240000,6906.00000000,0.0823
1749261429,0.07230000,336.00000000,0.0823
1749261429,0.07210000,638.00000000,0.0823
1749261429,0.07200000,90141.00000000,0.0823
1749261429,0.07190000,1001.00000000,0.0823
1749261429,0.07180000,74.00000000,0.0823
1749261429,0.07170000,641.00000000,0.0823
1749261429,0.07160000,170.00000000,0.0823
1749261740,0.08220000,85796.00000000,0.0823
1749261740,0.08210000,559102.00000000,0.0823
1749261740,0.08200000,948504.00000000,0.0823
1749261740,0.08190000,133672.00000000,0.0823
1749261740,0.08180000,160883.00000000,0.0823
1749261740,0.08170000,43545.00000000,0.0823
1749261740,0.08160000,124596.00000000,0.0823
1749261740,0.08150000,214154.00000000,0.0823
1749261740,0.08140000,57724.00000000,0.0823
1749261740,0.08130000,115910.00000000,0.0823
1749261740,0.08120000,86689.00000000,0.0823
1749261740,0.08110000,90244.00000000,0.0823
1749261740,0.08100000,80202.00000000,0.0823
1749261740,0.08090000,35585.00000000,0.0823
1749261740,0.08080000,28911.00000000,0.0823
1749261740,0.08070000,16034.00000000,0.0823
1749261740,0.08060000,56002.00000000,0.0823
1749261740,0.08050000,9468.00000000,0.0823
1749261740,0.08040000,180166.00000000,0.0823
1749261740,0.08030000,9876.00000000,0.0823
1749261740,0.08020000,52778.00000000,0.0823
1749261740,0.08010000,32676.00000000,0.0823
1749261740,0.08000000,60439.00000000,0.0823
1749261740,0.07990000,2928.00000000,0.0823
1749261740,0.07980000,10025.00000000,0.0823
1749261740,0.07970000,2539.00000000,0.0823
1749261740,0.07960000,8433.00000000,0.0823
1749261740,0.07950000,220.00000000,0.0823
1749261740,0.07940000,24421.00000000,0.0823
1749261740,0.07930000,18052.00000000,0.0823
1749261740,0.07920000,10520.00000000,0.0823
1749261740,0.07910000,2437.00000000,0.0823
1749261740,0.07900000,213.00000000,0.0823
1749261740,0.07890000,2394.00000000,0.0823
1749261740,0.07880000,709.00000000,0.0823
1749261740,0.07870000,2575.00000000,0.0823
1749261740,0.07860000,5038.00000000,0.0823
1749261740,0.07850000,196.00000000,0.0823
1749261740,0.07840000,12235.00000000,0.0823
1749261740,0.07830000,31785.00000000,0.0823
1749261740,0.07820000,241.00000000,0.0823
1749261740,0.07810000,356.00000000,0.0823
1749261740,0.07800000,2586.00000000,0.0823
1749261740,0.07790000,126.00000000,0.0823
1749261740,0.07780000,126.00000000,0.0823
1749261740,0.07770000,15934.00000000,0.0823
1749261740,0.07760000,11523.00000000,0.0823
1749261740,0.07750000,76288.00000000,0.0823
1749261740,0.07740000,771.00000000,0.0823
1749261740,0.07730000,126.00000000,0.0823
1749261740,0.07720000,706.00000000,0.0823
1749261740,0.07710000,722.00000000,0.0823
1749261740,0.07700000,7748.00000000,0.0823
1749261740,0.07690000,126.00000000,0.0823
1749261740,0.07680000,17554.00000000,0.0823
1749261740,0.07670000,725.00000000,0.0823
1749261740,0.07660000,126.00000000,0.0823
1749261740,0.07650000,19821.00000000,0.0823
1749261740,0.07640000,233.00000000,0.0823
1749261740,0.07630000,802.00000000,0.0823
1749261740,0.07620000,222.00000000,0.0823
1749261740,0.07610000,11212.00000000,0.0823
1749261740,0.07600000,14892.00000000,0.0823
1749261740,0.07590000,1063.00000000,0.0823
1749261740,0.07580000,10431.00000000,0.0823
1749261740,0.07570000,280.00000000,0.0823
1749261740,0.07560000,121.00000000,0.0823
1749261740,0.07550000,730.00000000,0.0823
1749261740,0.07540000,121.00000000,0.0823
1749261740,0.07530000,64186.00000000,0.0823
1749261740,0.07520000,11272.00000000,0.0823
1749261740,0.07510000,734.00000000,0.0823
1749261740,0.07500000,70567.00000000,0.0823
1749261740,0.07490000,122.00000000,0.0823
1749261740,0.07470000,2922.00000000,0.0823
1749261740,0.07460000,25904.00000000,0.0823
1749261740,0.07450000,60968.00000000,0.0823
1749261740,0.07430000,11706.00000000,0.0823
1749261740,0.07420000,619.00000000,0.0823
1749261740,0.07400000,1059.00000000,0.0823
1749261740,0.07390000,148.00000000,0.0823
1749261740,0.07380000,9938.00000000,0.0823
1749261740,0.07370000,21031.00000000,0.0823
1749261740,0.07350000,5833.00000000,0.0823
1749261740,0.07340000,1611.00000000,0.0823
1749261740,0.07330000,551.00000000,0.0823
1749261740,0.07320000,127.00000000,0.0823
1749261740,0.07300000,53114.00000000,0.0823
1749261740,0.07290000,301.00000000,0.0823
1749261740,0.07280000,10000.00000000,0.0823
1749261740,0.07260000,1204.00000000,0.0823
1749261740,0.07250000,736.00000000,0.0823
1749261740,0.07240000,6906.00000000,0.0823
1749261740,0.07230000,336.00000000,0.0823
1749261740,0.07210000,1428.00000000,0.0823
1749261740,0.07200000,90141.00000000,0.0823
1749261740,0.07190000,1001.00000000,0.0823
1749261740,0.07180000,74.00000000,0.0823
1749261740,0.07170000,641.00000000,0.0823
1749261740,0.07160000,170.00000000,0.0823
1749262048,0.08220000,98507.00000000,0.0822
1749262048,0.08210000,523158.00000000,0.0822
1749262048,0.08200000,903152.00000000,0.0822
1749262048,0.08190000,248543.00000000,0.0822
1749262048,0.08180000,160728.00000000,0.0822
1749262048,0.08170000,25150.00000000,0.0822
1749262048,0.08160000,178985.00000000,0.0822
1749262048,0.08150000,159701.00000000,0.0822
1749262048,0.08140000,82924.00000000,0.0822
1749262048,0.08130000,43204.00000000,0.0822
1749262048,0.08120000,170521.00000000,0.0822
1749262048,0.08110000,22130.00000000,0.0822
1749262048,0.08100000,80020.00000000,0.0822
1749262048,0.08090000,36368.00000000,0.0822
1749262048,0.08080000,28726.00000000,0.0822
1749262048,0.08070000,44343.00000000,0.0822
1749262048,0.08060000,35007.00000000,0.0822
1749262048,0.08050000,9468.00000000,0.0822
1749262048,0.08040000,168082.00000000,0.0822
1749262048,0.08030000,21982.00000000,0.0822
1749262048,0.08020000,54022.00000000,0.0822
1749262048,0.08010000,32676.00000000,0.0822
1749262048,0.08000000,52266.00000000,0.0822
1749262048,0.07990000,9748.00000000,0.0822
1749262048,0.07980000,10025.00000000,0.0822
1749262048,0.07970000,2539.00000000,0.0822
1749262048,0.07960000,8433.00000000,0.0822
1749262048,0.07950000,220.00000000,0.0822
1749262048,0.07940000,24421.00000000,0.0822
1749262048,0.07930000,18052.00000000,0.0822
1749262048,0.07920000,10520.00000000,0.0822
1749262048,0.07910000,2437.00000000,0.0822
1749262048,0.07900000,213.00000000,0.0822
1749262048,0.07890000,2394.00000000,0.0822
1749262048,0.07880000,709.00000000,0.0822
1749262048,0.07870000,2575.00000000,0.0822
1749262048,0.07860000,5038.00000000,0.0822
1749262048,0.07850000,196.00000000,0.0822
1749262048,0.07840000,12235.00000000,0.0822
1749262048,0.07830000,6692.00000000,0.0822
1749262048,0.07820000,241.00000000,0.0822
1749262048,0.07810000,25513.00000000,0.0822
1749262048,0.07800000,2586.00000000,0.0822
1749262048,0.07790000,126.00000000,0.0822
1749262048,0.07780000,126.00000000,0.0822
1749262048,0.07770000,15934.00000000,0.0822
1749262048,0.07760000,11523.00000000,0.0822
1749262048,0.07750000,76288.00000000,0.0822
1749262048,0.07740000,771.00000000,0.0822
1749262048,0.07730000,126.00000000,0.0822
1749262048,0.07720000,706.00000000,0.0822
1749262048,0.07710000,722.00000000,0.0822
1749262048,0.07700000,7748.00000000,0.0822
1749262048,0.07690000,126.00000000,0.0822
1749262048,0.07680000,17554.00000000,0.0822
1749262048,0.07670000,725.00000000,0.0822
1749262048,0.07660000,126.00000000,0.0822
1749262048,0.07650000,19821.00000000,0.0822
1749262048,0.07640000,233.00000000,0.0822
1749262048,0.07630000,802.00000000,0.0822
1749262048,0.07620000,222.00000000,0.0822
1749262048,0.07610000,11212.00000000,0.0822
1749262048,0.07600000,14892.00000000,0.0822
1749262048,0.07590000,1063.00000000,0.0822
1749262048,0.07580000,10431.00000000,0.0822
1749262048,0.07570000,280.00000000,0.0822
1749262048,0.07560000,121.00000000,0.0822
1749262048,0.07550000,730.00000000,0.0822
1749262048,0.07540000,121.00000000,0.0822
1749262048,0.07530000,64186.00000000,0.0822
1749262048,0.07520000,11272.00000000,0.0822
1749262048,0.07510000,734.00000000,0.0822
1749262048,0.07500000,70567.00000000,0.0822
1749262048,0.07490000,122.00000000,0.0822
1749262048,0.07470000,2922.00000000,0.0822
1749262048,0.07460000,25904.00000000,0.0822
1749262048,0.07450000,60968.00000000,0.0822
1749262048,0.07430000,11706.00000000,0.0822
1749262048,0.07420000,619.00000000,0.0822
1749262048,0.07400000,1059.00000000,0.0822
1749262048,0.07390000,148.00000000,0.0822
1749262048,0.07380000,9938.00000000,0.0822
1749262048,0.07370000,21031.00000000,0.0822
1749262048,0.07350000,5833.00000000,0.0822
1749262048,0.07340000,1611.00000000,0.0822
1749262048,0.07330000,551.00000000,0.0822
1749262048,0.07320000,127.00000000,0.0822
1749262048,0.07300000,53114.00000000,0.0822
1749262048,0.07290000,301.00000000,0.0822
1749262048,0.07280000,10000.00000000,0.0822
1749262048,0.07260000,1204.00000000,0.0822
1749262048,0.07250000,736.00000000,0.0822
1749262048,0.07240000,6906.00000000,0.0822
1749262048,0.07230000,336.00000000,0.0822
1749262048,0.07210000,638.00000000,0.0822
1749262048,0.07200000,90141.00000000,0.0822
1749262048,0.07190000,1001.00000000,0.0822
1749262048,0.07180000,74.00000000,0.0822
1749262048,0.07170000,641.00000000,0.0822
1749262048,0.07160000,170.00000000,0.0822
1749262349,0.08220000,57467.00000000,0.0822
1749262349,0.08210000,542553.00000000,0.0822
1749262349,0.08200000,867605.00000000,0.0822
1749262349,0.08190000,257293.00000000,0.0822
1749262349,0.08180000,166465.00000000,0.0822
1749262349,0.08170000,75164.00000000,0.0822
1749262349,0.08160000,164252.00000000,0.0822
1749262349,0.08150000,131102.00000000,0.0822
1749262349,0.08140000,163978.00000000,0.0822
1749262349,0.08130000,41017.00000000,0.0822
1749262349,0.08120000,103235.00000000,0.0822
1749262349,0.08110000,15929.00000000,0.0822
1749262349,0.08100000,80803.00000000,0.0822
1749262349,0.08090000,35585.00000000,0.0822
1749262349,0.08080000,28726.00000000,0.0822
1749262349,0.08070000,44343.00000000,0.0822
1749262349,0.08060000,35007.00000000,0.0822
1749262349,0.08050000,9468.00000000,0.0822
1749262349,0.08040000,168082.00000000,0.0822
1749262349,0.08030000,21982.00000000,0.0822
1749262349,0.08020000,52778.00000000,0.0822
1749262349,0.08010000,32676.00000000,0.0822
1749262349,0.08000000,52266.00000000,0.0822
1749262349,0.07990000,9748.00000000,0.0822
1749262349,0.07980000,10025.00000000,0.0822
1749262349,0.07970000,2539.00000000,0.0822
1749262349,0.07960000,8433.00000000,0.0822
1749262349,0.07950000,220.00000000,0.0822
1749262349,0.07940000,24421.00000000,0.0822
1749262349,0.07930000,15535.00000000,0.0822
1749262349,0.07920000,4733.00000000,0.0822
1749262349,0.07910000,4699.00000000,0.0822
1749262349,0.07900000,213.00000000,0.0822
1749262349,0.07890000,126.00000000,0.0822
1749262349,0.07880000,709.00000000,0.0822
1749262349,0.07870000,2575.00000000,0.0822
1749262349,0.07860000,5038.00000000,0.0822
1749262349,0.07850000,196.00000000,0.0822
1749262349,0.07840000,18601.00000000,0.0822
1749262349,0.07830000,25411.00000000,0.0822
1749262349,0.07820000,241.00000000,0.0822
1749262349,0.07810000,356.00000000,0.0822
1749262349,0.07800000,2586.00000000,0.0822
1749262349,0.07790000,126.00000000,0.0822
1749262349,0.07780000,126.00000000,0.0822
1749262349,0.07770000,15934.00000000,0.0822
1749262349,0.07760000,11523.00000000,0.0822
1749262349,0.07750000,76288.00000000,0.0822
1749262349,0.07740000,771.00000000,0.0822
1749262349,0.07730000,126.00000000,0.0822
1749262349,0.07720000,706.00000000,0.0822
1749262349,0.07710000,722.00000000,0.0822
1749262349,0.07700000,7748.00000000,0.0822
1749262349,0.07690000,126.00000000,0.0822
1749262349,0.07680000,17554.00000000,0.0822
1749262349,0.07670000,725.00000000,0.0822
1749262349,0.07660000,126.00000000,0.0822
1749262349,0.07650000,19821.00000000,0.0822
1749262349,0.07640000,233.00000000,0.0822
1749262349,0.07630000,802.00000000,0.0822
1749262349,0.07620000,222.00000000,0.0822
1749262349,0.07610000,11212.00000000,0.0822
1749262349,0.07600000,14892.00000000,0.0822
1749262349,0.07590000,6324.00000000,0.0822
1749262349,0.07580000,10431.00000000,0.0822
1749262349,0.07570000,280.00000000,0.0822
1749262349,0.07560000,121.00000000,0.0822
1749262349,0.07550000,730.00000000,0.0822
1749262349,0.07540000,121.00000000,0.0822
1749262349,0.07530000,64186.00000000,0.0822
1749262349,0.07520000,11272.00000000,0.0822
1749262349,0.07510000,734.00000000,0.0822
1749262349,0.07500000,70567.00000000,0.0822
1749262349,0.07490000,122.00000000,0.0822
1749262349,0.07470000,2922.00000000,0.0822
1749262349,0.07460000,25904.00000000,0.0822
1749262349,0.07450000,60968.00000000,0.0822
1749262349,0.07430000,11706.00000000,0.0822
1749262349,0.07420000,619.00000000,0.0822
1749262349,0.07410000,296.00000000,0.0822
1749262349,0.07400000,911.00000000,0.0822
1749262349,0.07380000,9938.00000000,0.0822
1749262349,0.07370000,21031.00000000,0.0822
1749262349,0.07350000,5833.00000000,0.0822
1749262349,0.07340000,1611.00000000,0.0822
1749262349,0.07330000,551.00000000,0.0822
1749262349,0.07320000,127.00000000,0.0822
1749262349,0.07300000,53114.00000000,0.0822
1749262349,0.07290000,301.00000000,0.0822
1749262349,0.07280000,10000.00000000,0.0822
1749262349,0.07260000,1204.00000000,0.0822
1749262349,0.07250000,736.00000000,0.0822
1749262349,0.07240000,6906.00000000,0.0822
1749262349,0.07230000,336.00000000,0.0822
1749262349,0.07210000,1428.00000000,0.0822
1749262349,0.07200000,90141.00000000,0.0822
1749262349,0.07190000,1001.00000000,0.0822
1749262349,0.07180000,74.00000000,0.0822
1749262349,0.07170000,641.00000000,0.0822
1749262349,0.07160000,170.00000000,0.0822
1749262650,0.08190000,19551.00000000,0.0819
1749262650,0.08180000,440553.00000000,0.0819
1749262650,0.08170000,433017.00000000,0.0819
1749262650,0.08160000,350500.00000000,0.0819
1749262650,0.08150000,68461.00000000,0.0819
1749262650,0.08140000,168858.00000000,0.0819
1749262650,0.08130000,155902.00000000,0.0819
1749262650,0.08120000,142575.00000000,0.0819
1749262650,0.08110000,87120.00000000,0.0819
1749262650,0.08100000,131115.00000000,0.0819
1749262650,0.08090000,36147.00000000,0.0819
1749262650,0.08080000,90138.00000000,0.0819
1749262650,0.08070000,63497.00000000,0.0819
1749262650,0.08060000,58695.00000000,0.0819
1749262650,0.08050000,9468.00000000,0.0819
1749262650,0.08040000,8600.00000000,0.0819
1749262650,0.08030000,25979.00000000,0.0819
1749262650,0.08020000,52778.00000000,0.0819
1749262650,0.08010000,21265.00000000,0.0819
1749262650,0.08000000,213578.00000000,0.0819
1749262650,0.07990000,2190.00000000,0.0819
1749262650,0.07980000,10025.00000000,0.0819
1749262650,0.07970000,13993.00000000,0.0819
1749262650,0.07960000,8433.00000000,0.0819
1749262650,0.07950000,220.00000000,0.0819
1749262650,0.07940000,24421.00000000,0.0819
1749262650,0.07930000,8587.00000000,0.0819
1749262650,0.07920000,10520.00000000,0.0819
1749262650,0.07910000,7092.00000000,0.0819
1749262650,0.07900000,11047.00000000,0.0819
1749262650,0.07890000,2394.00000000,0.0819
1749262650,0.07880000,11334.00000000,0.0819
1749262650,0.07870000,126.00000000,0.0819
1749262650,0.07860000,7491.00000000,0.0819
1749262650,0.07850000,196.00000000,0.0819
1749262650,0.07840000,18601.00000000,0.0819
1749262650,0.07830000,25411.00000000,0.0819
1749262650,0.07820000,241.00000000,0.0819
1749262650,0.07810000,356.00000000,0.0819
1749262650,0.07800000,2586.00000000,0.0819
1749262650,0.07790000,126.00000000,0.0819
1749262650,0.07780000,126.00000000,0.0819
1749262650,0.07770000,15934.00000000,0.0819
1749262650,0.07760000,11523.00000000,0.0819
1749262650,0.07750000,76288.00000000,0.0819
1749262650,0.07740000,771.00000000,0.0819
1749262650,0.07730000,126.00000000,0.0819
1749262650,0.07720000,706.00000000,0.0819
1749262650,0.07710000,722.00000000,0.0819
1749262650,0.07700000,7748.00000000,0.0819
1749262650,0.07690000,126.00000000,0.0819
1749262650,0.07680000,17554.00000000,0.0819
1749262650,0.07670000,725.00000000,0.0819
1749262650,0.07660000,126.00000000,0.0819
1749262650,0.07650000,19821.00000000,0.0819
1749262650,0.07640000,233.00000000,0.0819
1749262650,0.07630000,802.00000000,0.0819
1749262650,0.07620000,222.00000000,0.0819
1749262650,0.07610000,11212.00000000,0.0819
1749262650,0.07600000,14892.00000000,0.0819
1749262650,0.07590000,1063.00000000,0.0819
1749262650,0.07580000,10431.00000000,0.0819
1749262650,0.07570000,280.00000000,0.0819
1749262650,0.07560000,121.00000000,0.0819
1749262650,0.07550000,730.00000000,0.0819
1749262650,0.07540000,121.00000000,0.0819
1749262650,0.07530000,64186.00000000,0.0819
1749262650,0.07520000,11272.00000000,0.0819
1749262650,0.07510000,734.00000000,0.0819
1749262650,0.07500000,70567.00000000,0.0819
1749262650,0.07490000,122.00000000,0.0819
1749262650,0.07480000,122.00000000,0.0819
1749262650,0.07470000,3044.00000000,0.0819
1749262650,0.07460000,26026.00000000,0.0819
1749262650,0.07450000,60968.00000000,0.0819
1749262650,0.07430000,11706.00000000,0.0819
1749262650,0.07420000,619.00000000,0.0819
1749262650,0.07410000,296.00000000,0.0819
1749262650,0.07400000,911.00000000,0.0819
1749262650,0.07380000,9938.00000000,0.0819
1749262650,0.07370000,21031.00000000,0.0819
1749262650,0.07350000,5833.00000000,0.0819
1749262650,0.07340000,1611.00000000,0.0819
1749262650,0.07330000,551.00000000,0.0819
1749262650,0.07320000,127.00000000,0.0819
1749262650,0.07300000,53114.00000000,0.0819
1749262650,0.07290000,301.00000000,0.0819
1749262650,0.07280000,10000.00000000,0.0819
1749262650,0.07260000,1204.00000000,0.0819
1749262650,0.07250000,736.00000000,0.0819
1749262650,0.07240000,6906.00000000,0.0819
1749262650,0.07230000,336.00000000,0.0819
1749262650,0.07210000,638.00000000,0.0819
1749262650,0.07200000,90141.00000000,0.0819
1749262650,0.07190000,1001.00000000,0.0819
1749262650,0.07180000,74.00000000,0.0819
1749262650,0.07170000,1435.00000000,0.0819
1749262650,0.07160000,170.00000000,0.0819
1749262650,0.07140000,7002.00000000,0.0819
1749262650,0.07130000,5267.00000000,0.0819
1749262953,0.08200000,20578.00000000,0.0821
1749262953,0.08190000,465630.00000000,0.0821
1749262953,0.08180000,923738.00000000,0.0821
1749262953,0.08170000,261316.00000000,0.0821
1749262953,0.08160000,159147.00000000,0.0821
1749262953,0.08150000,201687.00000000,0.0821
1749262953,0.08140000,39303.00000000,0.0821
1749262953,0.08130000,260061.00000000,0.0821
1749262953,0.08120000,49925.00000000,0.0821
1749262953,0.08110000,91811.00000000,0.0821
1749262953,0.08100000,138534.00000000,0.0821
1749262953,0.08090000,102615.00000000,0.0821
1749262953,0.08080000,28725.00000000,0.0821
1749262953,0.08070000,70574.00000000,0.0821
1749262953,0.08060000,21352.00000000,0.0821
1749262953,0.08050000,14669.00000000,0.0821
1749262953,0.08040000,8598.00000000,0.0821
1749262953,0.08030000,39161.00000000,0.0821
1749262953,0.08020000,53085.00000000,0.0821
1749262953,0.08010000,181523.00000000,0.0821
1749262953,0.08000000,40671.00000000,0.0821
1749262953,0.07990000,2188.00000000,0.0821
1749262953,0.07980000,17593.00000000,0.0821
1749262953,0.07970000,39432.00000000,0.0821
1749262953,0.07960000,8433.00000000,0.0821
1749262953,0.07950000,220.00000000,0.0821
1749262953,0.07940000,12212.00000000,0.0821
1749262953,0.07930000,8587.00000000,0.0821
1749262953,0.07920000,10520.00000000,0.0821
1749262953,0.07910000,126.00000000,0.0821
1749262953,0.07900000,23508.00000000,0.0821
1749262953,0.07890000,9377.00000000,0.0821
1749262953,0.07880000,709.00000000,0.0821
1749262953,0.07870000,2446.00000000,0.0821
1749262953,0.07860000,5038.00000000,0.0821
1749262953,0.07850000,196.00000000,0.0821
1749262953,0.07840000,12235.00000000,0.0821
1749262953,0.07830000,27873.00000000,0.0821
1749262953,0.07820000,6623.00000000,0.0821
1749262953,0.07810000,356.00000000,0.0821
1749262953,0.07800000,2457.00000000,0.0821
1749262953,0.07790000,126.00000000,0.0821
1749262953,0.07780000,255.00000000,0.0821
1749262953,0.07770000,15934.00000000,0.0821
1749262953,0.07760000,11523.00000000,0.0821
1749262953,0.07750000,76288.00000000,0.0821
1749262953,0.07740000,771.00000000,0.0821
1749262953,0.07730000,126.00000000,0.0821
1749262953,0.07720000,706.00000000,0.0821
1749262953,0.07710000,722.00000000,0.0821
1749262953,0.07700000,7748.00000000,0.0821
1749262953,0.07690000,126.00000000,0.0821
1749262953,0.07680000,17554.00000000,0.0821
1749262953,0.07670000,725.00000000,0.0821
1749262953,0.07660000,126.00000000,0.0821
1749262953,0.07650000,19821.00000000,0.0821
1749262953,0.07640000,233.00000000,0.0821
1749262953,0.07630000,802.00000000,0.0821
1749262953,0.07620000,222.00000000,0.0821
1749262953,0.07610000,11212.00000000,0.0821
1749262953,0.07600000,14892.00000000,0.0821
1749262953,0.07590000,1063.00000000,0.0821
1749262953,0.07580000,10431.00000000,0.0821
1749262953,0.07570000,280.00000000,0.0821
1749262953,0.07560000,121.00000000,0.0821
1749262953,0.07550000,730.00000000,0.0821
1749262953,0.07540000,121.00000000,0.0821
1749262953,0.07530000,64186.00000000,0.0821
1749262953,0.07520000,11272.00000000,0.0821
1749262953,0.07510000,734.00000000,0.0821
1749262953,0.07500000,70567.00000000,0.0821
1749262953,0.07490000,122.00000000,0.0821
1749262953,0.07480000,122.00000000,0.0821
1749262953,0.07470000,3044.00000000,0.0821
1749262953,0.07460000,25904.00000000,0.0821
1749262953,0.07450000,60968.00000000,0.0821
1749262953,0.07430000,11706.00000000,0.0821
1749262953,0.07420000,619.00000000,0.0821
1749262953,0.07400000,911.00000000,0.0821
1749262953,0.07380000,9938.00000000,0.0821
1749262953,0.07370000,21327.00000000,0.0821
1749262953,0.07350000,5833.00000000,0.0821
1749262953,0.07340000,1611.00000000,0.0821
1749262953,0.07330000,551.00000000,0.0821
1749262953,0.07320000,127.00000000,0.0821
1749262953,0.07300000,53114.00000000,0.0821
1749262953,0.07290000,301.00000000,0.0821
1749262953,0.07280000,10000.00000000,0.0821
1749262953,0.07260000,1204.00000000,0.0821
1749262953,0.07250000,736.00000000,0.0821
1749262953,0.07240000,6906.00000000,0.0821
1749262953,0.07230000,336.00000000,0.0821
1749262953,0.07210000,638.00000000,0.0821
1749262953,0.07200000,90141.00000000,0.0821
1749262953,0.07190000,1001.00000000,0.0821
1749262953,0.07180000,74.00000000,0.0821
1749262953,0.07170000,1435.00000000,0.0821
1749262953,0.07160000,170.00000000,0.0821
1749262953,0.07140000,7002.00000000,0.0821
1749262953,0.07130000,5267.00000000,0.0821
1749263260,0.08200000,72795.00000000,0.0821
1749263260,0.08190000,574470.00000000,0.0821
1749263260,0.08180000,914826.00000000,0.0821
1749263260,0.08170000,172942.00000000,0.0821
1749263260,0.08160000,158643.00000000,0.0821
1749263260,0.08150000,187411.00000000,0.0821
1749263260,0.08140000,39303.00000000,0.0821
1749263260,0.08130000,260061.00000000,0.0821
1749263260,0.08120000,53523.00000000,0.0821
1749263260,0.08110000,176124.00000000,0.0821
1749263260,0.08100000,58515.00000000,0.0821
1749263260,0.08090000,95791.00000000,0.0821
1749263260,0.08080000,28725.00000000,0.0821
1749263260,0.08070000,69789.00000000,0.0821
1749263260,0.08060000,32247.00000000,0.0821
1749263260,0.08050000,9775.00000000,0.0821
1749263260,0.08040000,8598.00000000,0.0821
1749263260,0.08030000,34230.00000000,0.0821
1749263260,0.08020000,168589.00000000,0.0821
1749263260,0.08010000,65587.00000000,0.0821
1749263260,0.08000000,42171.00000000,0.0821
1749263260,0.07990000,4937.00000000,0.0821
1749263260,0.07980000,16093.00000000,0.0821
1749263260,0.07970000,37932.00000000,0.0821
1749263260,0.07960000,8433.00000000,0.0821
1749263260,0.07950000,220.00000000,0.0821
1749263260,0.07940000,12212.00000000,0.0821
1749263260,0.07930000,8587.00000000,0.0821
1749263260,0.07920000,10520.00000000,0.0821
1749263260,0.07910000,2388.00000000,0.0821
1749263260,0.07900000,15201.00000000,0.0821
1749263260,0.07890000,126.00000000,0.0821
1749263260,0.07880000,3026.00000000,0.0821
1749263260,0.07870000,126.00000000,0.0821
1749263260,0.07860000,5038.00000000,0.0821
1749263260,0.07850000,2652.00000000,0.0821
1749263260,0.07840000,12235.00000000,0.0821
1749263260,0.07830000,25411.00000000,0.0821
1749263260,0.07820000,6623.00000000,0.0821
1749263260,0.07810000,356.00000000,0.0821
1749263260,0.07800000,2070.00000000,0.0821
1749263260,0.07790000,513.00000000,0.0821
1749263260,0.07780000,255.00000000,0.0821
1749263260,0.07770000,15934.00000000,0.0821
1749263260,0.07760000,11523.00000000,0.0821
1749263260,0.07750000,76288.00000000,0.0821
1749263260,0.07740000,771.00000000,0.0821
1749263260,0.07730000,126.00000000,0.0821
1749263260,0.07720000,706.00000000,0.0821
1749263260,0.07710000,722.00000000,0.0821
1749263260,0.07700000,7748.00000000,0.0821
1749263260,0.07690000,126.00000000,0.0821
1749263260,0.07680000,17554.00000000,0.0821
1749263260,0.07670000,725.00000000,0.0821
1749263260,0.07660000,126.00000000,0.0821
1749263260,0.07650000,19821.00000000,0.0821
1749263260,0.07640000,233.00000000,0.0821
1749263260,0.07630000,802.00000000,0.0821
1749263260,0.07620000,222.00000000,0.0821
1749263260,0.07610000,11212.00000000,0.0821
1749263260,0.07600000,14892.00000000,0.0821
1749263260,0.07590000,1063.00000000,0.0821
1749263260,0.07580000,10431.00000000,0.0821
1749263260,0.07570000,280.00000000,0.0821
1749263260,0.07560000,121.00000000,0.0821
1749263260,0.07550000,730.00000000,0.0821
1749263260,0.07540000,121.00000000,0.0821
1749263260,0.07530000,64186.00000000,0.0821
1749263260,0.07520000,11272.00000000,0.0821
1749263260,0.07510000,734.00000000,0.0821
1749263260,0.07500000,70567.00000000,0.0821
1749263260,0.07490000,122.00000000,0.0821
1749263260,0.07480000,122.00000000,0.0821
1749263260,0.07470000,3044.00000000,0.0821
1749263260,0.07460000,25904.00000000,0.0821
1749263260,0.07450000,60968.00000000,0.0821
1749263260,0.07430000,11706.00000000,0.0821
1749263260,0.07420000,619.00000000,0.0821
1749263260,0.07400000,911.00000000,0.0821
1749263260,0.07380000,10234.00000000,0.0821
1749263260,0.07370000,21031.00000000,0.0821
1749263260,0.07350000,5833.00000000,0.0821
1749263260,0.07340000,1611.00000000,0.0821
1749263260,0.07330000,551.00000000,0.0821
1749263260,0.07320000,127.00000000,0.0821
1749263260,0.07300000,53114.00000000,0.0821
1749263260,0.07290000,301.00000000,0.0821
1749263260,0.07280000,10000.00000000,0.0821
1749263260,0.07260000,1204.00000000,0.0821
1749263260,0.07250000,736.00000000,0.0821
1749263260,0.07240000,6906.00000000,0.0821
1749263260,0.07230000,336.00000000,0.0821
1749263260,0.07210000,638.00000000,0.0821
1749263260,0.07200000,90141.00000000,0.0821
1749263260,0.07190000,1793.00000000,0.0821
1749263260,0.07180000,74.00000000,0.0821
1749263260,0.07170000,641.00000000,0.0821
1749263260,0.07160000,170.00000000,0.0821
1749263260,0.07140000,7002.00000000,0.0821
1749263260,0.07130000,777.00000000,0.0821
1749263566,0.08170000,132183.00000000,0.0817
1749263566,0.08160000,638070.00000000,0.0817
1749263566,0.08150000,1040239.00000000,0.0817
1749263566,0.08140000,52348.00000000,0.0817
1749263566,0.08130000,183590.00000000,0.0817
1749263566,0.08120000,76198.00000000,0.0817
1749263566,0.08110000,79905.00000000,0.0817
1749263566,0.08100000,305521.00000000,0.0817
1749263566,0.08090000,52767.00000000,0.0817
1749263566,0.08080000,115683.00000000,0.0817
1749263566,0.08070000,68181.00000000,0.0817
1749263566,0.08060000,15929.00000000,0.0817
1749263566,0.08050000,103440.00000000,0.0817
1749263566,0.08040000,21543.00000000,0.0817
1749263566,0.08030000,34230.00000000,0.0817
1749263566,0.08020000,8833.00000000,0.0817
1749263566,0.08010000,21637.00000000,0.0817
1749263566,0.08000000,41122.00000000,0.0817
1749263566,0.07990000,216885.00000000,0.0817
1749263566,0.07980000,8525.00000000,0.0817
1749263566,0.07970000,38024.00000000,0.0817
1749263566,0.07960000,8525.00000000,0.0817
1749263566,0.07950000,16123.00000000,0.0817
1749263566,0.07940000,12212.00000000,0.0817
1749263566,0.07930000,8587.00000000,0.0817
1749263566,0.07920000,10520.00000000,0.0817
1749263566,0.07910000,126.00000000,0.0817
1749263566,0.07900000,12674.00000000,0.0817
1749263566,0.07890000,126.00000000,0.0817
1749263566,0.07880000,709.00000000,0.0817
1749263566,0.07870000,11879.00000000,0.0817
1749263566,0.07860000,7359.00000000,0.0817
1749263566,0.07850000,196.00000000,0.0817
1749263566,0.07840000,12235.00000000,0.0817
1749263566,0.07830000,318.00000000,0.0817
1749263566,0.07820000,9088.00000000,0.0817
1749263566,0.07810000,25513.00000000,0.0817
1749263566,0.07800000,2070.00000000,0.0817
1749263566,0.07790000,513.00000000,0.0817
1749263566,0.07780000,255.00000000,0.0817
1749263566,0.07770000,15934.00000000,0.0817
1749263566,0.07760000,11523.00000000,0.0817
1749263566,0.07750000,76288.00000000,0.0817
1749263566,0.07740000,771.00000000,0.0817
1749263566,0.07730000,126.00000000,0.0817
1749263566,0.07720000,706.00000000,0.0817
1749263566,0.07710000,722.00000000,0.0817
1749263566,0.07700000,7748.00000000,0.0817
1749263566,0.07690000,126.00000000,0.0817
1749263566,0.07680000,17554.00000000,0.0817
1749263566,0.07670000,725.00000000,0.0817
1749263566,0.07660000,126.00000000,0.0817
1749263566,0.07650000,19821.00000000,0.0817
1749263566,0.07640000,233.00000000,0.0817
1749263566,0.07630000,802.00000000,0.0817
1749263566,0.07620000,222.00000000,0.0817
1749263566,0.07610000,11212.00000000,0.0817
1749263566,0.07600000,14892.00000000,0.0817
1749263566,0.07590000,1063.00000000,0.0817
1749263566,0.07580000,10431.00000000,0.0817
1749263566,0.07570000,280.00000000,0.0817
1749263566,0.07560000,121.00000000,0.0817
1749263566,0.07550000,730.00000000,0.0817
1749263566,0.07540000,121.00000000,0.0817
1749263566,0.07530000,64186.00000000,0.0817
1749263566,0.07520000,11272.00000000,0.0817
1749263566,0.07510000,734.00000000,0.0817
1749263566,0.07500000,70567.00000000,0.0817
1749263566,0.07490000,122.00000000,0.0817
1749263566,0.07480000,122.00000000,0.0817
1749263566,0.07470000,3044.00000000,0.0817
1749263566,0.07460000,26026.00000000,0.0817
1749263566,0.07450000,61091.00000000,0.0817
1749263566,0.07440000,123.00000000,0.0817
1749263566,0.07430000,11706.00000000,0.0817
1749263566,0.07420000,619.00000000,0.0817
1749263566,0.07400000,911.00000000,0.0817
1749263566,0.07380000,10234.00000000,0.0817
1749263566,0.07370000,21031.00000000,0.0817
1749263566,0.07350000,5833.00000000,0.0817
1749263566,0.07340000,1611.00000000,0.0817
1749263566,0.07330000,551.00000000,0.0817
1749263566,0.07320000,127.00000000,0.0817
1749263566,0.07300000,53114.00000000,0.0817
1749263566,0.07290000,301.00000000,0.0817
1749263566,0.07280000,10000.00000000,0.0817
1749263566,0.07260000,1204.00000000,0.0817
1749263566,0.07250000,736.00000000,0.0817
1749263566,0.07240000,6906.00000000,0.0817
1749263566,0.07230000,336.00000000,0.0817
1749263566,0.07210000,638.00000000,0.0817
1749263566,0.07200000,90141.00000000,0.0817
1749263566,0.07190000,1001.00000000,0.0817
1749263566,0.07180000,74.00000000,0.0817
1749263566,0.07170000,1435.00000000,0.0817
1749263566,0.07160000,170.00000000,0.0817
1749263566,0.07140000,7002.00000000,0.0817
1749263566,0.07130000,777.00000000,0.0817
1749263566,0.07120000,336.00000000,0.0817
1749263566,0.07110000,10776.00000000,0.0817
1749263868,0.08170000,181855.00000000,0.0818
1749263868,0.08160000,646153.00000000,0.0818
1749263868,0.08150000,854650.00000000,0.0818
1749263868,0.08140000,245568.00000000,0.0818
1749263868,0.08130000,208051.00000000,0.0818
1749263868,0.08120000,76198.00000000,0.0818
1749263868,0.08110000,41032.00000000,0.0818
1749263868,0.08100000,266554.00000000,0.0818
1749263868,0.08090000,52854.00000000,0.0818
1749263868,0.08080000,156557.00000000,0.0818
1749263868,0.08070000,93816.00000000,0.0818
1749263868,0.08060000,15929.00000000,0.0818
1749263868,0.08050000,110295.00000000,0.0818
1749263868,0.08040000,27539.00000000,0.0818
1749263868,0.08030000,34230.00000000,0.0818
1749263868,0.08020000,8833.00000000,0.0818
1749263868,0.08010000,249623.00000000,0.0818
1749263868,0.08000000,28972.00000000,0.0818
1749263868,0.07990000,54929.00000000,0.0818
1749263868,0.07980000,20704.00000000,0.0818
1749263868,0.07970000,46331.00000000,0.0818
1749263868,0.07960000,16112.00000000,0.0818
1749263868,0.07950000,8527.00000000,0.0818
1749263868,0.07940000,12212.00000000,0.0818
1749263868,0.07930000,8587.00000000,0.0818
1749263868,0.07920000,2213.00000000,0.0818
1749263868,0.07910000,126.00000000,0.0818
1749263868,0.07900000,19591.00000000,0.0818
1749263868,0.07890000,2394.00000000,0.0818
1749263868,0.07880000,3242.00000000,0.0818
1749263868,0.07870000,126.00000000,0.0818
1749263868,0.07860000,7358.00000000,0.0818
1749263868,0.07850000,196.00000000,0.0818
1749263868,0.07840000,12235.00000000,0.0818
1749263868,0.07830000,25411.00000000,0.0818
1749263868,0.07820000,2706.00000000,0.0818
1749263868,0.07810000,356.00000000,0.0818
1749263868,0.07800000,2070.00000000,0.0818
1749263868,0.07790000,513.00000000,0.0818
1749263868,0.07780000,255.00000000,0.0818
1749263868,0.07770000,15934.00000000,0.0818
1749263868,0.07760000,11523.00000000,0.0818
1749263868,0.07750000,76288.00000000,0.0818
1749263868,0.07740000,771.00000000,0.0818
1749263868,0.07730000,126.00000000,0.0818
1749263868,0.07720000,706.00000000,0.0818
1749263868,0.07710000,722.00000000,0.0818
1749263868,0.07700000,7748.00000000,0.0818
1749263868,0.07690000,126.00000000,0.0818
1749263868,0.07680000,17554.00000000,0.0818
1749263868,0.07670000,725.00000000,0.0818
1749263868,0.07660000,126.00000000,0.0818
1749263868,0.07650000,19821.00000000,0.0818
1749263868,0.07640000,233.00000000,0.0818
1749263868,0.07630000,802.00000000,0.0818
1749263868,0.07620000,222.00000000,0.0818
1749263868,0.07610000,11212.00000000,0.0818
1749263868,0.07600000,14892.00000000,0.0818
1749263868,0.07590000,1063.00000000,0.0818
1749263868,0.07580000,10431.00000000,0.0818
1749263868,0.07570000,280.00000000,0.0818
1749263868,0.07560000,121.00000000,0.0818
1749263868,0.07550000,730.00000000,0.0818
1749263868,0.07540000,121.00000000,0.0818
1749263868,0.07530000,64186.00000000,0.0818
1749263868,0.07520000,11272.00000000,0.0818
1749263868,0.07510000,734.00000000,0.0818
1749263868,0.07500000,70567.00000000,0.0818
1749263868,0.07490000,122.00000000,0.0818
1749263868,0.07480000,122.00000000,0.0818
1749263868,0.07470000,3044.00000000,0.0818
1749263868,0.07460000,26026.00000000,0.0818
1749263868,0.07450000,61091.00000000,0.0818
1749263868,0.07440000,123.00000000,0.0818
1749263868,0.07430000,11706.00000000,0.0818
1749263868,0.07420000,619.00000000,0.0818
1749263868,0.07400000,911.00000000,0.0818
1749263868,0.07380000,9938.00000000,0.0818
1749263868,0.07370000,21031.00000000,0.0818
1749263868,0.07360000,300.00000000,0.0818
1749263868,0.07350000,5833.00000000,0.0818
1749263868,0.07340000,1611.00000000,0.0818
1749263868,0.07330000,551.00000000,0.0818
1749263868,0.07320000,127.00000000,0.0818
1749263868,0.07300000,53114.00000000,0.0818
1749263868,0.07290000,301.00000000,0.0818
1749263868,0.07280000,10000.00000000,0.0818
1749263868,0.07260000,1204.00000000,0.0818
1749263868,0.07250000,736.00000000,0.0818
1749263868,0.07240000,6906.00000000,0.0818
1749263868,0.07230000,336.00000000,0.0818
1749263868,0.07210000,638.00000000,0.0818
1749263868,0.07200000,90141.00000000,0.0818
1749263868,0.07190000,1001.00000000,0.0818
1749263868,0.07180000,74.00000000,0.0818
1749263868,0.07170000,641.00000000,0.0818
1749263868,0.07160000,965.00000000,0.0818
1749263868,0.07140000,7002.00000000,0.0818
1749263868,0.07130000,777.00000000,0.0818
1749263868,0.07120000,336.00000000,0.0818
1749264169,0.08170000,25603.00000000,0.0817
1749264169,0.08160000,572344.00000000,0.0817
1749264169,0.08150000,887677.00000000,0.0817
1749264169,0.08140000,288404.00000000,0.0817
1749264169,0.08130000,196635.00000000,0.0817
1749264169,0.08120000,42698.00000000,0.0817
1749264169,0.08110000,77143.00000000,0.0817
1749264169,0.08100000,132665.00000000,0.0817
1749264169,0.08090000,194549.00000000,0.0817
1749264169,0.08080000,91536.00000000,0.0817
1749264169,0.08070000,79466.00000000,0.0817
1749264169,0.08060000,34491.00000000,0.0817
1749264169,0.08050000,120281.00000000,0.0817
1749264169,0.08040000,28457.00000000,0.0817
1749264169,0.08030000,100489.00000000,0.0817
1749264169,0.08020000,61603.00000000,0.0817
1749264169,0.08010000,45384.00000000,0.0817
1749264169,0.08000000,28972.00000000,0.0817
1749264169,0.07990000,61485.00000000,0.0817
1749264169,0.07980000,20704.00000000,0.0817
1749264169,0.07970000,46328.00000000,0.0817
1749264169,0.07960000,1461.00000000,0.0817
1749264169,0.07950000,312.00000000,0.0817
1749264169,0.07940000,12212.00000000,0.0817
1749264169,0.07930000,7832.00000000,0.0817
1749264169,0.07920000,2213.00000000,0.0817
1749264169,0.07910000,126.00000000,0.0817
1749264169,0.07900000,12979.00000000,0.0817
1749264169,0.07890000,126.00000000,0.0817
1749264169,0.07880000,7644.00000000,0.0817
1749264169,0.07870000,4936.00000000,0.0817
1749264169,0.07860000,9810.00000000,0.0817
1749264169,0.07850000,196.00000000,0.0817
1749264169,0.07840000,12235.00000000,0.0817
1749264169,0.07830000,318.00000000,0.0817
1749264169,0.07820000,241.00000000,0.0817
1749264169,0.07810000,25513.00000000,0.0817
1749264169,0.07800000,2070.00000000,0.0817
1749264169,0.07790000,255.00000000,0.0817
1749264169,0.07780000,513.00000000,0.0817
1749264169,0.07770000,15934.00000000,0.0817
1749264169,0.07760000,11523.00000000,0.0817
1749264169,0.07750000,76288.00000000,0.0817
1749264169,0.07740000,771.00000000,0.0817
1749264169,0.07730000,126.00000000,0.0817
1749264169,0.07720000,706.00000000,0.0817
1749264169,0.07710000,722.00000000,0.0817
1749264169,0.07700000,7748.00000000,0.0817
1749264169,0.07690000,126.00000000,0.0817
1749264169,0.07680000,17554.00000000,0.0817
1749264169,0.07670000,725.00000000,0.0817
1749264169,0.07660000,126.00000000,0.0817
1749264169,0.07650000,19821.00000000,0.0817
1749264169,0.07640000,233.00000000,0.0817
1749264169,0.07630000,802.00000000,0.0817
1749264169,0.07620000,222.00000000,0.0817
1749264169,0.07610000,11212.00000000,0.0817
1749264169,0.07600000,14892.00000000,0.0817
1749264169,0.07590000,1063.00000000,0.0817
1749264169,0.07580000,10431.00000000,0.0817
1749264169,0.07570000,280.00000000,0.0817
1749264169,0.07560000,121.00000000,0.0817
1749264169,0.07550000,730.00000000,0.0817
1749264169,0.07540000,121.00000000,0.0817
1749264169,0.07530000,64186.00000000,0.0817
1749264169,0.07520000,11272.00000000,0.0817
1749264169,0.07510000,734.00000000,0.0817
1749264169,0.07500000,70567.00000000,0.0817
1749264169,0.07490000,122.00000000,0.0817
1749264169,0.07480000,122.00000000,0.0817
1749264169,0.07470000,3044.00000000,0.0817
1749264169,0.07460000,26026.00000000,0.0817
1749264169,0.07450000,61091.00000000,0.0817
1749264169,0.07440000,123.00000000,0.0817
1749264169,0.07430000,11706.00000000,0.0817
1749264169,0.07420000,619.00000000,0.0817
1749264169,0.07400000,911.00000000,0.0817
1749264169,0.07380000,9938.00000000,0.0817
1749264169,0.07370000,21031.00000000,0.0817
1749264169,0.07360000,300.00000000,0.0817
1749264169,0.07350000,5833.00000000,0.0817
1749264169,0.07340000,1611.00000000,0.0817
1749264169,0.07330000,551.00000000,0.0817
1749264169,0.07320000,127.00000000,0.0817
1749264169,0.07300000,53114.00000000,0.0817
1749264169,0.07290000,301.00000000,0.0817
1749264169,0.07280000,10000.00000000,0.0817
1749264169,0.07260000,1204.00000000,0.0817
1749264169,0.07250000,736.00000000,0.0817
1749264169,0.07240000,6906.00000000,0.0817
1749264169,0.07230000,336.00000000,0.0817
1749264169,0.07210000,9018.00000000,0.0817
1749264169,0.07200000,90141.00000000,0.0817
1749264169,0.07190000,1001.00000000,0.0817
1749264169,0.07180000,74.00000000,0.0817
1749264169,0.07170000,641.00000000,0.0817
1749264169,0.07160000,965.00000000,0.0817
1749264169,0.07140000,7002.00000000,0.0817
1749264169,0.07130000,777.00000000,0.0817
1749264169,0.07120000,336.00000000,0.0817
1749264471,0.08170000,39150.00000000,0.0817
1749264471,0.08160000,432966.00000000,0.0817
1749264471,0.08150000,1079210.00000000,0.0817
1749264471,0.08140000,307860.00000000,0.0817
1749264471,0.08130000,135267.00000000,0.0817
1749264471,0.08120000,37780.00000000,0.0817
1749264471,0.08110000,185989.00000000,0.0817
1749264471,0.08100000,124024.00000000,0.0817
1749264471,0.08090000,233881.00000000,0.0817
1749264471,0.08080000,225428.00000000,0.0817
1749264471,0.08070000,54719.00000000,0.0817
1749264471,0.08060000,62419.00000000,0.0817
1749264471,0.08050000,106859.00000000,0.0817
1749264471,0.08040000,16088.00000000,0.0817
1749264471,0.08030000,40039.00000000,0.0817
1749264471,0.08020000,8524.00000000,0.0817
1749264471,0.08010000,249992.00000000,0.0817
1749264471,0.08000000,35211.00000000,0.0817
1749264471,0.07990000,10805.00000000,0.0817
1749264471,0.07980000,46303.00000000,0.0817
1749264471,0.07970000,26570.00000000,0.0817
1749264471,0.07960000,45566.00000000,0.0817
1749264471,0.07950000,9163.00000000,0.0817
1749264471,0.07940000,3997.00000000,0.0817
1749264471,0.07930000,280.00000000,0.0817
1749264471,0.07920000,12189.00000000,0.0817
1749264471,0.07910000,126.00000000,0.0817
1749264471,0.07900000,28142.00000000,0.0817
1749264471,0.07890000,126.00000000,0.0817
1749264471,0.07880000,7701.00000000,0.0817
1749264471,0.07870000,4936.00000000,0.0817
1749264471,0.07860000,5038.00000000,0.0817
1749264471,0.07850000,196.00000000,0.0817
1749264471,0.07840000,13757.00000000,0.0817
1749264471,0.07830000,2646.00000000,0.0817
1749264471,0.07820000,241.00000000,0.0817
1749264471,0.07810000,27981.00000000,0.0817
1749264471,0.07800000,2070.00000000,0.0817
1749264471,0.07790000,255.00000000,0.0817
1749264471,0.07780000,513.00000000,0.0817
1749264471,0.07770000,22357.00000000,0.0817
1749264471,0.07760000,11523.00000000,0.0817
1749264471,0.07750000,76288.00000000,0.0817
1749264471,0.07740000,771.00000000,0.0817
1749264471,0.07730000,126.00000000,0.0817
1749264471,0.07720000,706.00000000,0.0817
1749264471,0.07710000,722.00000000,0.0817
1749264471,0.07700000,7748.00000000,0.0817
1749264471,0.07690000,126.00000000,0.0817
1749264471,0.07680000,17554.00000000,0.0817
1749264471,0.07670000,725.00000000,0.0817
1749264471,0.07660000,126.00000000,0.0817
1749264471,0.07650000,19821.00000000,0.0817
1749264471,0.07640000,233.00000000,0.0817
1749264471,0.07630000,802.00000000,0.0817
1749264471,0.07620000,222.00000000,0.0817
1749264471,0.07610000,11212.00000000,0.0817
1749264471,0.07600000,14892.00000000,0.0817
1749264471,0.07590000,1063.00000000,0.0817
1749264471,0.07580000,10431.00000000,0.0817
1749264471,0.07570000,280.00000000,0.0817
1749264471,0.07560000,121.00000000,0.0817
1749264471,0.07550000,730.00000000,0.0817
1749264471,0.07540000,121.00000000,0.0817
1749264471,0.07530000,64186.00000000,0.0817
1749264471,0.07520000,11272.00000000,0.0817
1749264471,0.07510000,734.00000000,0.0817
1749264471,0.07500000,70567.00000000,0.0817
1749264471,0.07490000,122.00000000,0.0817
1749264471,0.07480000,122.00000000,0.0817
1749264471,0.07470000,3044.00000000,0.0817
1749264471,0.07460000,26026.00000000,0.0817
1749264471,0.07450000,61091.00000000,0.0817
1749264471,0.07440000,123.00000000,0.0817
1749264471,0.07430000,11706.00000000,0.0817
1749264471,0.07420000,619.00000000,0.0817
1749264471,0.07400000,911.00000000,0.0817
1749264471,0.07380000,9938.00000000,0.0817
1749264471,0.07370000,21031.00000000,0.0817
1749264471,0.07350000,5833.00000000,0.0817
1749264471,0.07340000,1611.00000000,0.0817
1749264471,0.07330000,851.00000000,0.0817
1749264471,0.07320000,127.00000000,0.0817
1749264471,0.07300000,53114.00000000,0.0817
1749264471,0.07290000,301.00000000,0.0817
1749264471,0.07280000,10000.00000000,0.0817
1749264471,0.07260000,1204.00000000,0.0817
1749264471,0.07250000,736.00000000,0.0817
1749264471,0.07240000,6906.00000000,0.0817
1749264471,0.07230000,336.00000000,0.0817
1749264471,0.07210000,638.00000000,0.0817
1749264471,0.07200000,90141.00000000,0.0817
1749264471,0.07190000,1001.00000000,0.0817
1749264471,0.07180000,74.00000000,0.0817
1749264471,0.07170000,1436.00000000,0.0817
1749264471,0.07160000,170.00000000,0.0817
1749264471,0.07140000,7002.00000000,0.0817
1749264471,0.07130000,777.00000000,0.0817
1749264471,0.07120000,336.00000000,0.0817
1749264471,0.07110000,5239.00000000,0.0817
1749264773,0.08190000,40477.00000000,0.0819
1749264773,0.08180000,513085.00000000,0.0819
1749264773,0.08170000,911115.00000000,0.0819
1749264773,0.08160000,161799.00000000,0.0819
1749264773,0.08150000,187803.00000000,0.0819
1749264773,0.08140000,173052.00000000,0.0819
1749264773,0.08130000,30497.00000000,0.0819
1749264773,0.08120000,302176.00000000,0.0819
1749264773,0.08110000,59908.00000000,0.0819
1749264773,0.08100000,187719.00000000,0.0819
1749264773,0.08090000,144459.00000000,0.0819
1749264773,0.08080000,116405.00000000,0.0819
1749264773,0.08070000,18404.00000000,0.0819
1749264773,0.08060000,15929.00000000,0.0819
1749264773,0.08050000,105287.00000000,0.0819
1749264773,0.08040000,21211.00000000,0.0819
1749264773,0.08030000,234825.00000000,0.0819
1749264773,0.08020000,8833.00000000,0.0819
1749264773,0.08010000,14830.00000000,0.0819
1749264773,0.08000000,26904.00000000,0.0819
1749264773,0.07990000,2188.00000000,0.0819
1749264773,0.07980000,37996.00000000,0.0819
1749264773,0.07970000,27822.00000000,0.0819
1749264773,0.07960000,56942.00000000,0.0819
1749264773,0.07950000,7908.00000000,0.0819
1749264773,0.07940000,3997.00000000,0.0819
1749264773,0.07930000,280.00000000,0.0819
1749264773,0.07920000,15831.00000000,0.0819
1749264773,0.07910000,126.00000000,0.0819
1749264773,0.07900000,19954.00000000,0.0819
1749264773,0.07890000,2394.00000000,0.0819
1749264773,0.07880000,709.00000000,0.0819
1749264773,0.07870000,2662.00000000,0.0819
1749264773,0.07860000,7357.00000000,0.0819
1749264773,0.07850000,196.00000000,0.0819
1749264773,0.07840000,13757.00000000,0.0819
1749264773,0.07830000,25411.00000000,0.0819
1749264773,0.07820000,2591.00000000,0.0819
1749264773,0.07810000,356.00000000,0.0819
1749264773,0.07800000,8469.00000000,0.0819
1749264773,0.07790000,255.00000000,0.0819
1749264773,0.07780000,513.00000000,0.0819
1749264773,0.07770000,15934.00000000,0.0819
1749264773,0.07760000,11523.00000000,0.0819
1749264773,0.07750000,76288.00000000,0.0819
1749264773,0.07740000,771.00000000,0.0819
1749264773,0.07730000,126.00000000,0.0819
1749264773,0.07720000,706.00000000,0.0819
1749264773,0.07710000,722.00000000,0.0819
1749264773,0.07700000,7748.00000000,0.0819
1749264773,0.07690000,126.00000000,0.0819
1749264773,0.07680000,17554.00000000,0.0819
1749264773,0.07670000,725.00000000,0.0819
1749264773,0.07660000,126.00000000,0.0819
1749264773,0.07650000,19821.00000000,0.0819
1749264773,0.07640000,233.00000000,0.0819
1749264773,0.07630000,802.00000000,0.0819
1749264773,0.07620000,222.00000000,0.0819
1749264773,0.07610000,11212.00000000,0.0819
1749264773,0.07600000,14892.00000000,0.0819
1749264773,0.07590000,1063.00000000,0.0819
1749264773,0.07580000,10431.00000000,0.0819
1749264773,0.07570000,121.00000000,0.0819
1749264773,0.07560000,121.00000000,0.0819
1749264773,0.07550000,730.00000000,0.0819
1749264773,0.07540000,121.00000000,0.0819
1749264773,0.07530000,64186.00000000,0.0819
1749264773,0.07520000,11272.00000000,0.0819
1749264773,0.07510000,734.00000000,0.0819
1749264773,0.07500000,70567.00000000,0.0819
1749264773,0.07490000,122.00000000,0.0819
1749264773,0.07480000,122.00000000,0.0819
1749264773,0.07470000,3044.00000000,0.0819
1749264773,0.07460000,26026.00000000,0.0819
1749264773,0.07450000,60968.00000000,0.0819
1749264773,0.07430000,11706.00000000,0.0819
1749264773,0.07420000,619.00000000,0.0819
1749264773,0.07400000,911.00000000,0.0819
1749264773,0.07380000,9938.00000000,0.0819
1749264773,0.07370000,21031.00000000,0.0819
1749264773,0.07350000,5833.00000000,0.0819
1749264773,0.07340000,2476.00000000,0.0819
1749264773,0.07330000,851.00000000,0.0819
1749264773,0.07320000,127.00000000,0.0819
1749264773,0.07300000,53114.00000000,0.0819
1749264773,0.07290000,301.00000000,0.0819
1749264773,0.07280000,10000.00000000,0.0819
1749264773,0.07260000,329.00000000,0.0819
1749264773,0.07250000,736.00000000,0.0819
1749264773,0.07240000,6906.00000000,0.0819
1749264773,0.07230000,336.00000000,0.0819
1749264773,0.07210000,638.00000000,0.0819
1749264773,0.07200000,90141.00000000,0.0819
1749264773,0.07190000,1001.00000000,0.0819
1749264773,0.07180000,74.00000000,0.0819
1749264773,0.07170000,1435.00000000,0.0819
1749264773,0.07160000,170.00000000,0.0819
1749264773,0.07140000,7002.00000000,0.0819
1749264773,0.07130000,777.00000000,0.0819
1749264773,0.07120000,336.00000000,0.0819
1749265074,0.08180000,53869.00000000,0.0818
1749265074,0.08170000,739625.00000000,0.0818
1749265074,0.08160000,1022313.00000000,0.0818
1749265074,0.08150000,252132.00000000,0.0818
1749265074,0.08140000,48054.00000000,0.0818
1749265074,0.08130000,203064.00000000,0.0818
1749265074,0.08120000,184630.00000000,0.0818
1749265074,0.08110000,136916.00000000,0.0818
1749265074,0.08100000,183326.00000000,0.0818
1749265074,0.08090000,37572.00000000,0.0818
1749265074,0.08080000,110629.00000000,0.0818
1749265074,0.08070000,29623.00000000,0.0818
1749265074,0.08060000,21124.00000000,0.0818
1749265074,0.08050000,92443.00000000,0.0818
1749265074,0.08040000,16003.00000000,0.0818
1749265074,0.08030000,245869.00000000,0.0818
1749265074,0.08020000,10333.00000000,0.0818
1749265074,0.08010000,23137.00000000,0.0818
1749265074,0.08000000,27472.00000000,0.0818
1749265074,0.07990000,3437.00000000,0.0818
1749265074,0.07980000,46303.00000000,0.0818
1749265074,0.07970000,26570.00000000,0.0818
1749265074,0.07960000,63789.00000000,0.0818
1749265074,0.07950000,312.00000000,0.0818
1749265074,0.07940000,3997.00000000,0.0818
1749265074,0.07930000,280.00000000,0.0818
1749265074,0.07920000,706.00000000,0.0818
1749265074,0.07910000,2388.00000000,0.0818
1749265074,0.07900000,12979.00000000,0.0818
1749265074,0.07890000,126.00000000,0.0818
1749265074,0.07880000,3242.00000000,0.0818
1749265074,0.07870000,2442.00000000,0.0818
1749265074,0.07860000,5038.00000000,0.0818
1749265074,0.07850000,25225.00000000,0.0818
1749265074,0.07840000,13757.00000000,0.0818
1749265074,0.07830000,2780.00000000,0.0818
1749265074,0.07820000,126.00000000,0.0818
1749265074,0.07810000,228.00000000,0.0818
1749265074,0.07800000,8340.00000000,0.0818
1749265074,0.07790000,126.00000000,0.0818
1749265074,0.07780000,384.00000000,0.0818
1749265074,0.07770000,16450.00000000,0.0818
1749265074,0.07760000,11523.00000000,0.0818
1749265074,0.07750000,76288.00000000,0.0818
1749265074,0.07740000,771.00000000,0.0818
1749265074,0.07730000,126.00000000,0.0818
1749265074,0.07720000,706.00000000,0.0818
1749265074,0.07710000,722.00000000,0.0818
1749265074,0.07700000,7748.00000000,0.0818
1749265074,0.07690000,126.00000000,0.0818
1749265074,0.07680000,17554.00000000,0.0818
1749265074,0.07670000,725.00000000,0.0818
1749265074,0.07660000,126.00000000,0.0818
1749265074,0.07650000,19821.00000000,0.0818
1749265074,0.07640000,233.00000000,0.0818
1749265074,0.07630000,802.00000000,0.0818
1749265074,0.07620000,222.00000000,0.0818
1749265074,0.07610000,11212.00000000,0.0818
1749265074,0.07600000,14892.00000000,0.0818
1749265074,0.07590000,1063.00000000,0.0818
1749265074,0.07580000,10431.00000000,0.0818
1749265074,0.07570000,121.00000000,0.0818
1749265074,0.07560000,121.00000000,0.0818
1749265074,0.07550000,730.00000000,0.0818
1749265074,0.07540000,121.00000000,0.0818
1749265074,0.07530000,64186.00000000,0.0818
1749265074,0.07520000,11272.00000000,0.0818
1749265074,0.07510000,734.00000000,0.0818
1749265074,0.07500000,70567.00000000,0.0818
1749265074,0.07490000,122.00000000,0.0818
1749265074,0.07480000,122.00000000,0.0818
1749265074,0.07470000,3044.00000000,0.0818
1749265074,0.07460000,26026.00000000,0.0818
1749265074,0.07450000,61091.00000000,0.0818
1749265074,0.07430000,11706.00000000,0.0818
1749265074,0.07420000,619.00000000,0.0818
1749265074,0.07400000,911.00000000,0.0818
1749265074,0.07380000,9938.00000000,0.0818
1749265074,0.07370000,21031.00000000,0.0818
1749265074,0.07360000,300.00000000,0.0818
1749265074,0.07350000,5833.00000000,0.0818
1749265074,0.07340000,2476.00000000,0.0818
1749265074,0.07330000,551.00000000,0.0818
1749265074,0.07320000,127.00000000,0.0818
1749265074,0.07300000,53114.00000000,0.0818
1749265074,0.07290000,301.00000000,0.0818
1749265074,0.07280000,10000.00000000,0.0818
1749265074,0.07260000,329.00000000,0.0818
1749265074,0.07250000,736.00000000,0.0818
1749265074,0.07240000,6906.00000000,0.0818
1749265074,0.07230000,336.00000000,0.0818
1749265074,0.07210000,638.00000000,0.0818
1749265074,0.07200000,90932.00000000,0.0818
1749265074,0.07190000,1001.00000000,0.0818
1749265074,0.07180000,74.00000000,0.0818
1749265074,0.07170000,641.00000000,0.0818
1749265074,0.07160000,170.00000000,0.0818
1749265074,0.07140000,7002.00000000,0.0818
1749265074,0.07130000,777.00000000,0.0818
1749265074,0.07120000,336.00000000,0.0818
1749265379,0.08190000,75018.00000000,0.082
1749265379,0.08180000,688555.00000000,0.082
1749265379,0.08170000,870618.00000000,0.082
1749265379,0.08160000,235405.00000000,0.082
1749265379,0.08150000,64428.00000000,0.082
1749265379,0.08140000,193306.00000000,0.082
1749265379,0.08130000,49660.00000000,0.082
1749265379,0.08120000,135655.00000000,0.082
1749265379,0.08110000,141612.00000000,0.082
1749265379,0.08100000,79544.00000000,0.082
1749265379,0.08090000,23884.00000000,0.082
1749265379,0.08080000,115693.00000000,0.082
1749265379,0.08070000,29623.00000000,0.082
1749265379,0.08060000,15929.00000000,0.082
1749265379,0.08050000,92887.00000000,0.082
1749265379,0.08040000,16003.00000000,0.082
1749265379,0.08030000,15944.00000000,0.082
1749265379,0.08020000,8833.00000000,0.082
1749265379,0.08010000,23137.00000000,0.082
1749265379,0.08000000,28972.00000000,0.082
1749265379,0.07990000,2188.00000000,0.082
1749265379,0.07980000,46303.00000000,0.082
1749265379,0.07970000,42454.00000000,0.082
1749265379,0.07960000,56202.00000000,0.082
1749265379,0.07950000,312.00000000,0.082
1749265379,0.07940000,3997.00000000,0.082
1749265379,0.07930000,280.00000000,0.082
1749265379,0.07920000,706.00000000,0.082
1749265379,0.07910000,2388.00000000,0.082
1749265379,0.07900000,19954.00000000,0.082
1749265379,0.07890000,4181.00000000,0.082
1749265379,0.07880000,709.00000000,0.082
1749265379,0.07870000,2442.00000000,0.082
1749265379,0.07860000,5038.00000000,0.082
1749265379,0.07850000,27681.00000000,0.082
1749265379,0.07840000,12235.00000000,0.082
1749265379,0.07830000,318.00000000,0.082
1749265379,0.07820000,126.00000000,0.082
1749265379,0.07810000,228.00000000,0.082
1749265379,0.07800000,1941.00000000,0.082
1749265379,0.07790000,126.00000000,0.082
1749265379,0.07780000,384.00000000,0.082
1749265379,0.07770000,16450.00000000,0.082
1749265379,0.07760000,11523.00000000,0.082
1749265379,0.07750000,76288.00000000,0.082
1749265379,0.07740000,771.00000000,0.082
1749265379,0.07730000,126.00000000,0.082
1749265379,0.07720000,706.00000000,0.082
1749265379,0.07710000,722.00000000,0.082
1749265379,0.07700000,7748.00000000,0.082
1749265379,0.07690000,126.00000000,0.082
1749265379,0.07680000,17554.00000000,0.082
1749265379,0.07670000,725.00000000,0.082
1749265379,0.07660000,126.00000000,0.082
1749265379,0.07650000,19821.00000000,0.082
1749265379,0.07640000,233.00000000,0.082
1749265379,0.07630000,802.00000000,0.082
1749265379,0.07620000,222.00000000,0.082
1749265379,0.07610000,11212.00000000,0.082
1749265379,0.07600000,14892.00000000,0.082
1749265379,0.07590000,1063.00000000,0.082
1749265379,0.07580000,10431.00000000,0.082
1749265379,0.07570000,121.00000000,0.082
1749265379,0.07560000,121.00000000,0.082
1749265379,0.07550000,730.00000000,0.082
1749265379,0.07540000,121.00000000,0.082
1749265379,0.07530000,64186.00000000,0.082
1749265379,0.07520000,11272.00000000,0.082
1749265379,0.07510000,734.00000000,0.082
1749265379,0.07500000,70567.00000000,0.082
1749265379,0.07490000,122.00000000,0.082
1749265379,0.07480000,122.00000000,0.082
1749265379,0.07470000,3044.00000000,0.082
1749265379,0.07460000,26026.00000000,0.082
1749265379,0.07450000,60968.00000000,0.082
1749265379,0.07430000,11706.00000000,0.082
1749265379,0.07420000,619.00000000,0.082
1749265379,0.07400000,911.00000000,0.082
1749265379,0.07380000,10234.00000000,0.082
1749265379,0.07370000,21031.00000000,0.082
1749265379,0.07350000,5833.00000000,0.082
1749265379,0.07340000,2476.00000000,0.082
1749265379,0.07330000,551.00000000,0.082
1749265379,0.07320000,127.00000000,0.082
1749265379,0.07300000,53114.00000000,0.082
1749265379,0.07290000,301.00000000,0.082
1749265379,0.07280000,10000.00000000,0.082
1749265379,0.07260000,329.00000000,0.082
1749265379,0.07250000,736.00000000,0.082
1749265379,0.07240000,6906.00000000,0.082
1749265379,0.07230000,336.00000000,0.082
1749265379,0.07210000,638.00000000,0.082
1749265379,0.07200000,90141.00000000,0.082
1749265379,0.07190000,1794.00000000,0.082
1749265379,0.07180000,74.00000000,0.082
1749265379,0.07170000,641.00000000,0.082
1749265379,0.07160000,170.00000000,0.082
1749265379,0.07140000,7002.00000000,0.082
1749265379,0.07130000,777.00000000,0.082
1749265379,0.07120000,336.00000000,0.082
1749265681,0.08220000,151427.00000000,0.0823
1749265681,0.08210000,668078.00000000,0.0823
1749265681,0.08200000,786929.00000000,0.0823
1749265681,0.08190000,115394.00000000,0.0823
1749265681,0.08180000,100759.00000000,0.0823
1749265681,0.08170000,179426.00000000,0.0823
1749265681,0.08160000,153812.00000000,0.0823
1749265681,0.08150000,270064.00000000,0.0823
1749265681,0.08140000,58519.00000000,0.0823
1749265681,0.08130000,196953.00000000,0.0823
1749265681,0.08120000,34704.00000000,0.0823
1749265681,0.08110000,35752.00000000,0.0823
1749265681,0.08100000,49869.00000000,0.0823
1749265681,0.08090000,100563.00000000,0.0823
1749265681,0.08080000,58118.00000000,0.0823
1749265681,0.08070000,254548.00000000,0.0823
1749265681,0.08060000,15929.00000000,0.0823
1749265681,0.08050000,30024.00000000,0.0823
1749265681,0.08040000,16003.00000000,0.0823
1749265681,0.08030000,17444.00000000,0.0823
1749265681,0.08020000,10024.00000000,0.0823
1749265681,0.08010000,21263.00000000,0.0823
1749265681,0.08000000,46577.00000000,0.0823
1749265681,0.07990000,2188.00000000,0.0823
1749265681,0.07980000,46303.00000000,0.0823
1749265681,0.07970000,34877.00000000,0.0823
1749265681,0.07960000,53133.00000000,0.0823
1749265681,0.07950000,312.00000000,0.0823
1749265681,0.07940000,3997.00000000,0.0823
1749265681,0.07930000,2537.00000000,0.0823
1749265681,0.07920000,706.00000000,0.0823
1749265681,0.07910000,7092.00000000,0.0823
1749265681,0.07900000,12979.00000000,0.0823
1749265681,0.07890000,1651.00000000,0.0823
1749265681,0.07880000,3021.00000000,0.0823
1749265681,0.07870000,25092.00000000,0.0823
1749265681,0.07860000,7491.00000000,0.0823
1749265681,0.07850000,196.00000000,0.0823
1749265681,0.07840000,12235.00000000,0.0823
1749265681,0.07830000,318.00000000,0.0823
1749265681,0.07820000,126.00000000,0.0823
1749265681,0.07810000,228.00000000,0.0823
1749265681,0.07800000,8992.00000000,0.0823
1749265681,0.07790000,642.00000000,0.0823
1749265681,0.07780000,384.00000000,0.0823
1749265681,0.07770000,15934.00000000,0.0823
1749265681,0.07760000,11523.00000000,0.0823
1749265681,0.07750000,76288.00000000,0.0823
1749265681,0.07740000,771.00000000,0.0823
1749265681,0.07730000,126.00000000,0.0823
1749265681,0.07720000,706.00000000,0.0823
1749265681,0.07710000,722.00000000,0.0823
1749265681,0.07700000,7748.00000000,0.0823
1749265681,0.07690000,126.00000000,0.0823
1749265681,0.07680000,17554.00000000,0.0823
1749265681,0.07670000,725.00000000,0.0823
1749265681,0.07660000,126.00000000,0.0823
1749265681,0.07650000,19821.00000000,0.0823
1749265681,0.07640000,233.00000000,0.0823
1749265681,0.07630000,802.00000000,0.0823
1749265681,0.07620000,222.00000000,0.0823
1749265681,0.07610000,11212.00000000,0.0823
1749265681,0.07600000,14892.00000000,0.0823
1749265681,0.07590000,1063.00000000,0.0823
1749265681,0.07580000,10431.00000000,0.0823
1749265681,0.07570000,121.00000000,0.0823
1749265681,0.07560000,121.00000000,0.0823
1749265681,0.07550000,730.00000000,0.0823
1749265681,0.07540000,121.00000000,0.0823
1749265681,0.07530000,64186.00000000,0.0823
1749265681,0.07520000,11272.00000000,0.0823
1749265681,0.07510000,734.00000000,0.0823
1749265681,0.07500000,70567.00000000,0.0823
1749265681,0.07490000,122.00000000,0.0823
1749265681,0.07470000,2922.00000000,0.0823
1749265681,0.07460000,25904.00000000,0.0823
1749265681,0.07450000,60968.00000000,0.0823
1749265681,0.07430000,11706.00000000,0.0823
1749265681,0.07420000,619.00000000,0.0823
1749265681,0.07400000,911.00000000,0.0823
1749265681,0.07380000,10234.00000000,0.0823
1749265681,0.07370000,21031.00000000,0.0823
1749265681,0.07350000,5833.00000000,0.0823
1749265681,0.07340000,2476.00000000,0.0823
1749265681,0.07330000,551.00000000,0.0823
1749265681,0.07320000,127.00000000,0.0823
1749265681,0.07300000,53114.00000000,0.0823
1749265681,0.07290000,301.00000000,0.0823
1749265681,0.07280000,10000.00000000,0.0823
1749265681,0.07260000,329.00000000,0.0823
1749265681,0.07250000,736.00000000,0.0823
1749265681,0.07240000,6906.00000000,0.0823
1749265681,0.07230000,336.00000000,0.0823
1749265681,0.07210000,638.00000000,0.0823
1749265681,0.07200000,90933.00000000,0.0823
1749265681,0.07190000,1001.00000000,0.0823
1749265681,0.07180000,74.00000000,0.0823
1749265681,0.07170000,641.00000000,0.0823
1749265681,0.07160000,170.00000000,0.0823
1749265681,0.07140000,7002.00000000,0.0823
1749265982,0.08260000,74077.00000000,0.0827
1749265982,0.08250000,749583.00000000,0.0827
1749265982,0.08240000,798185.00000000,0.0827
1749265982,0.08230000,41099.00000000,0.0827
1749265982,0.08220000,186280.00000000,0.0827
1749265982,0.08210000,123524.00000000,0.0827
1749265982,0.08200000,337141.00000000,0.0827
1749265982,0.08190000,122802.00000000,0.0827
1749265982,0.08180000,66385.00000000,0.0827
1749265982,0.08170000,153555.00000000,0.0827
1749265982,0.08160000,70015.00000000,0.0827
1749265982,0.08150000,16001.00000000,0.0827
1749265982,0.08140000,16012.00000000,0.0827
1749265982,0.08130000,112052.00000000,0.0827
1749265982,0.08120000,241375.00000000,0.0827
1749265982,0.08110000,30263.00000000,0.0827
1749265982,0.08100000,46366.00000000,0.0827
1749265982,0.08090000,30778.00000000,0.0827
1749265982,0.08080000,16235.00000000,0.0827
1749265982,0.08070000,16811.00000000,0.0827
1749265982,0.08060000,15837.00000000,0.0827
1749265982,0.08050000,49447.00000000,0.0827
1749265982,0.08040000,28885.00000000,0.0827
1749265982,0.08030000,16678.00000000,0.0827
1749265982,0.08020000,1717.00000000,0.0827
1749265982,0.08010000,12956.00000000,0.0827
1749265982,0.08000000,19165.00000000,0.0827
1749265982,0.07990000,6864.00000000,0.0827
1749265982,0.07980000,56884.00000000,0.0827
1749265982,0.07970000,30312.00000000,0.0827
1749265982,0.07960000,218.00000000,0.0827
1749265982,0.07950000,7185.00000000,0.0827
1749265982,0.07940000,3997.00000000,0.0827
1749265982,0.07930000,280.00000000,0.0827
1749265982,0.07920000,3007.00000000,0.0827
1749265982,0.07910000,24965.00000000,0.0827
1749265982,0.07900000,12979.00000000,0.0827
1749265982,0.07890000,126.00000000,0.0827
1749265982,0.07880000,3155.00000000,0.0827
1749265982,0.07870000,126.00000000,0.0827
1749265982,0.07860000,5038.00000000,0.0827
1749265982,0.07850000,196.00000000,0.0827
1749265982,0.07840000,12235.00000000,0.0827
1749265982,0.07830000,318.00000000,0.0827
1749265982,0.07820000,126.00000000,0.0827
1749265982,0.07810000,228.00000000,0.0827
1749265982,0.07800000,8992.00000000,0.0827
1749265982,0.07790000,642.00000000,0.0827
1749265982,0.07780000,384.00000000,0.0827
1749265982,0.07770000,15934.00000000,0.0827
1749265982,0.07760000,11523.00000000,0.0827
1749265982,0.07750000,76288.00000000,0.0827
1749265982,0.07740000,771.00000000,0.0827
1749265982,0.07730000,126.00000000,0.0827
1749265982,0.07720000,706.00000000,0.0827
1749265982,0.07710000,722.00000000,0.0827
1749265982,0.07700000,7748.00000000,0.0827
1749265982,0.07690000,126.00000000,0.0827
1749265982,0.07680000,17554.00000000,0.0827
1749265982,0.07670000,725.00000000,0.0827
1749265982,0.07660000,126.00000000,0.0827
1749265982,0.07650000,19821.00000000,0.0827
1749265982,0.07640000,233.00000000,0.0827
1749265982,0.07630000,802.00000000,0.0827
1749265982,0.07620000,222.00000000,0.0827
1749265982,0.07610000,11212.00000000,0.0827
1749265982,0.07600000,14892.00000000,0.0827
1749265982,0.07590000,1063.00000000,0.0827
1749265982,0.07580000,10431.00000000,0.0827
1749265982,0.07570000,121.00000000,0.0827
1749265982,0.07560000,121.00000000,0.0827
1749265982,0.07550000,730.00000000,0.0827
1749265982,0.07540000,121.00000000,0.0827
1749265982,0.07530000,64186.00000000,0.0827
1749265982,0.07520000,11150.00000000,0.0827
1749265982,0.07510000,612.00000000,0.0827
1749265982,0.07500000,70445.00000000,0.0827
1749265982,0.07470000,2922.00000000,0.0827
1749265982,0.07460000,25904.00000000,0.0827
1749265982,0.07450000,60968.00000000,0.0827
1749265982,0.07430000,11706.00000000,0.0827
1749265982,0.07420000,915.00000000,0.0827
1749265982,0.07400000,911.00000000,0.0827
1749265982,0.07380000,9938.00000000,0.0827
1749265982,0.07370000,21031.00000000,0.0827
1749265982,0.07350000,5833.00000000,0.0827
1749265982,0.07340000,2476.00000000,0.0827
1749265982,0.07330000,551.00000000,0.0827
1749265982,0.07320000,127.00000000,0.0827
1749265982,0.07300000,53114.00000000,0.0827
1749265982,0.07290000,301.00000000,0.0827
1749265982,0.07280000,10000.00000000,0.0827
1749265982,0.07260000,329.00000000,0.0827
1749265982,0.07250000,736.00000000,0.0827
1749265982,0.07240000,6906.00000000,0.0827
1749265982,0.07230000,336.00000000,0.0827
1749265982,0.07210000,638.00000000,0.0827
1749265982,0.07200000,90933.00000000,0.0827
1749265982,0.07190000,1001.00000000,0.0827
1749265982,0.07180000,74.00000000,0.0827
1749266288,0.08230000,370610.00000000,0.0824
1749266288,0.08220000,561490.00000000,0.0824
1749266288,0.08210000,1008085.00000000,0.0824
1749266288,0.08200000,72438.00000000,0.0824
1749266288,0.08190000,163826.00000000,0.0824
1749266288,0.08180000,84873.00000000,0.0824
1749266288,0.08170000,251238.00000000,0.0824
1749266288,0.08160000,159481.00000000,0.0824
1749266288,0.08150000,28290.00000000,0.0824
1749266288,0.08140000,22160.00000000,0.0824
1749266288,0.08130000,139744.00000000,0.0824
1749266288,0.08120000,17540.00000000,0.0824
1749266288,0.08110000,28761.00000000,0.0824
1749266288,0.08100000,46366.00000000,0.0824
1749266288,0.08090000,30778.00000000,0.0824
1749266288,0.08080000,16235.00000000,0.0824
1749266288,0.08070000,241189.00000000,0.0824
1749266288,0.08060000,15837.00000000,0.0824
1749266288,0.08050000,42007.00000000,0.0824
1749266288,0.08040000,25233.00000000,0.0824
1749266288,0.08030000,9871.00000000,0.0824
1749266288,0.08020000,217.00000000,0.0824
1749266288,0.08010000,12956.00000000,0.0824
1749266288,0.08000000,63534.00000000,0.0824
1749266288,0.07990000,14351.00000000,0.0824
1749266288,0.07980000,218.00000000,0.0824
1749266288,0.07970000,28067.00000000,0.0824
1749266288,0.07960000,7140.00000000,0.0824
1749266288,0.07950000,2563.00000000,0.0824
1749266288,0.07940000,3997.00000000,0.0824
1749266288,0.07930000,280.00000000,0.0824
1749266288,0.07920000,3006.00000000,0.0824
1749266288,0.07910000,24965.00000000,0.0824
1749266288,0.07900000,15419.00000000,0.0824
1749266288,0.07890000,126.00000000,0.0824
1749266288,0.07880000,709.00000000,0.0824
1749266288,0.07870000,126.00000000,0.0824
1749266288,0.07860000,5038.00000000,0.0824
1749266288,0.07850000,196.00000000,0.0824
1749266288,0.07840000,12235.00000000,0.0824
1749266288,0.07830000,446.00000000,0.0824
1749266288,0.07820000,126.00000000,0.0824
1749266288,0.07810000,228.00000000,0.0824
1749266288,0.07800000,8992.00000000,0.0824
1749266288,0.07790000,642.00000000,0.0824
1749266288,0.07780000,255.00000000,0.0824
1749266288,0.07770000,15934.00000000,0.0824
1749266288,0.07760000,11523.00000000,0.0824
1749266288,0.07750000,76288.00000000,0.0824
1749266288,0.07740000,771.00000000,0.0824
1749266288,0.07730000,126.00000000,0.0824
1749266288,0.07720000,706.00000000,0.0824
1749266288,0.07710000,722.00000000,0.0824
1749266288,0.07700000,7748.00000000,0.0824
1749266288,0.07690000,126.00000000,0.0824
1749266288,0.07680000,17554.00000000,0.0824
1749266288,0.07670000,725.00000000,0.0824
1749266288,0.07660000,126.00000000,0.0824
1749266288,0.07650000,19821.00000000,0.0824
1749266288,0.07640000,233.00000000,0.0824
1749266288,0.07630000,802.00000000,0.0824
1749266288,0.07620000,222.00000000,0.0824
1749266288,0.07610000,11212.00000000,0.0824
1749266288,0.07600000,14892.00000000,0.0824
1749266288,0.07590000,1063.00000000,0.0824
1749266288,0.07580000,10431.00000000,0.0824
1749266288,0.07570000,121.00000000,0.0824
1749266288,0.07560000,121.00000000,0.0824
1749266288,0.07550000,730.00000000,0.0824
1749266288,0.07540000,121.00000000,0.0824
1749266288,0.07530000,64186.00000000,0.0824
1749266288,0.07520000,11272.00000000,0.0824
1749266288,0.07510000,734.00000000,0.0824
1749266288,0.07500000,70567.00000000,0.0824
1749266288,0.07470000,2922.00000000,0.0824
1749266288,0.07460000,25904.00000000,0.0824
1749266288,0.07450000,60968.00000000,0.0824
1749266288,0.07430000,11706.00000000,0.0824
1749266288,0.07420000,915.00000000,0.0824
1749266288,0.07400000,911.00000000,0.0824
1749266288,0.07380000,9938.00000000,0.0824
1749266288,0.07370000,21031.00000000,0.0824
1749266288,0.07350000,5833.00000000,0.0824
1749266288,0.07340000,2476.00000000,0.0824
1749266288,0.07330000,551.00000000,0.0824
1749266288,0.07320000,127.00000000,0.0824
1749266288,0.07300000,53114.00000000,0.0824
1749266288,0.07290000,301.00000000,0.0824
1749266288,0.07280000,10000.00000000,0.0824
1749266288,0.07260000,329.00000000,0.0824
1749266288,0.07250000,736.00000000,0.0824
1749266288,0.07240000,6906.00000000,0.0824
1749266288,0.07230000,336.00000000,0.0824
1749266288,0.07210000,638.00000000,0.0824
1749266288,0.07200000,90932.00000000,0.0824
1749266288,0.07190000,1001.00000000,0.0824
1749266288,0.07180000,74.00000000,0.0824
1749266288,0.07170000,641.00000000,0.0824
1749266288,0.07160000,170.00000000,0.0824
1749266288,0.07140000,7002.00000000,0.0824
1749266590,0.08220000,35524.00000000,0.0823
1749266590,0.08210000,605008.00000000,0.0823
1749266590,0.08200000,1094184.00000000,0.0823
1749266590,0.08190000,183563.00000000,0.0823
1749266590,0.08180000,28448.00000000,0.0823
1749266590,0.08170000,160772.00000000,0.0823
1749266590,0.08160000,167005.00000000,0.0823
1749266590,0.08150000,43301.00000000,0.0823
1749266590,0.08140000,192531.00000000,0.0823
1749266590,0.08130000,158681.00000000,0.0823
1749266590,0.08120000,23832.00000000,0.0823
1749266590,0.08110000,53717.00000000,0.0823
1749266590,0.08100000,46366.00000000,0.0823
1749266590,0.08090000,17627.00000000,0.0823
1749266590,0.08080000,15928.00000000,0.0823
1749266590,0.08070000,254275.00000000,0.0823
1749266590,0.08060000,15837.00000000,0.0823
1749266590,0.08050000,42687.00000000,0.0823
1749266590,0.08040000,34092.00000000,0.0823
1749266590,0.08030000,15944.00000000,0.0823
1749266590,0.08020000,1717.00000000,0.0823
1749266590,0.08010000,21263.00000000,0.0823
1749266590,0.08000000,63534.00000000,0.0823
1749266590,0.07990000,14351.00000000,0.0823
1749266590,0.07980000,218.00000000,0.0823
1749266590,0.07970000,28067.00000000,0.0823
1749266590,0.07960000,218.00000000,0.0823
1749266590,0.07950000,312.00000000,0.0823
1749266590,0.07940000,10936.00000000,0.0823
1749266590,0.07930000,2537.00000000,0.0823
1749266590,0.07920000,3014.00000000,0.0823
1749266590,0.07910000,126.00000000,0.0823
1749266590,0.07900000,12979.00000000,0.0823
1749266590,0.07890000,25028.00000000,0.0823
1749266590,0.07880000,3155.00000000,0.0823
1749266590,0.07870000,126.00000000,0.0823
1749266590,0.07860000,5038.00000000,0.0823
1749266590,0.07850000,196.00000000,0.0823
1749266590,0.07840000,12235.00000000,0.0823
1749266590,0.07830000,446.00000000,0.0823
1749266590,0.07820000,126.00000000,0.0823
1749266590,0.07810000,228.00000000,0.0823
1749266590,0.07800000,8992.00000000,0.0823
1749266590,0.07790000,642.00000000,0.0823
1749266590,0.07780000,255.00000000,0.0823
1749266590,0.07770000,15934.00000000,0.0823
1749266590,0.07760000,11523.00000000,0.0823
1749266590,0.07750000,76288.00000000,0.0823
1749266590,0.07740000,771.00000000,0.0823
1749266590,0.07730000,126.00000000,0.0823
1749266590,0.07720000,706.00000000,0.0823
1749266590,0.07710000,722.00000000,0.0823
1749266590,0.07700000,7748.00000000,0.0823
1749266590,0.07690000,126.00000000,0.0823
1749266590,0.07680000,17554.00000000,0.0823
1749266590,0.07670000,725.00000000,0.0823
1749266590,0.07660000,126.00000000,0.0823
1749266590,0.07650000,19821.00000000,0.0823
1749266590,0.07640000,233.00000000,0.0823
1749266590,0.07630000,802.00000000,0.0823
1749266590,0.07620000,222.00000000,0.0823
1749266590,0.07610000,11212.00000000,0.0823
1749266590,0.07600000,14892.00000000,0.0823
1749266590,0.07590000,1063.00000000,0.0823
1749266590,0.07580000,10431.00000000,0.0823
1749266590,0.07570000,121.00000000,0.0823
1749266590,0.07560000,121.00000000,0.0823
1749266590,0.07550000,730.00000000,0.0823
1749266590,0.07540000,121.00000000,0.0823
1749266590,0.07530000,64186.00000000,0.0823
1749266590,0.07520000,11272.00000000,0.0823
1749266590,0.07510000,734.00000000,0.0823
1749266590,0.07500000,70567.00000000,0.0823
1749266590,0.07490000,122.00000000,0.0823
1749266590,0.07470000,2922.00000000,0.0823
1749266590,0.07460000,25904.00000000,0.0823
1749266590,0.07450000,60968.00000000,0.0823
1749266590,0.07430000,11706.00000000,0.0823
1749266590,0.07420000,619.00000000,0.0823
1749266590,0.07410000,296.00000000,0.0823
1749266590,0.07400000,911.00000000,0.0823
1749266590,0.07380000,9938.00000000,0.0823
1749266590,0.07370000,21031.00000000,0.0823
1749266590,0.07350000,5833.00000000,0.0823
1749266590,0.07340000,2476.00000000,0.0823
1749266590,0.07330000,551.00000000,0.0823
1749266590,0.07320000,127.00000000,0.0823
1749266590,0.07300000,53114.00000000,0.0823
1749266590,0.07290000,301.00000000,0.0823
1749266590,0.07280000,10000.00000000,0.0823
1749266590,0.07260000,329.00000000,0.0823
1749266590,0.07250000,736.00000000,0.0823
1749266590,0.07240000,6906.00000000,0.0823
1749266590,0.07230000,336.00000000,0.0823
1749266590,0.07210000,638.00000000,0.0823
1749266590,0.07200000,90933.00000000,0.0823
1749266590,0.07190000,1001.00000000,0.0823
1749266590,0.07180000,74.00000000,0.0823
1749266590,0.07170000,641.00000000,0.0823
1749266590,0.07160000,170.00000000,0.0823
1749266892,0.08220000,67555.00000000,0.0823
1749266892,0.08210000,624870.00000000,0.0823
1749266892,0.08200000,917806.00000000,0.0823
1749266892,0.08190000,186051.00000000,0.0823
1749266892,0.08180000,145384.00000000,0.0823
1749266892,0.08170000,184895.00000000,0.0823
1749266892,0.08160000,107359.00000000,0.0823
1749266892,0.08150000,43045.00000000,0.0823
1749266892,0.08140000,286464.00000000,0.0823
1749266892,0.08130000,169204.00000000,0.0823
1749266892,0.08120000,23717.00000000,0.0823
1749266892,0.08110000,30962.00000000,0.0823
1749266892,0.08100000,46366.00000000,0.0823
1749266892,0.08090000,106188.00000000,0.0823
1749266892,0.08080000,16013.00000000,0.0823
1749266892,0.08070000,29698.00000000,0.0823
1749266892,0.08060000,230916.00000000,0.0823
1749266892,0.08050000,42687.00000000,0.0823
1749266892,0.08040000,9104.00000000,0.0823
1749266892,0.08030000,12158.00000000,0.0823
1749266892,0.08020000,44460.00000000,0.0823
1749266892,0.08010000,25084.00000000,0.0823
1749266892,0.08000000,30649.00000000,0.0823
1749266892,0.07990000,2188.00000000,0.0823
1749266892,0.07980000,218.00000000,0.0823
1749266892,0.07970000,28067.00000000,0.0823
1749266892,0.07960000,218.00000000,0.0823
1749266892,0.07950000,312.00000000,0.0823
1749266892,0.07940000,3997.00000000,0.0823
1749266892,0.07930000,2537.00000000,0.0823
1749266892,0.07920000,706.00000000,0.0823
1749266892,0.07910000,126.00000000,0.0823
1749266892,0.07900000,15394.00000000,0.0823
1749266892,0.07890000,25028.00000000,0.0823
1749266892,0.07880000,709.00000000,0.0823
1749266892,0.07870000,2575.00000000,0.0823
1749266892,0.07860000,5038.00000000,0.0823
1749266892,0.07850000,196.00000000,0.0823
1749266892,0.07840000,12235.00000000,0.0823
1749266892,0.07830000,446.00000000,0.0823
1749266892,0.07820000,126.00000000,0.0823
1749266892,0.07810000,228.00000000,0.0823
1749266892,0.07800000,8992.00000000,0.0823
1749266892,0.07790000,642.00000000,0.0823
1749266892,0.07780000,255.00000000,0.0823
1749266892,0.07770000,15934.00000000,0.0823
1749266892,0.07760000,11523.00000000,0.0823
1749266892,0.07750000,76288.00000000,0.0823
1749266892,0.07740000,900.00000000,0.0823
1749266892,0.07730000,126.00000000,0.0823
1749266892,0.07720000,706.00000000,0.0823
1749266892,0.07710000,722.00000000,0.0823
1749266892,0.07700000,7748.00000000,0.0823
1749266892,0.07690000,126.00000000,0.0823
1749266892,0.07680000,17554.00000000,0.0823
1749266892,0.07670000,725.00000000,0.0823
1749266892,0.07660000,126.00000000,0.0823
1749266892,0.07650000,19821.00000000,0.0823
1749266892,0.07640000,233.00000000,0.0823
1749266892,0.07630000,802.00000000,0.0823
1749266892,0.07620000,222.00000000,0.0823
1749266892,0.07610000,11212.00000000,0.0823
1749266892,0.07600000,14892.00000000,0.0823
1749266892,0.07590000,1063.00000000,0.0823
1749266892,0.07580000,10431.00000000,0.0823
1749266892,0.07570000,121.00000000,0.0823
1749266892,0.07560000,121.00000000,0.0823
1749266892,0.07550000,730.00000000,0.0823
1749266892,0.07540000,121.00000000,0.0823
1749266892,0.07530000,64186.00000000,0.0823
1749266892,0.07520000,11272.00000000,0.0823
1749266892,0.07510000,734.00000000,0.0823
1749266892,0.07500000,55552.00000000,0.0823
1749266892,0.07490000,122.00000000,0.0823
1749266892,0.07470000,2922.00000000,0.0823
1749266892,0.07460000,25904.00000000,0.0823
1749266892,0.07450000,60968.00000000,0.0823
1749266892,0.07430000,11706.00000000,0.0823
1749266892,0.07420000,619.00000000,0.0823
1749266892,0.07400000,15926.00000000,0.0823
1749266892,0.07380000,10234.00000000,0.0823
1749266892,0.07370000,21031.00000000,0.0823
1749266892,0.07350000,5833.00000000,0.0823
1749266892,0.07340000,2476.00000000,0.0823
1749266892,0.07330000,551.00000000,0.0823
1749266892,0.07320000,127.00000000,0.0823
1749266892,0.07300000,53114.00000000,0.0823
1749266892,0.07290000,301.00000000,0.0823
1749266892,0.07280000,10000.00000000,0.0823
1749266892,0.07260000,329.00000000,0.0823
1749266892,0.07250000,736.00000000,0.0823
1749266892,0.07240000,6906.00000000,0.0823
1749266892,0.07230000,336.00000000,0.0823
1749266892,0.07210000,638.00000000,0.0823
1749266892,0.07200000,90932.00000000,0.0823
1749266892,0.07190000,1001.00000000,0.0823
1749266892,0.07180000,74.00000000,0.0823
1749266892,0.07170000,641.00000000,0.0823
1749266892,0.07160000,170.00000000,0.0823
1749266892,0.07140000,7002.00000000,0.0823
1749267193,0.08160000,78919.00000000,0.0816
1749267193,0.08150000,418401.00000000,0.0816
1749267193,0.08140000,560938.00000000,0.0816
1749267193,0.08130000,915028.00000000,0.0816
1749267193,0.08120000,50315.00000000,0.0816
1749267193,0.08110000,188835.00000000,0.0816
1749267193,0.08100000,151546.00000000,0.0816
1749267193,0.08090000,137182.00000000,0.0816
1749267193,0.08080000,153930.00000000,0.0816
1749267193,0.08070000,29883.00000000,0.0816
1749267193,0.08060000,63095.00000000,0.0816
1749267193,0.08050000,105890.00000000,0.0816
1749267193,0.08040000,60718.00000000,0.0816
1749267193,0.08030000,77582.00000000,0.0816
1749267193,0.08020000,78888.00000000,0.0816
1749267193,0.08010000,92456.00000000,0.0816
1749267193,0.08000000,223692.00000000,0.0816
1749267193,0.07990000,88120.00000000,0.0816
1749267193,0.07980000,218.00000000,0.0816
1749267193,0.07970000,35188.00000000,0.0816
1749267193,0.07960000,218.00000000,0.0816
1749267193,0.07950000,20036.00000000,0.0816
1749267193,0.07940000,12304.00000000,0.0816
1749267193,0.07930000,280.00000000,0.0816
1749267193,0.07920000,706.00000000,0.0816
1749267193,0.07910000,126.00000000,0.0816
1749267193,0.07900000,16657.00000000,0.0816
1749267193,0.07890000,3906.00000000,0.0816
1749267193,0.07880000,7644.00000000,0.0816
1749267193,0.07870000,2575.00000000,0.0816
1749267193,0.07860000,5038.00000000,0.0816
1749267193,0.07850000,25225.00000000,0.0816
1749267193,0.07840000,12235.00000000,0.0816
1749267193,0.07830000,446.00000000,0.0816
1749267193,0.07820000,510.00000000,0.0816
1749267193,0.07810000,228.00000000,0.0816
1749267193,0.07800000,8992.00000000,0.0816
1749267193,0.07790000,384.00000000,0.0816
1749267193,0.07780000,126.00000000,0.0816
1749267193,0.07770000,15934.00000000,0.0816
1749267193,0.07760000,11523.00000000,0.0816
1749267193,0.07750000,76288.00000000,0.0816
1749267193,0.07740000,900.00000000,0.0816
1749267193,0.07730000,126.00000000,0.0816
1749267193,0.07720000,706.00000000,0.0816
1749267193,0.07710000,722.00000000,0.0816
1749267193,0.07700000,7748.00000000,0.0816
1749267193,0.07690000,126.00000000,0.0816
1749267193,0.07680000,17554.00000000,0.0816
1749267193,0.07670000,725.00000000,0.0816
1749267193,0.07660000,126.00000000,0.0816
1749267193,0.07650000,19821.00000000,0.0816
1749267193,0.07640000,233.00000000,0.0816
1749267193,0.07630000,802.00000000,0.0816
1749267193,0.07620000,222.00000000,0.0816
1749267193,0.07610000,11212.00000000,0.0816
1749267193,0.07600000,14892.00000000,0.0816
1749267193,0.07590000,1063.00000000,0.0816
1749267193,0.07580000,10431.00000000,0.0816
1749267193,0.07570000,121.00000000,0.0816
1749267193,0.07560000,121.00000000,0.0816
1749267193,0.07550000,730.00000000,0.0816
1749267193,0.07540000,121.00000000,0.0816
1749267193,0.07530000,64186.00000000,0.0816
1749267193,0.07520000,11272.00000000,0.0816
1749267193,0.07510000,734.00000000,0.0816
1749267193,0.07500000,55552.00000000,0.0816
1749267193,0.07490000,122.00000000,0.0816
1749267193,0.07480000,122.00000000,0.0816
1749267193,0.07470000,3044.00000000,0.0816
1749267193,0.07460000,26026.00000000,0.0816
1749267193,0.07450000,61091.00000000,0.0816
1749267193,0.07440000,123.00000000,0.0816
1749267193,0.07430000,11829.00000000,0.0816
1749267193,0.07420000,7352.00000000,0.0816
1749267193,0.07400000,15926.00000000,0.0816
1749267193,0.07380000,10086.00000000,0.0816
1749267193,0.07370000,21031.00000000,0.0816
1749267193,0.07360000,150.00000000,0.0816
1749267193,0.07350000,5833.00000000,0.0816
1749267193,0.07340000,2476.00000000,0.0816
1749267193,0.07330000,551.00000000,0.0816
1749267193,0.07320000,127.00000000,0.0816
1749267193,0.07300000,53114.00000000,0.0816
1749267193,0.07290000,301.00000000,0.0816
1749267193,0.07280000,10000.00000000,0.0816
1749267193,0.07260000,329.00000000,0.0816
1749267193,0.07250000,736.00000000,0.0816
1749267193,0.07240000,6906.00000000,0.0816
1749267193,0.07230000,336.00000000,0.0816
1749267193,0.07210000,638.00000000,0.0816
1749267193,0.07200000,90932.00000000,0.0816
1749267193,0.07190000,1001.00000000,0.0816
1749267193,0.07180000,74.00000000,0.0816
1749267193,0.07170000,641.00000000,0.0816
1749267193,0.07160000,170.00000000,0.0816
1749267193,0.07140000,7002.00000000,0.0816
1749267193,0.07130000,777.00000000,0.0816
1749267193,0.07120000,336.00000000,0.0816
1749267193,0.07110000,5239.00000000,0.0816
1749267500,0.08080000,7403.00000000,0.081
1749267500,0.08070000,249602.00000000,0.081
1749267500,0.08060000,626477.00000000,0.081
1749267500,0.08050000,983632.00000000,0.081
1749267500,0.08040000,180442.00000000,0.081
1749267500,0.08030000,67060.00000000,0.081
1749267500,0.08020000,61756.00000000,0.081
1749267500,0.08010000,249938.00000000,0.081
1749267500,0.08000000,56820.00000000,0.081
1749267500,0.07990000,64730.00000000,0.081
1749267500,0.07980000,134459.00000000,0.081
1749267500,0.07970000,30717.00000000,0.081
1749267500,0.07960000,16093.00000000,0.081
1749267500,0.07950000,41242.00000000,0.081
1749267500,0.07940000,68711.00000000,0.081
1749267500,0.07930000,25934.00000000,0.081
1749267500,0.07920000,85206.00000000,0.081
1749267500,0.07910000,14836.00000000,0.081
1749267500,0.07900000,9398.00000000,0.081
1749267500,0.07890000,25287.00000000,0.081
1749267500,0.07880000,20383.00000000,0.081
1749267500,0.07870000,9161.00000000,0.081
1749267500,0.07860000,15715.00000000,0.081
1749267500,0.07850000,9341.00000000,0.081
1749267500,0.07840000,21271.00000000,0.081
1749267500,0.07830000,8625.00000000,0.081
1749267500,0.07820000,33558.00000000,0.081
1749267500,0.07810000,228.00000000,0.081
1749267500,0.07800000,10522.00000000,0.081
1749267500,0.07790000,109467.00000000,0.081
1749267500,0.07780000,126.00000000,0.081
1749267500,0.07770000,18284.00000000,0.081
1749267500,0.07760000,11523.00000000,0.081
1749267500,0.07750000,76288.00000000,0.081
1749267500,0.07740000,900.00000000,0.081
1749267500,0.07730000,2620.00000000,0.081
1749267500,0.07720000,13167.00000000,0.081
1749267500,0.07710000,7195.00000000,0.081
1749267500,0.07700000,16213.00000000,0.081
1749267500,0.07690000,515.00000000,0.081
1749267500,0.07680000,18605.00000000,0.081
1749267500,0.07670000,856.00000000,0.081
1749267500,0.07660000,126.00000000,0.081
1749267500,0.07650000,20083.00000000,0.081
1749267500,0.07640000,52628.00000000,0.081
1749267500,0.07630000,26968.00000000,0.081
1749267500,0.07620000,222.00000000,0.081
1749267500,0.07610000,11212.00000000,0.081
1749267500,0.07600000,14892.00000000,0.081
1749267500,0.07590000,1063.00000000,0.081
1749267500,0.07580000,10431.00000000,0.081
1749267500,0.07570000,121.00000000,0.081
1749267500,0.07560000,121.00000000,0.081
1749267500,0.07550000,730.00000000,0.081
1749267500,0.07540000,121.00000000,0.081
1749267500,0.07530000,64186.00000000,0.081
1749267500,0.07520000,11272.00000000,0.081
1749267500,0.07510000,734.00000000,0.081
1749267500,0.07500000,55552.00000000,0.081
1749267500,0.07490000,122.00000000,0.081
1749267500,0.07480000,122.00000000,0.081
1749267500,0.07470000,3044.00000000,0.081
1749267500,0.07460000,26026.00000000,0.081
1749267500,0.07450000,61091.00000000,0.081
1749267500,0.07440000,123.00000000,0.081
1749267500,0.07430000,11829.00000000,0.081
