timestamp,price,volume,current_price
1749258411,0.03758000,1384.00000000,0.03759
1749258411,0.03757000,15653.00000000,0.03759
1749258411,0.03756000,22852.00000000,0.03759
1749258411,0.03755000,54454.00000000,0.03759
1749258411,0.03754000,44106.00000000,0.03759
1749258411,0.03753000,35770.00000000,0.03759
1749258411,0.03752000,22547.00000000,0.03759
1749258411,0.03751000,85837.00000000,0.03759
1749258411,0.03750000,15296.00000000,0.03759
1749258411,0.03749000,97509.00000000,0.03759
1749258411,0.03748000,78361.00000000,0.03759
1749258411,0.03747000,20943.00000000,0.03759
1749258411,0.03746000,12346.00000000,0.03759
1749258411,0.03745000,56620.00000000,0.03759
1749258411,0.03744000,28079.00000000,0.03759
1749258411,0.03743000,141465.00000000,0.03759
1749258411,0.03742000,103096.00000000,0.03759
1749258411,0.03741000,54291.00000000,0.03759
1749258411,0.03740000,71204.00000000,0.03759
1749258411,0.03739000,17461.00000000,0.03759
1749258411,0.03738000,36157.00000000,0.03759
1749258411,0.03737000,8835.00000000,0.03759
1749258411,0.03736000,52994.00000000,0.03759
1749258411,0.03735000,7686.00000000,0.03759
1749258411,0.03734000,55899.00000000,0.03759
1749258411,0.03733000,7018.00000000,0.03759
1749258411,0.03732000,31793.00000000,0.03759
1749258411,0.03731000,33706.00000000,0.03759
1749258411,0.03730000,40701.00000000,0.03759
1749258411,0.03729000,122950.00000000,0.03759
1749258411,0.03728000,12148.00000000,0.03759
1749258411,0.03727000,20538.00000000,0.03759
1749258411,0.03726000,7872.00000000,0.03759
1749258411,0.03725000,11942.00000000,0.03759
1749258411,0.03724000,47200.00000000,0.03759
1749258411,0.03723000,39154.00000000,0.03759
1749258411,0.03722000,21214.00000000,0.03759
1749258411,0.03721000,7019.00000000,0.03759
1749258411,0.03720000,33709.00000000,0.03759
1749258411,0.03719000,50853.00000000,0.03759
1749258411,0.03718000,163025.00000000,0.03759
1749258411,0.03717000,270.00000000,0.03759
1749258411,0.03716000,13549.00000000,0.03759
1749258411,0.03715000,85567.00000000,0.03759
1749258411,0.03714000,253086.00000000,0.03759
1749258411,0.03713000,321942.00000000,0.03759
1749258411,0.03712000,13549.00000000,0.03759
1749258411,0.03711000,16087.00000000,0.03759
1749258411,0.03710000,25769.00000000,0.03759
1749258411,0.03709000,712.00000000,0.03759
1749258411,0.03708000,13890.00000000,0.03759
1749258411,0.03707000,46407.00000000,0.03759
1749258411,0.03706000,13690.00000000,0.03759
1749258411,0.03705000,1606.00000000,0.03759
1749258411,0.03704000,469.00000000,0.03759
1749258411,0.03703000,268.00000000,0.03759
1749258411,0.03702000,13546.00000000,0.03759
1749258411,0.03701000,268.00000000,0.03759
1749258411,0.03700000,13240.00000000,0.03759
1749258411,0.03699000,13534.00000000,0.03759
1749258411,0.03698000,469.00000000,0.03759
1749258411,0.03697000,13345.00000000,0.03759
1749258411,0.03696000,18219.00000000,0.03759
1749258411,0.03695000,268.00000000,0.03759
1749258411,0.03694000,469.00000000,0.03759
1749258411,0.03693000,13345.00000000,0.03759
1749258411,0.03692000,469.00000000,0.03759
1749258411,0.03691000,268.00000000,0.03759
1749258411,0.03690000,469.00000000,0.03759
1749258411,0.03689000,268.00000000,0.03759
1749258411,0.03688000,1962.00000000,0.03759
1749258411,0.03687000,268.00000000,0.03759
1749258411,0.03686000,469.00000000,0.03759
1749258411,0.03685000,409.00000000,0.03759
1749258411,0.03684000,467.00000000,0.03759
1749258411,0.03683000,266.00000000,0.03759
1749258411,0.03682000,201.00000000,0.03759
1749258411,0.03681000,13529.00000000,0.03759
1749258411,0.03680000,3877.00000000,0.03759
1749258411,0.03678000,206.00000000,0.03759
1749258411,0.03668000,3135.00000000,0.03759
1749258411,0.03662000,145.00000000,0.03759
1749258411,0.03658000,3325.00000000,0.03759
1749258411,0.03656000,207.00000000,0.03759
1749258411,0.03655000,2842.00000000,0.03759
1749258411,0.03650000,2061.00000000,0.03759
1749258411,0.03646000,165.00000000,0.03759
1749258411,0.03644000,139.00000000,0.03759
1749258411,0.03642000,80283.00000000,0.03759
1749258411,0.03637000,80831.00000000,0.03759
1749258411,0.03635000,214195.00000000,0.03759
1749258411,0.03634000,364814.00000000,0.03759
1749258411,0.03633000,165.00000000,0.03759
1749258411,0.03632000,143.00000000,0.03759
1749258411,0.03629000,281923.00000000,0.03759
1749258411,0.03626000,366.00000000,0.03759
1749258411,0.03620000,807.00000000,0.03759
1749258411,0.03619000,215987.00000000,0.03759
1749258411,0.03615000,414.00000000,0.03759
1749258411,0.03613000,209.00000000,0.03759
1749258747,0.03752000,6815.00000000,0.03752
1749258747,0.03751000,13571.00000000,0.03752
1749258747,0.03750000,25494.00000000,0.03752
1749258747,0.03749000,14573.00000000,0.03752
1749258747,0.03748000,109399.00000000,0.03752
1749258747,0.03747000,312977.00000000,0.03752
1749258747,0.03746000,149473.00000000,0.03752
1749258747,0.03745000,25322.00000000,0.03752
1749258747,0.03744000,78052.00000000,0.03752
1749258747,0.03743000,19579.00000000,0.03752
1749258747,0.03742000,98204.00000000,0.03752
1749258747,0.03741000,120853.00000000,0.03752
1749258747,0.03740000,71404.00000000,0.03752
1749258747,0.03739000,138651.00000000,0.03752
1749258747,0.03738000,21163.00000000,0.03752
1749258747,0.03737000,29558.00000000,0.03752
1749258747,0.03736000,58577.00000000,0.03752
1749258747,0.03735000,12354.00000000,0.03752
1749258747,0.03734000,55899.00000000,0.03752
1749258747,0.03733000,33197.00000000,0.03752
1749258747,0.03732000,25889.00000000,0.03752
1749258747,0.03731000,33706.00000000,0.03752
1749258747,0.03730000,40701.00000000,0.03752
1749258747,0.03729000,20212.00000000,0.03752
1749258747,0.03728000,12148.00000000,0.03752
1749258747,0.03727000,20538.00000000,0.03752
1749258747,0.03726000,7887.00000000,0.03752
1749258747,0.03725000,11942.00000000,0.03752
1749258747,0.03724000,47200.00000000,0.03752
1749258747,0.03723000,129812.00000000,0.03752
1749258747,0.03722000,27279.00000000,0.03752
1749258747,0.03721000,11941.00000000,0.03752
1749258747,0.03720000,34375.00000000,0.03752
1749258747,0.03719000,47393.00000000,0.03752
1749258747,0.03718000,20741.00000000,0.03752
1749258747,0.03717000,23458.00000000,0.03752
1749258747,0.03716000,25230.00000000,0.03752
1749258747,0.03715000,92317.00000000,0.03752
1749258747,0.03714000,25897.00000000,0.03752
1749258747,0.03713000,34867.00000000,0.03752
1749258747,0.03712000,20299.00000000,0.03752
1749258747,0.03711000,3880.00000000,0.03752
1749258747,0.03710000,25769.00000000,0.03752
1749258747,0.03709000,712.00000000,0.03752
1749258747,0.03708000,135597.00000000,0.03752
1749258747,0.03707000,286455.00000000,0.03752
1749258747,0.03706000,29386.00000000,0.03752
1749258747,0.03705000,324308.00000000,0.03752
1749258747,0.03704000,469.00000000,0.03752
1749258747,0.03703000,268.00000000,0.03752
1749258747,0.03702000,14212.00000000,0.03752
1749258747,0.03701000,268.00000000,0.03752
1749258747,0.03700000,13240.00000000,0.03752
1749258747,0.03699000,13534.00000000,0.03752
1749258747,0.03698000,469.00000000,0.03752
1749258747,0.03697000,13345.00000000,0.03752
1749258747,0.03696000,18885.00000000,0.03752
1749258747,0.03695000,268.00000000,0.03752
1749258747,0.03694000,469.00000000,0.03752
1749258747,0.03693000,13345.00000000,0.03752
1749258747,0.03692000,469.00000000,0.03752
1749258747,0.03691000,268.00000000,0.03752
1749258747,0.03690000,1088.00000000,0.03752
1749258747,0.03689000,268.00000000,0.03752
1749258747,0.03688000,1962.00000000,0.03752
1749258747,0.03687000,268.00000000,0.03752
1749258747,0.03686000,469.00000000,0.03752
1749258747,0.03685000,409.00000000,0.03752
1749258747,0.03684000,467.00000000,0.03752
1749258747,0.03683000,266.00000000,0.03752
1749258747,0.03682000,468.00000000,0.03752
1749258747,0.03681000,267.00000000,0.03752
1749258747,0.03680000,4144.00000000,0.03752
1749258747,0.03679000,267.00000000,0.03752
1749258747,0.03678000,473.00000000,0.03752
1749258747,0.03677000,267.00000000,0.03752
1749258747,0.03672000,13928.00000000,0.03752
1749258747,0.03668000,3135.00000000,0.03752
1749258747,0.03662000,145.00000000,0.03752
1749258747,0.03658000,3325.00000000,0.03752
1749258747,0.03656000,207.00000000,0.03752
1749258747,0.03655000,2842.00000000,0.03752
1749258747,0.03650000,2061.00000000,0.03752
1749258747,0.03646000,165.00000000,0.03752
1749258747,0.03644000,139.00000000,0.03752
1749258747,0.03642000,80283.00000000,0.03752
1749258747,0.03637000,80831.00000000,0.03752
1749258747,0.03635000,214195.00000000,0.03752
1749258747,0.03634000,85505.00000000,0.03752
1749258747,0.03633000,165.00000000,0.03752
1749258747,0.03632000,143.00000000,0.03752
1749258747,0.03630000,279830.00000000,0.03752
1749258747,0.03626000,366.00000000,0.03752
1749258747,0.03624000,282450.00000000,0.03752
1749258747,0.03620000,807.00000000,0.03752
1749258747,0.03619000,215987.00000000,0.03752
1749258747,0.03615000,414.00000000,0.03752
1749258747,0.03613000,209.00000000,0.03752
1749258747,0.03612000,96047.00000000,0.03752
1749258747,0.03611000,256.00000000,0.03752
1749259048,0.03747000,12605.00000000,0.03747
1749259048,0.03746000,24806.00000000,0.03747
1749259048,0.03745000,15837.00000000,0.03747
1749259048,0.03744000,251346.00000000,0.03747
1749259048,0.03743000,160559.00000000,0.03747
1749259048,0.03742000,94609.00000000,0.03747
1749259048,0.03741000,93534.00000000,0.03747
1749259048,0.03740000,129117.00000000,0.03747
1749259048,0.03739000,25031.00000000,0.03747
1749259048,0.03738000,34371.00000000,0.03747
1749259048,0.03737000,127286.00000000,0.03747
1749259048,0.03736000,25874.00000000,0.03747
1749259048,0.03735000,84159.00000000,0.03747
1749259048,0.03734000,178333.00000000,0.03747
1749259048,0.03733000,22945.00000000,0.03747
1749259048,0.03732000,25898.00000000,0.03747
1749259048,0.03731000,18618.00000000,0.03747
1749259048,0.03730000,40707.00000000,0.03747
1749259048,0.03729000,35654.00000000,0.03747
1749259048,0.03728000,12156.00000000,0.03747
1749259048,0.03727000,41126.00000000,0.03747
1749259048,0.03726000,7887.00000000,0.03747
1749259048,0.03725000,7019.00000000,0.03747
1749259048,0.03724000,20298.00000000,0.03747
1749259048,0.03723000,136010.00000000,0.03747
1749259048,0.03722000,21214.00000000,0.03747
1749259048,0.03721000,7019.00000000,0.03747
1749259048,0.03720000,34375.00000000,0.03747
1749259048,0.03719000,7019.00000000,0.03747
1749259048,0.03718000,26732.00000000,0.03747
1749259048,0.03717000,7020.00000000,0.03747
1749259048,0.03716000,20299.00000000,0.03747
1749259048,0.03715000,92317.00000000,0.03747
1749259048,0.03714000,63602.00000000,0.03747
1749259048,0.03713000,34867.00000000,0.03747
1749259048,0.03712000,31779.00000000,0.03747
1749259048,0.03711000,10630.00000000,0.03747
1749259048,0.03710000,25769.00000000,0.03747
1749259048,0.03709000,281755.00000000,0.03747
1749259048,0.03708000,135597.00000000,0.03747
1749259048,0.03707000,46407.00000000,0.03747
1749259048,0.03706000,13690.00000000,0.03747
1749259048,0.03705000,1606.00000000,0.03747
1749259048,0.03704000,323171.00000000,0.03747
1749259048,0.03703000,268.00000000,0.03747
1749259048,0.03702000,14212.00000000,0.03747
1749259048,0.03701000,268.00000000,0.03747
1749259048,0.03700000,13240.00000000,0.03747
1749259048,0.03699000,13534.00000000,0.03747
1749259048,0.03698000,469.00000000,0.03747
1749259048,0.03697000,13345.00000000,0.03747
1749259048,0.03696000,34623.00000000,0.03747
1749259048,0.03695000,268.00000000,0.03747
1749259048,0.03694000,469.00000000,0.03747
1749259048,0.03693000,13345.00000000,0.03747
1749259048,0.03692000,469.00000000,0.03747
1749259048,0.03691000,268.00000000,0.03747
1749259048,0.03690000,1081.00000000,0.03747
1749259048,0.03689000,268.00000000,0.03747
1749259048,0.03688000,1962.00000000,0.03747
1749259048,0.03687000,268.00000000,0.03747
1749259048,0.03686000,469.00000000,0.03747
1749259048,0.03685000,409.00000000,0.03747
1749259048,0.03684000,1133.00000000,0.03747
1749259048,0.03683000,266.00000000,0.03747
1749259048,0.03682000,468.00000000,0.03747
1749259048,0.03681000,267.00000000,0.03747
1749259048,0.03680000,4144.00000000,0.03747
1749259048,0.03679000,267.00000000,0.03747
1749259048,0.03678000,473.00000000,0.03747
1749259048,0.03677000,267.00000000,0.03747
1749259048,0.03676000,267.00000000,0.03747
1749259048,0.03675000,267.00000000,0.03747
1749259048,0.03674000,267.00000000,0.03747
1749259048,0.03673000,267.00000000,0.03747
1749259048,0.03672000,267.00000000,0.03747
1749259048,0.03668000,3135.00000000,0.03747
1749259048,0.03667000,13726.00000000,0.03747
1749259048,0.03662000,145.00000000,0.03747
1749259048,0.03658000,3325.00000000,0.03747
1749259048,0.03656000,207.00000000,0.03747
1749259048,0.03655000,2842.00000000,0.03747
1749259048,0.03650000,2061.00000000,0.03747
1749259048,0.03646000,165.00000000,0.03747
1749259048,0.03644000,139.00000000,0.03747
1749259048,0.03642000,80283.00000000,0.03747
1749259048,0.03637000,80831.00000000,0.03747
1749259048,0.03636000,1117.00000000,0.03747
1749259048,0.03635000,214195.00000000,0.03747
1749259048,0.03634000,85505.00000000,0.03747
1749259048,0.03633000,165.00000000,0.03747
1749259048,0.03632000,143.00000000,0.03747
1749259048,0.03626000,366.00000000,0.03747
1749259048,0.03624000,563322.00000000,0.03747
1749259048,0.03620000,807.00000000,0.03747
1749259048,0.03619000,215987.00000000,0.03747
1749259048,0.03615000,414.00000000,0.03747
1749259048,0.03613000,209.00000000,0.03747
1749259048,0.03612000,96047.00000000,0.03747
1749259048,0.03611000,256.00000000,0.03747
