timestamp,price,volume,current_price
1749260794,0.03734000,7069.00000000,0.03734
1749260794,0.03733000,25294.00000000,0.03734
1749260794,0.03732000,31262.00000000,0.03734
1749260794,0.03731000,68850.00000000,0.03734
1749260794,0.03730000,255059.00000000,0.03734
1749260794,0.03729000,134321.00000000,0.03734
1749260794,0.03728000,220706.00000000,0.03734
1749260794,0.03727000,130895.00000000,0.03734
1749260794,0.03726000,87508.00000000,0.03734
1749260794,0.03725000,7220.00000000,0.03734
1749260794,0.03724000,94081.00000000,0.03734
1749260794,0.03723000,18587.00000000,0.03734
1749260794,0.03722000,87805.00000000,0.03734
1749260794,0.03721000,53907.00000000,0.03734
1749260794,0.03720000,33910.00000000,0.03734
1749260794,0.03719000,45108.00000000,0.03734
1749260794,0.03718000,38922.00000000,0.03734
1749260794,0.03717000,33613.00000000,0.03734
1749260794,0.03716000,20299.00000000,0.03734
1749260794,0.03715000,12353.00000000,0.03734
1749260794,0.03714000,20299.00000000,0.03734
1749260794,0.03713000,22110.00000000,0.03734
1749260794,0.03712000,20299.00000000,0.03734
1749260794,0.03711000,7163.00000000,0.03734
1749260794,0.03710000,22085.00000000,0.03734
1749260794,0.03709000,34302.00000000,0.03734
1749260794,0.03708000,20640.00000000,0.03734
1749260794,0.03707000,7018.00000000,0.03734
1749260794,0.03706000,20440.00000000,0.03734
1749260794,0.03705000,111099.00000000,0.03734
1749260794,0.03704000,34266.00000000,0.03734
1749260794,0.03703000,268.00000000,0.03734
1749260794,0.03702000,13546.00000000,0.03734
1749260794,0.03701000,978.00000000,0.03734
1749260794,0.03700000,19411.00000000,0.03734
1749260794,0.03699000,24902.00000000,0.03734
1749260794,0.03698000,16199.00000000,0.03734
1749260794,0.03697000,51778.00000000,0.03734
1749260794,0.03696000,18219.00000000,0.03734
1749260794,0.03695000,3750.00000000,0.03734
1749260794,0.03694000,82776.00000000,0.03734
1749260794,0.03693000,13345.00000000,0.03734
1749260794,0.03692000,366641.00000000,0.03734
1749260794,0.03691000,48153.00000000,0.03734
1749260794,0.03690000,469.00000000,0.03734
1749260794,0.03689000,268.00000000,0.03734
1749260794,0.03688000,1962.00000000,0.03734
1749260794,0.03687000,268.00000000,0.03734
1749260794,0.03686000,329431.00000000,0.03734
1749260794,0.03685000,409.00000000,0.03734
1749260794,0.03684000,467.00000000,0.03734
1749260794,0.03683000,46706.00000000,0.03734
1749260794,0.03682000,468.00000000,0.03734
1749260794,0.03681000,267.00000000,0.03734
1749260794,0.03680000,3329.00000000,0.03734
1749260794,0.03679000,267.00000000,0.03734
1749260794,0.03678000,473.00000000,0.03734
1749260794,0.03677000,267.00000000,0.03734
1749260794,0.03676000,267.00000000,0.03734
1749260794,0.03675000,267.00000000,0.03734
1749260794,0.03674000,267.00000000,0.03734
1749260794,0.03673000,267.00000000,0.03734
1749260794,0.03672000,267.00000000,0.03734
1749260794,0.03671000,267.00000000,0.03734
1749260794,0.03670000,267.00000000,0.03734
1749260794,0.03669000,267.00000000,0.03734
1749260794,0.03668000,3403.00000000,0.03734
1749260794,0.03667000,16131.00000000,0.03734
1749260794,0.03666000,268.00000000,0.03734
1749260794,0.03665000,16957.00000000,0.03734
1749260794,0.03664000,268.00000000,0.03734
1749260794,0.03663000,268.00000000,0.03734
1749260794,0.03662000,413.00000000,0.03734
1749260794,0.03661000,268.00000000,0.03734
1749260794,0.03660000,268.00000000,0.03734
1749260794,0.03659000,268.00000000,0.03734
1749260794,0.03658000,3325.00000000,0.03734
1749260794,0.03656000,14028.00000000,0.03734
1749260794,0.03655000,2842.00000000,0.03734
1749260794,0.03650000,2061.00000000,0.03734
1749260794,0.03646000,165.00000000,0.03734
1749260794,0.03644000,139.00000000,0.03734
1749260794,0.03636000,1117.00000000,0.03734
1749260794,0.03634000,208.00000000,0.03734
1749260794,0.03633000,165.00000000,0.03734
1749260794,0.03632000,143.00000000,0.03734
1749260794,0.03626000,366.00000000,0.03734
1749260794,0.03620000,807.00000000,0.03734
1749260794,0.03619000,215987.00000000,0.03734
1749260794,0.03615000,88508.00000000,0.03734
1749260794,0.03613000,209.00000000,0.03734
1749260794,0.03612000,178354.00000000,0.03734
1749260794,0.03611000,84638.00000000,0.03734
1749260794,0.03610000,281925.00000000,0.03734
1749260794,0.03609000,8312.00000000,0.03734
1749260794,0.03607000,224683.00000000,0.03734
1749260794,0.03606000,8134.00000000,0.03734
1749260794,0.03605000,143.00000000,0.03734
1749260794,0.03604000,288764.00000000,0.03734
1749260794,0.03602000,3154.00000000,0.03734
1749261115,0.03739000,1384.00000000,0.03739
1749261115,0.03738000,13653.00000000,0.03739
1749261115,0.03737000,18239.00000000,0.03739
1749261115,0.03736000,81184.00000000,0.03739
1749261115,0.03735000,51568.00000000,0.03739
1749261115,0.03734000,220688.00000000,0.03739
1749261115,0.03733000,272829.00000000,0.03739
1749261115,0.03732000,82936.00000000,0.03739
1749261115,0.03731000,146218.00000000,0.03739
1749261115,0.03730000,132864.00000000,0.03739
1749261115,0.03729000,96471.00000000,0.03739
1749261115,0.03728000,61821.00000000,0.03739
1749261115,0.03727000,33046.00000000,0.03739
1749261115,0.03726000,54034.00000000,0.03739
1749261115,0.03725000,17775.00000000,0.03739
1749261115,0.03724000,55440.00000000,0.03739
1749261115,0.03723000,24573.00000000,0.03739
1749261115,0.03722000,25653.00000000,0.03739
1749261115,0.03721000,68529.00000000,0.03739
1749261115,0.03720000,43984.00000000,0.03739
1749261115,0.03719000,38734.00000000,0.03739
1749261115,0.03718000,20741.00000000,0.03739
1749261115,0.03717000,11971.00000000,0.03739
1749261115,0.03716000,20299.00000000,0.03739
1749261115,0.03715000,109486.00000000,0.03739
1749261115,0.03714000,20299.00000000,0.03739
1749261115,0.03713000,7020.00000000,0.03739
1749261115,0.03712000,20299.00000000,0.03739
1749261115,0.03711000,7163.00000000,0.03739
1749261115,0.03710000,22085.00000000,0.03739
1749261115,0.03709000,712.00000000,0.03739
1749261115,0.03708000,20640.00000000,0.03739
1749261115,0.03707000,268.00000000,0.03739
1749261115,0.03706000,36136.00000000,0.03739
1749261115,0.03705000,8356.00000000,0.03739
1749261115,0.03704000,34266.00000000,0.03739
1749261115,0.03703000,18439.00000000,0.03739
1749261115,0.03702000,13546.00000000,0.03739
1749261115,0.03701000,48754.00000000,0.03739
1749261115,0.03700000,19411.00000000,0.03739
1749261115,0.03699000,13534.00000000,0.03739
1749261115,0.03698000,3949.00000000,0.03739
1749261115,0.03697000,51778.00000000,0.03739
1749261115,0.03696000,18219.00000000,0.03739
1749261115,0.03695000,268.00000000,0.03739
1749261115,0.03694000,82776.00000000,0.03739
1749261115,0.03693000,13345.00000000,0.03739
1749261115,0.03692000,695075.00000000,0.03739
1749261115,0.03691000,268.00000000,0.03739
1749261115,0.03690000,469.00000000,0.03739
1749261115,0.03689000,268.00000000,0.03739
1749261115,0.03688000,1962.00000000,0.03739
1749261115,0.03687000,268.00000000,0.03739
1749261115,0.03686000,469.00000000,0.03739
1749261115,0.03685000,409.00000000,0.03739
1749261115,0.03684000,467.00000000,0.03739
1749261115,0.03683000,46706.00000000,0.03739
1749261115,0.03682000,468.00000000,0.03739
1749261115,0.03681000,267.00000000,0.03739
1749261115,0.03680000,3329.00000000,0.03739
1749261115,0.03679000,267.00000000,0.03739
1749261115,0.03678000,473.00000000,0.03739
1749261115,0.03677000,16086.00000000,0.03739
1749261115,0.03676000,16091.00000000,0.03739
1749261115,0.03675000,267.00000000,0.03739
1749261115,0.03674000,267.00000000,0.03739
1749261115,0.03673000,267.00000000,0.03739
1749261115,0.03672000,267.00000000,0.03739
1749261115,0.03671000,267.00000000,0.03739
1749261115,0.03670000,267.00000000,0.03739
1749261115,0.03669000,267.00000000,0.03739
1749261115,0.03668000,3403.00000000,0.03739
1749261115,0.03667000,268.00000000,0.03739
1749261115,0.03666000,268.00000000,0.03739
1749261115,0.03665000,1086.00000000,0.03739
1749261115,0.03664000,268.00000000,0.03739
1749261115,0.03662000,145.00000000,0.03739
1749261115,0.03660000,13638.00000000,0.03739
1749261115,0.03658000,3325.00000000,0.03739
1749261115,0.03656000,207.00000000,0.03739
1749261115,0.03655000,2842.00000000,0.03739
1749261115,0.03650000,2061.00000000,0.03739
1749261115,0.03646000,165.00000000,0.03739
1749261115,0.03644000,139.00000000,0.03739
1749261115,0.03636000,1117.00000000,0.03739
1749261115,0.03634000,208.00000000,0.03739
1749261115,0.03633000,165.00000000,0.03739
1749261115,0.03632000,143.00000000,0.03739
1749261115,0.03626000,366.00000000,0.03739
1749261115,0.03620000,807.00000000,0.03739
1749261115,0.03619000,215987.00000000,0.03739
1749261115,0.03616000,281397.00000000,0.03739
1749261115,0.03615000,88508.00000000,0.03739
1749261115,0.03613000,209.00000000,0.03739
1749261115,0.03612000,466616.00000000,0.03739
1749261115,0.03611000,84638.00000000,0.03739
1749261115,0.03609000,8312.00000000,0.03739
1749261115,0.03607000,224683.00000000,0.03739
1749261115,0.03606000,8134.00000000,0.03739
1749261115,0.03605000,143.00000000,0.03739
1749261433,0.03740000,9835.00000000,0.0374
1749261433,0.03739000,18294.00000000,0.0374
1749261433,0.03738000,31740.00000000,0.0374
1749261433,0.03737000,44487.00000000,0.0374
1749261433,0.03736000,145996.00000000,0.0374
1749261433,0.03735000,180406.00000000,0.0374
1749261433,0.03734000,88629.00000000,0.0374
1749261433,0.03733000,110820.00000000,0.0374
1749261433,0.03732000,149219.00000000,0.0374
1749261433,0.03731000,13693.00000000,0.0374
1749261433,0.03730000,56689.00000000,0.0374
1749261433,0.03729000,109463.00000000,0.0374
1749261433,0.03728000,38027.00000000,0.0374
1749261433,0.03727000,33210.00000000,0.0374
1749261433,0.03726000,49083.00000000,0.0374
1749261433,0.03725000,17769.00000000,0.0374
1749261433,0.03724000,34840.00000000,0.0374
1749261433,0.03723000,19622.00000000,0.0374
1749261433,0.03722000,20702.00000000,0.0374
1749261433,0.03721000,63580.00000000,0.0374
1749261433,0.03720000,39035.00000000,0.0374
1749261433,0.03719000,33787.00000000,0.0374
1749261433,0.03718000,20741.00000000,0.0374
1749261433,0.03717000,7020.00000000,0.0374
1749261433,0.03716000,122738.00000000,0.0374
1749261433,0.03715000,7020.00000000,0.0374
1749261433,0.03714000,20299.00000000,0.0374
1749261433,0.03713000,7020.00000000,0.0374
1749261433,0.03712000,20299.00000000,0.0374
1749261433,0.03711000,7163.00000000,0.0374
1749261433,0.03710000,22085.00000000,0.0374
1749261433,0.03709000,712.00000000,0.0374
1749261433,0.03708000,20640.00000000,0.0374
1749261433,0.03707000,268.00000000,0.0374
1749261433,0.03706000,20440.00000000,0.0374
1749261433,0.03705000,19802.00000000,0.0374
1749261433,0.03704000,34266.00000000,0.0374
1749261433,0.03703000,7018.00000000,0.0374
1749261433,0.03702000,13546.00000000,0.0374
1749261433,0.03701000,48754.00000000,0.0374
1749261433,0.03700000,19411.00000000,0.0374
1749261433,0.03699000,13534.00000000,0.0374
1749261433,0.03698000,19679.00000000,0.0374
1749261433,0.03697000,51778.00000000,0.0374
1749261433,0.03696000,18219.00000000,0.0374
1749261433,0.03695000,268.00000000,0.0374
1749261433,0.03694000,330589.00000000,0.0374
1749261433,0.03693000,13345.00000000,0.0374
1749261433,0.03692000,453462.00000000,0.0374
1749261433,0.03691000,268.00000000,0.0374
1749261433,0.03690000,469.00000000,0.0374
1749261433,0.03689000,268.00000000,0.0374
1749261433,0.03688000,1962.00000000,0.0374
1749261433,0.03687000,268.00000000,0.0374
1749261433,0.03686000,469.00000000,0.0374
1749261433,0.03685000,409.00000000,0.0374
1749261433,0.03684000,467.00000000,0.0374
1749261433,0.03683000,46706.00000000,0.0374
1749261433,0.03682000,468.00000000,0.0374
1749261433,0.03681000,267.00000000,0.0374
1749261433,0.03680000,3329.00000000,0.0374
1749261433,0.03679000,267.00000000,0.0374
1749261433,0.03678000,473.00000000,0.0374
1749261433,0.03677000,16086.00000000,0.0374
1749261433,0.03676000,16091.00000000,0.0374
1749261433,0.03675000,267.00000000,0.0374
1749261433,0.03674000,267.00000000,0.0374
1749261433,0.03673000,267.00000000,0.0374
1749261433,0.03672000,267.00000000,0.0374
1749261433,0.03671000,267.00000000,0.0374
1749261433,0.03670000,267.00000000,0.0374
1749261433,0.03669000,267.00000000,0.0374
1749261433,0.03668000,3403.00000000,0.0374
1749261433,0.03667000,268.00000000,0.0374
1749261433,0.03666000,268.00000000,0.0374
1749261433,0.03665000,1086.00000000,0.0374
1749261433,0.03663000,13660.00000000,0.0374
1749261433,0.03662000,145.00000000,0.0374
1749261433,0.03658000,3325.00000000,0.0374
1749261433,0.03656000,207.00000000,0.0374
1749261433,0.03655000,2842.00000000,0.0374
1749261433,0.03650000,2061.00000000,0.0374
1749261433,0.03646000,165.00000000,0.0374
1749261433,0.03644000,139.00000000,0.0374
1749261433,0.03636000,1117.00000000,0.0374
1749261433,0.03634000,208.00000000,0.0374
1749261433,0.03633000,165.00000000,0.0374
1749261433,0.03632000,143.00000000,0.0374
1749261433,0.03626000,366.00000000,0.0374
1749261433,0.03620000,2141.00000000,0.0374
1749261433,0.03619000,215987.00000000,0.0374
1749261433,0.03615000,88508.00000000,0.0374
1749261433,0.03614000,287947.00000000,0.0374
1749261433,0.03613000,209.00000000,0.0374
1749261433,0.03612000,466616.00000000,0.0374
1749261433,0.03611000,84638.00000000,0.0374
1749261433,0.03609000,8312.00000000,0.0374
1749261433,0.03607000,224683.00000000,0.0374
1749261433,0.03606000,8134.00000000,0.0374
1749261433,0.03605000,143.00000000,0.0374
1749261743,0.03736000,268.00000000,0.03737
1749261743,0.03735000,22368.00000000,0.03737
1749261743,0.03734000,42873.00000000,0.03737
1749261743,0.03733000,69791.00000000,0.03737
1749261743,0.03732000,53370.00000000,0.03737
1749261743,0.03731000,62040.00000000,0.03737
1749261743,0.03730000,33792.00000000,0.03737
1749261743,0.03729000,39244.00000000,0.03737
1749261743,0.03728000,95259.00000000,0.03737
1749261743,0.03727000,206027.00000000,0.03737
1749261743,0.03726000,56261.00000000,0.03737
1749261743,0.03725000,140777.00000000,0.03737
1749261743,0.03724000,30797.00000000,0.03737
1749261743,0.03723000,24567.00000000,0.03737
1749261743,0.03722000,25647.00000000,0.03737
1749261743,0.03721000,68525.00000000,0.03737
1749261743,0.03720000,43982.00000000,0.03737
1749261743,0.03719000,38732.00000000,0.03737
1749261743,0.03718000,41405.00000000,0.03737
1749261743,0.03717000,11971.00000000,0.03737
1749261743,0.03716000,20299.00000000,0.03737
1749261743,0.03715000,11969.00000000,0.03737
1749261743,0.03714000,20299.00000000,0.03737
1749261743,0.03713000,7020.00000000,0.03737
1749261743,0.03712000,20299.00000000,0.03737
1749261743,0.03711000,7163.00000000,0.03737
1749261743,0.03710000,22085.00000000,0.03737
1749261743,0.03709000,7462.00000000,0.03737
1749261743,0.03708000,20640.00000000,0.03737
1749261743,0.03707000,102955.00000000,0.03737
1749261743,0.03706000,20440.00000000,0.03737
1749261743,0.03705000,8356.00000000,0.03737
1749261743,0.03704000,34266.00000000,0.03737
1749261743,0.03703000,7018.00000000,0.03737
1749261743,0.03702000,20296.00000000,0.03737
1749261743,0.03701000,55504.00000000,0.03737
1749261743,0.03700000,37542.00000000,0.03737
1749261743,0.03699000,20284.00000000,0.03737
1749261743,0.03698000,19679.00000000,0.03737
1749261743,0.03697000,51778.00000000,0.03737
1749261743,0.03696000,18219.00000000,0.03737
1749261743,0.03695000,268.00000000,0.03737
1749261743,0.03694000,330589.00000000,0.03737
1749261743,0.03693000,13345.00000000,0.03737
1749261743,0.03692000,453462.00000000,0.03737
1749261743,0.03691000,268.00000000,0.03737
1749261743,0.03690000,469.00000000,0.03737
1749261743,0.03689000,268.00000000,0.03737
1749261743,0.03688000,1962.00000000,0.03737
1749261743,0.03687000,268.00000000,0.03737
1749261743,0.03686000,469.00000000,0.03737
1749261743,0.03685000,409.00000000,0.03737
1749261743,0.03684000,467.00000000,0.03737
1749261743,0.03683000,46706.00000000,0.03737
1749261743,0.03682000,468.00000000,0.03737
1749261743,0.03681000,267.00000000,0.03737
1749261743,0.03680000,3329.00000000,0.03737
1749261743,0.03679000,267.00000000,0.03737
1749261743,0.03678000,473.00000000,0.03737
1749261743,0.03677000,267.00000000,0.03737
1749261743,0.03676000,267.00000000,0.03737
1749261743,0.03675000,267.00000000,0.03737
1749261743,0.03674000,267.00000000,0.03737
1749261743,0.03673000,267.00000000,0.03737
1749261743,0.03672000,267.00000000,0.03737
1749261743,0.03671000,267.00000000,0.03737
1749261743,0.03670000,267.00000000,0.03737
1749261743,0.03669000,16121.00000000,0.03737
1749261743,0.03668000,3403.00000000,0.03737
1749261743,0.03667000,268.00000000,0.03737
1749261743,0.03666000,268.00000000,0.03737
1749261743,0.03665000,1086.00000000,0.03737
1749261743,0.03664000,268.00000000,0.03737
1749261743,0.03663000,13928.00000000,0.03737
1749261743,0.03662000,413.00000000,0.03737
1749261743,0.03661000,268.00000000,0.03737
1749261743,0.03658000,3325.00000000,0.03737
1749261743,0.03656000,207.00000000,0.03737
1749261743,0.03655000,2842.00000000,0.03737
1749261743,0.03650000,2061.00000000,0.03737
1749261743,0.03646000,165.00000000,0.03737
1749261743,0.03644000,139.00000000,0.03737
1749261743,0.03634000,208.00000000,0.03737
1749261743,0.03633000,165.00000000,0.03737
1749261743,0.03632000,143.00000000,0.03737
1749261743,0.03626000,366.00000000,0.03737
1749261743,0.03620000,2141.00000000,0.03737
1749261743,0.03619000,215987.00000000,0.03737
1749261743,0.03615000,90702.00000000,0.03737
1749261743,0.03614000,287947.00000000,0.03737
1749261743,0.03613000,209.00000000,0.03737
1749261743,0.03612000,466616.00000000,0.03737
1749261743,0.03611000,84638.00000000,0.03737
1749261743,0.03609000,8312.00000000,0.03737
1749261743,0.03607000,224683.00000000,0.03737
1749261743,0.03606000,8134.00000000,0.03737
1749261743,0.03605000,143.00000000,0.03737
1749261743,0.03602000,3154.00000000,0.03737
1749261743,0.03600000,25757.00000000,0.03737
1749261743,0.03599000,217841.00000000,0.03737
1749262051,0.03734000,9209.00000000,0.03733
1749262051,0.03733000,25615.00000000,0.03733
1749262051,0.03732000,74338.00000000,0.03733
1749262051,0.03731000,159807.00000000,0.03733
1749262051,0.03730000,249221.00000000,0.03733
1749262051,0.03729000,116854.00000000,0.03733
1749262051,0.03728000,166617.00000000,0.03733
1749262051,0.03727000,124184.00000000,0.03733
1749262051,0.03726000,96665.00000000,0.03733
1749262051,0.03725000,152932.00000000,0.03733
1749262051,0.03724000,36789.00000000,0.03733
1749262051,0.03723000,18882.00000000,0.03733
1749262051,0.03722000,40170.00000000,0.03733
1749262051,0.03721000,53257.00000000,0.03733
1749262051,0.03720000,167812.00000000,0.03733
1749262051,0.03719000,23573.00000000,0.03733
1749262051,0.03718000,75205.00000000,0.03733
1749262051,0.03717000,29115.00000000,0.03733
1749262051,0.03716000,46699.00000000,0.03733
1749262051,0.03715000,11979.00000000,0.03733
1749262051,0.03714000,25258.00000000,0.03733
1749262051,0.03713000,27177.00000000,0.03733
1749262051,0.03712000,20299.00000000,0.03733
1749262051,0.03711000,18515.00000000,0.03733
1749262051,0.03710000,124689.00000000,0.03733
1749262051,0.03709000,34302.00000000,0.03733
1749262051,0.03708000,20640.00000000,0.03733
1749262051,0.03707000,7018.00000000,0.03733
1749262051,0.03706000,20440.00000000,0.03733
1749262051,0.03705000,8356.00000000,0.03733
1749262051,0.03704000,34266.00000000,0.03733
1749262051,0.03703000,7018.00000000,0.03733
1749262051,0.03702000,20296.00000000,0.03733
1749262051,0.03701000,7728.00000000,0.03733
1749262051,0.03700000,19990.00000000,0.03733
1749262051,0.03699000,31640.00000000,0.03733
1749262051,0.03698000,26429.00000000,0.03733
1749262051,0.03697000,51778.00000000,0.03733
1749262051,0.03696000,18219.00000000,0.03733
1749262051,0.03695000,128374.00000000,0.03733
1749262051,0.03694000,82776.00000000,0.03733
1749262051,0.03693000,13345.00000000,0.03733
1749262051,0.03692000,469.00000000,0.03733
1749262051,0.03691000,48153.00000000,0.03733
1749262051,0.03690000,469.00000000,0.03733
1749262051,0.03689000,268.00000000,0.03733
1749262051,0.03688000,1962.00000000,0.03733
1749262051,0.03687000,577575.00000000,0.03733
1749262051,0.03686000,469.00000000,0.03733
1749262051,0.03685000,409.00000000,0.03733
1749262051,0.03684000,467.00000000,0.03733
1749262051,0.03683000,46706.00000000,0.03733
1749262051,0.03682000,468.00000000,0.03733
1749262051,0.03681000,267.00000000,0.03733
1749262051,0.03680000,3329.00000000,0.03733
1749262051,0.03679000,267.00000000,0.03733
1749262051,0.03678000,473.00000000,0.03733
1749262051,0.03677000,267.00000000,0.03733
1749262051,0.03676000,267.00000000,0.03733
1749262051,0.03675000,267.00000000,0.03733
1749262051,0.03674000,267.00000000,0.03733
1749262051,0.03673000,267.00000000,0.03733
1749262051,0.03672000,267.00000000,0.03733
1749262051,0.03671000,267.00000000,0.03733
1749262051,0.03670000,267.00000000,0.03733
1749262051,0.03669000,267.00000000,0.03733
1749262051,0.03668000,3403.00000000,0.03733
1749262051,0.03667000,268.00000000,0.03733
1749262051,0.03666000,268.00000000,0.03733
1749262051,0.03665000,1086.00000000,0.03733
1749262051,0.03664000,268.00000000,0.03733
1749262051,0.03663000,16148.00000000,0.03733
1749262051,0.03662000,413.00000000,0.03733
1749262051,0.03661000,268.00000000,0.03733
1749262051,0.03660000,268.00000000,0.03733
1749262051,0.03659000,268.00000000,0.03733
1749262051,0.03658000,19227.00000000,0.03733
1749262051,0.03656000,13653.00000000,0.03733
1749262051,0.03655000,2842.00000000,0.03733
1749262051,0.03650000,2061.00000000,0.03733
1749262051,0.03646000,165.00000000,0.03733
1749262051,0.03644000,139.00000000,0.03733
1749262051,0.03634000,208.00000000,0.03733
1749262051,0.03633000,165.00000000,0.03733
1749262051,0.03632000,143.00000000,0.03733
1749262051,0.03626000,366.00000000,0.03733
1749262051,0.03620000,2141.00000000,0.03733
1749262051,0.03619000,215987.00000000,0.03733
1749262051,0.03615000,178674.00000000,0.03733
1749262051,0.03613000,209.00000000,0.03733
1749262051,0.03612000,178354.00000000,0.03733
1749262051,0.03611000,256.00000000,0.03733
1749262051,0.03609000,8312.00000000,0.03733
1749262051,0.03608000,288487.00000000,0.03733
1749262051,0.03607000,224683.00000000,0.03733
1749262051,0.03606000,8134.00000000,0.03733
1749262051,0.03605000,288907.00000000,0.03733
1749262051,0.03602000,3154.00000000,0.03733
1749262051,0.03600000,25757.00000000,0.03733
1749262051,0.03599000,217841.00000000,0.03733
1749262357,0.03736000,7018.00000000,0.03737
1749262357,0.03735000,24573.00000000,0.03737
1749262357,0.03734000,72231.00000000,0.03737
1749262357,0.03733000,36203.00000000,0.03737
1749262357,0.03732000,68149.00000000,0.03737
1749262357,0.03731000,45645.00000000,0.03737
1749262357,0.03730000,104484.00000000,0.03737
1749262357,0.03729000,108106.00000000,0.03737
1749262357,0.03728000,57937.00000000,0.03737
1749262357,0.03727000,26018.00000000,0.03737
1749262357,0.03726000,165108.00000000,0.03737
1749262357,0.03725000,52654.00000000,0.03737
1749262357,0.03724000,25459.00000000,0.03737
1749262357,0.03723000,50918.00000000,0.03737
1749262357,0.03722000,25662.00000000,0.03737
1749262357,0.03721000,53257.00000000,0.03737
1749262357,0.03720000,38870.00000000,0.03737
1749262357,0.03719000,12177.00000000,0.03737
1749262357,0.03718000,43878.00000000,0.03737
1749262357,0.03717000,32708.00000000,0.03737
1749262357,0.03716000,30965.00000000,0.03737
1749262357,0.03715000,11979.00000000,0.03737
1749262357,0.03714000,25258.00000000,0.03737
1749262357,0.03713000,7020.00000000,0.03737
1749262357,0.03712000,20299.00000000,0.03737
1749262357,0.03711000,7163.00000000,0.03737
1749262357,0.03710000,22085.00000000,0.03737
1749262357,0.03709000,34302.00000000,0.03737
1749262357,0.03708000,20640.00000000,0.03737
1749262357,0.03707000,109705.00000000,0.03737
1749262357,0.03706000,20440.00000000,0.03737
1749262357,0.03705000,14769.00000000,0.03737
1749262357,0.03704000,34266.00000000,0.03737
1749262357,0.03703000,7018.00000000,0.03737
1749262357,0.03702000,66497.00000000,0.03737
1749262357,0.03701000,55511.00000000,0.03737
1749262357,0.03700000,31371.00000000,0.03737
1749262357,0.03699000,13534.00000000,0.03737
1749262357,0.03698000,16199.00000000,0.03737
1749262357,0.03697000,51778.00000000,0.03737
1749262357,0.03696000,18219.00000000,0.03737
1749262357,0.03695000,131856.00000000,0.03737
1749262357,0.03694000,82776.00000000,0.03737
1749262357,0.03693000,261158.00000000,0.03737
1749262357,0.03692000,469.00000000,0.03737
1749262357,0.03691000,328702.00000000,0.03737
1749262357,0.03690000,469.00000000,0.03737
1749262357,0.03689000,268.00000000,0.03737
1749262357,0.03688000,1962.00000000,0.03737
1749262357,0.03687000,268.00000000,0.03737
1749262357,0.03686000,469.00000000,0.03737
1749262357,0.03685000,409.00000000,0.03737
1749262357,0.03684000,467.00000000,0.03737
1749262357,0.03683000,266.00000000,0.03737
1749262357,0.03682000,468.00000000,0.03737
1749262357,0.03681000,267.00000000,0.03737
1749262357,0.03680000,3329.00000000,0.03737
1749262357,0.03679000,267.00000000,0.03737
1749262357,0.03678000,16288.00000000,0.03737
1749262357,0.03677000,267.00000000,0.03737
1749262357,0.03676000,267.00000000,0.03737
1749262357,0.03675000,267.00000000,0.03737
1749262357,0.03674000,267.00000000,0.03737
1749262357,0.03673000,267.00000000,0.03737
1749262357,0.03672000,267.00000000,0.03737
1749262357,0.03671000,267.00000000,0.03737
1749262357,0.03670000,267.00000000,0.03737
1749262357,0.03669000,267.00000000,0.03737
1749262357,0.03668000,3403.00000000,0.03737
1749262357,0.03667000,268.00000000,0.03737
1749262357,0.03666000,268.00000000,0.03737
1749262357,0.03665000,1086.00000000,0.03737
1749262357,0.03664000,268.00000000,0.03737
1749262357,0.03663000,16148.00000000,0.03737
1749262357,0.03662000,413.00000000,0.03737
1749262357,0.03661000,14230.00000000,0.03737
1749262357,0.03658000,3325.00000000,0.03737
1749262357,0.03656000,207.00000000,0.03737
1749262357,0.03655000,2842.00000000,0.03737
1749262357,0.03650000,2061.00000000,0.03737
1749262357,0.03646000,165.00000000,0.03737
1749262357,0.03644000,139.00000000,0.03737
1749262357,0.03634000,208.00000000,0.03737
1749262357,0.03633000,165.00000000,0.03737
1749262357,0.03632000,143.00000000,0.03737
1749262357,0.03626000,366.00000000,0.03737
1749262357,0.03620000,2141.00000000,0.03737
1749262357,0.03619000,215987.00000000,0.03737
1749262357,0.03615000,178674.00000000,0.03737
1749262357,0.03613000,288195.00000000,0.03737
1749262357,0.03612000,178354.00000000,0.03737
1749262357,0.03611000,288518.00000000,0.03737
1749262357,0.03609000,8312.00000000,0.03737
1749262357,0.03607000,224683.00000000,0.03737
1749262357,0.03606000,8134.00000000,0.03737
1749262357,0.03605000,143.00000000,0.03737
1749262357,0.03602000,3154.00000000,0.03737
1749262357,0.03600000,25757.00000000,0.03737
1749262357,0.03599000,217841.00000000,0.03737
1749262357,0.03597000,220942.00000000,0.03737
1749262659,0.03739000,8134.00000000,0.03739
1749262659,0.03738000,15254.00000000,0.03739
1749262659,0.03737000,15766.00000000,0.03739
1749262659,0.03736000,47173.00000000,0.03739
1749262659,0.03735000,127583.00000000,0.03739
1749262659,0.03734000,207280.00000000,0.03739
1749262659,0.03733000,58201.00000000,0.03739
1749262659,0.03732000,42366.00000000,0.03739
1749262659,0.03731000,77022.00000000,0.03739
1749262659,0.03730000,118424.00000000,0.03739
1749262659,0.03729000,82302.00000000,0.03739
1749262659,0.03728000,100085.00000000,0.03739
1749262659,0.03727000,24009.00000000,0.03739
1749262659,0.03726000,29483.00000000,0.03739
1749262659,0.03725000,47981.00000000,0.03739
1749262659,0.03724000,51423.00000000,0.03739
1749262659,0.03723000,24191.00000000,0.03739
1749262659,0.03722000,31351.00000000,0.03739
1749262659,0.03721000,68386.00000000,0.03739
1749262659,0.03720000,38858.00000000,0.03739
1749262659,0.03719000,38936.00000000,0.03739
1749262659,0.03718000,20741.00000000,0.03739
1749262659,0.03717000,11967.00000000,0.03739
1749262659,0.03716000,20299.00000000,0.03739
1749262659,0.03715000,7020.00000000,0.03739
1749262659,0.03714000,20299.00000000,0.03739
1749262659,0.03713000,7020.00000000,0.03739
1749262659,0.03712000,20299.00000000,0.03739
1749262659,0.03711000,7163.00000000,0.03739
1749262659,0.03710000,22085.00000000,0.03739
1749262659,0.03709000,110094.00000000,0.03739
1749262659,0.03708000,36327.00000000,0.03739
1749262659,0.03707000,7018.00000000,0.03739
1749262659,0.03706000,20440.00000000,0.03739
1749262659,0.03705000,14769.00000000,0.03739
1749262659,0.03704000,34266.00000000,0.03739
1749262659,0.03703000,18430.00000000,0.03739
1749262659,0.03702000,66497.00000000,0.03739
1749262659,0.03701000,48761.00000000,0.03739
1749262659,0.03700000,13240.00000000,0.03739
1749262659,0.03699000,13534.00000000,0.03739
1749262659,0.03698000,469.00000000,0.03739
1749262659,0.03697000,51778.00000000,0.03739
1749262659,0.03696000,18219.00000000,0.03739
1749262659,0.03695000,131856.00000000,0.03739
1749262659,0.03694000,82776.00000000,0.03739
1749262659,0.03693000,254827.00000000,0.03739
1749262659,0.03692000,469.00000000,0.03739
1749262659,0.03691000,328702.00000000,0.03739
1749262659,0.03690000,469.00000000,0.03739
1749262659,0.03689000,268.00000000,0.03739
1749262659,0.03688000,1962.00000000,0.03739
1749262659,0.03687000,268.00000000,0.03739
1749262659,0.03686000,469.00000000,0.03739
1749262659,0.03685000,409.00000000,0.03739
1749262659,0.03684000,467.00000000,0.03739
1749262659,0.03683000,266.00000000,0.03739
1749262659,0.03682000,468.00000000,0.03739
1749262659,0.03681000,267.00000000,0.03739
1749262659,0.03680000,3329.00000000,0.03739
1749262659,0.03679000,267.00000000,0.03739
1749262659,0.03678000,16288.00000000,0.03739
1749262659,0.03677000,267.00000000,0.03739
1749262659,0.03676000,267.00000000,0.03739
1749262659,0.03675000,267.00000000,0.03739
1749262659,0.03674000,267.00000000,0.03739
1749262659,0.03673000,267.00000000,0.03739
1749262659,0.03672000,267.00000000,0.03739
1749262659,0.03671000,16112.00000000,0.03739
1749262659,0.03670000,267.00000000,0.03739
1749262659,0.03669000,267.00000000,0.03739
1749262659,0.03668000,3403.00000000,0.03739
1749262659,0.03667000,268.00000000,0.03739
1749262659,0.03666000,268.00000000,0.03739
1749262659,0.03665000,15103.00000000,0.03739
1749262659,0.03664000,268.00000000,0.03739
1749262659,0.03662000,145.00000000,0.03739
1749262659,0.03658000,3325.00000000,0.03739
1749262659,0.03656000,207.00000000,0.03739
1749262659,0.03655000,2842.00000000,0.03739
1749262659,0.03650000,2061.00000000,0.03739
1749262659,0.03646000,165.00000000,0.03739
1749262659,0.03644000,139.00000000,0.03739
1749262659,0.03634000,208.00000000,0.03739
1749262659,0.03633000,165.00000000,0.03739
1749262659,0.03632000,143.00000000,0.03739
1749262659,0.03626000,366.00000000,0.03739
1749262659,0.03620000,2141.00000000,0.03739
1749262659,0.03619000,215987.00000000,0.03739
1749262659,0.03615000,178674.00000000,0.03739
1749262659,0.03613000,281847.00000000,0.03739
1749262659,0.03612000,178354.00000000,0.03739
1749262659,0.03611000,288518.00000000,0.03739
1749262659,0.03609000,8312.00000000,0.03739
1749262659,0.03607000,224683.00000000,0.03739
1749262659,0.03606000,8134.00000000,0.03739
1749262659,0.03605000,143.00000000,0.03739
1749262659,0.03602000,3154.00000000,0.03739
1749262659,0.03600000,25757.00000000,0.03739
1749262659,0.03599000,217841.00000000,0.03739
1749262960,0.03738000,20981.00000000,0.03738
1749262960,0.03737000,17866.00000000,0.03738
1749262960,0.03736000,38556.00000000,0.03738
1749262960,0.03735000,84990.00000000,0.03738
1749262960,0.03734000,38165.00000000,0.03738
1749262960,0.03733000,60660.00000000,0.03738
1749262960,0.03732000,41558.00000000,0.03738
1749262960,0.03731000,58716.00000000,0.03738
1749262960,0.03730000,92765.00000000,0.03738
1749262960,0.03729000,190849.00000000,0.03738
1749262960,0.03728000,164862.00000000,0.03738
1749262960,0.03727000,19985.00000000,0.03738
1749262960,0.03726000,25446.00000000,0.03738
1749262960,0.03725000,47981.00000000,0.03738
1749262960,0.03724000,30799.00000000,0.03738
1749262960,0.03723000,39496.00000000,0.03738
1749262960,0.03722000,31351.00000000,0.03738
1749262960,0.03721000,68386.00000000,0.03738
1749262960,0.03720000,43982.00000000,0.03738
1749262960,0.03719000,38734.00000000,0.03738
1749262960,0.03718000,20741.00000000,0.03738
1749262960,0.03717000,11967.00000000,0.03738
1749262960,0.03716000,20299.00000000,0.03738
1749262960,0.03715000,7020.00000000,0.03738
1749262960,0.03714000,20299.00000000,0.03738
1749262960,0.03713000,7020.00000000,0.03738
1749262960,0.03712000,20299.00000000,0.03738
1749262960,0.03711000,7163.00000000,0.03738
1749262960,0.03710000,22085.00000000,0.03738
1749262960,0.03709000,110094.00000000,0.03738
1749262960,0.03708000,36327.00000000,0.03738
1749262960,0.03707000,7018.00000000,0.03738
1749262960,0.03706000,20440.00000000,0.03738
1749262960,0.03705000,14769.00000000,0.03738
1749262960,0.03704000,34266.00000000,0.03738
1749262960,0.03703000,7018.00000000,0.03738
1749262960,0.03702000,77897.00000000,0.03738
1749262960,0.03701000,7728.00000000,0.03738
1749262960,0.03700000,53998.00000000,0.03738
1749262960,0.03699000,13534.00000000,0.03738
1749262960,0.03698000,88053.00000000,0.03738
1749262960,0.03697000,51778.00000000,0.03738
1749262960,0.03696000,18219.00000000,0.03738
1749262960,0.03695000,131856.00000000,0.03738
1749262960,0.03694000,469.00000000,0.03738
1749262960,0.03693000,254827.00000000,0.03738
1749262960,0.03692000,469.00000000,0.03738
1749262960,0.03691000,328702.00000000,0.03738
1749262960,0.03690000,469.00000000,0.03738
1749262960,0.03689000,268.00000000,0.03738
1749262960,0.03688000,1962.00000000,0.03738
1749262960,0.03687000,268.00000000,0.03738
1749262960,0.03686000,469.00000000,0.03738
1749262960,0.03685000,409.00000000,0.03738
1749262960,0.03684000,467.00000000,0.03738
1749262960,0.03683000,266.00000000,0.03738
1749262960,0.03682000,468.00000000,0.03738
1749262960,0.03681000,267.00000000,0.03738
1749262960,0.03680000,3329.00000000,0.03738
1749262960,0.03679000,267.00000000,0.03738
1749262960,0.03678000,16288.00000000,0.03738
1749262960,0.03677000,267.00000000,0.03738
1749262960,0.03676000,267.00000000,0.03738
1749262960,0.03675000,267.00000000,0.03738
1749262960,0.03674000,267.00000000,0.03738
1749262960,0.03673000,267.00000000,0.03738
1749262960,0.03672000,267.00000000,0.03738
1749262960,0.03671000,16112.00000000,0.03738
1749262960,0.03670000,267.00000000,0.03738
1749262960,0.03669000,267.00000000,0.03738
1749262960,0.03668000,3403.00000000,0.03738
1749262960,0.03667000,268.00000000,0.03738
1749262960,0.03666000,268.00000000,0.03738
1749262960,0.03665000,15103.00000000,0.03738
1749262960,0.03664000,268.00000000,0.03738
1749262960,0.03663000,268.00000000,0.03738
1749262960,0.03662000,145.00000000,0.03738
1749262960,0.03658000,3325.00000000,0.03738
1749262960,0.03656000,207.00000000,0.03738
1749262960,0.03655000,2842.00000000,0.03738
1749262960,0.03650000,2061.00000000,0.03738
1749262960,0.03646000,165.00000000,0.03738
1749262960,0.03644000,139.00000000,0.03738
1749262960,0.03634000,208.00000000,0.03738
1749262960,0.03633000,165.00000000,0.03738
1749262960,0.03632000,143.00000000,0.03738
1749262960,0.03626000,366.00000000,0.03738
1749262960,0.03623000,80881.00000000,0.03738
1749262960,0.03620000,2141.00000000,0.03738
1749262960,0.03619000,215987.00000000,0.03738
1749262960,0.03618000,214664.00000000,0.03738
1749262960,0.03617000,87584.00000000,0.03738
1749262960,0.03615000,90580.00000000,0.03738
1749262960,0.03613000,281847.00000000,0.03738
1749262960,0.03612000,96047.00000000,0.03738
1749262960,0.03611000,288518.00000000,0.03738
1749262960,0.03609000,8312.00000000,0.03738
1749262960,0.03606000,8134.00000000,0.03738
1749262960,0.03605000,143.00000000,0.03738
1749262960,0.03602000,3154.00000000,0.03738
1749263268,0.03742000,9714.00000000,0.03743
1749263268,0.03741000,15752.00000000,0.03743
1749263268,0.03740000,25815.00000000,0.03743
1749263268,0.03739000,75647.00000000,0.03743
1749263268,0.03738000,82573.00000000,0.03743
1749263268,0.03737000,67561.00000000,0.03743
1749263268,0.03736000,35654.00000000,0.03743
1749263268,0.03735000,34272.00000000,0.03743
1749263268,0.03734000,49084.00000000,0.03743
1749263268,0.03733000,47994.00000000,0.03743
1749263268,0.03732000,123509.00000000,0.03743
1749263268,0.03731000,85771.00000000,0.03743
1749263268,0.03730000,154608.00000000,0.03743
1749263268,0.03729000,43799.00000000,0.03743
1749263268,0.03728000,33084.00000000,0.03743
1749263268,0.03727000,18212.00000000,0.03743
1749263268,0.03726000,46052.00000000,0.03743
1749263268,0.03725000,52784.00000000,0.03743
1749263268,0.03724000,25852.00000000,0.03743
1749263268,0.03723000,18867.00000000,0.03743
1749263268,0.03722000,31349.00000000,0.03743
1749263268,0.03721000,46356.00000000,0.03743
1749263268,0.03720000,39035.00000000,0.03743
1749263268,0.03719000,33800.00000000,0.03743
1749263268,0.03718000,20741.00000000,0.03743
1749263268,0.03717000,7020.00000000,0.03743
1749263268,0.03716000,20299.00000000,0.03743
1749263268,0.03715000,7020.00000000,0.03743
1749263268,0.03714000,20299.00000000,0.03743
1749263268,0.03713000,109541.00000000,0.03743
1749263268,0.03712000,20299.00000000,0.03743
1749263268,0.03711000,7163.00000000,0.03743
1749263268,0.03710000,22085.00000000,0.03743
1749263268,0.03709000,7462.00000000,0.03743
1749263268,0.03708000,36327.00000000,0.03743
1749263268,0.03707000,7018.00000000,0.03743
1749263268,0.03706000,31889.00000000,0.03743
1749263268,0.03705000,36071.00000000,0.03743
1749263268,0.03704000,27516.00000000,0.03743
1749263268,0.03703000,3743.00000000,0.03743
1749263268,0.03702000,59747.00000000,0.03743
1749263268,0.03701000,978.00000000,0.03743
1749263268,0.03700000,53998.00000000,0.03743
1749263268,0.03699000,254500.00000000,0.03743
1749263268,0.03698000,88053.00000000,0.03743
1749263268,0.03697000,348401.00000000,0.03743
1749263268,0.03696000,18219.00000000,0.03743
1749263268,0.03695000,128374.00000000,0.03743
1749263268,0.03694000,469.00000000,0.03743
1749263268,0.03693000,13345.00000000,0.03743
1749263268,0.03692000,469.00000000,0.03743
1749263268,0.03691000,268.00000000,0.03743
1749263268,0.03690000,469.00000000,0.03743
1749263268,0.03689000,268.00000000,0.03743
1749263268,0.03688000,1962.00000000,0.03743
1749263268,0.03687000,268.00000000,0.03743
1749263268,0.03686000,16250.00000000,0.03743
1749263268,0.03685000,409.00000000,0.03743
1749263268,0.03684000,467.00000000,0.03743
1749263268,0.03683000,266.00000000,0.03743
1749263268,0.03682000,468.00000000,0.03743
1749263268,0.03681000,267.00000000,0.03743
1749263268,0.03680000,3329.00000000,0.03743
1749263268,0.03679000,267.00000000,0.03743
1749263268,0.03678000,473.00000000,0.03743
1749263268,0.03677000,267.00000000,0.03743
1749263268,0.03676000,267.00000000,0.03743
1749263268,0.03675000,267.00000000,0.03743
1749263268,0.03674000,267.00000000,0.03743
1749263268,0.03673000,267.00000000,0.03743
1749263268,0.03672000,267.00000000,0.03743
1749263268,0.03671000,16112.00000000,0.03743
1749263268,0.03670000,267.00000000,0.03743
1749263268,0.03669000,267.00000000,0.03743
1749263268,0.03668000,3403.00000000,0.03743
1749263268,0.03667000,268.00000000,0.03743
1749263268,0.03665000,818.00000000,0.03743
1749263268,0.03662000,145.00000000,0.03743
1749263268,0.03661000,13588.00000000,0.03743
1749263268,0.03658000,3325.00000000,0.03743
1749263268,0.03656000,207.00000000,0.03743
1749263268,0.03655000,2842.00000000,0.03743
1749263268,0.03650000,2061.00000000,0.03743
1749263268,0.03646000,165.00000000,0.03743
1749263268,0.03644000,139.00000000,0.03743
1749263268,0.03634000,208.00000000,0.03743
1749263268,0.03633000,165.00000000,0.03743
1749263268,0.03632000,143.00000000,0.03743
1749263268,0.03626000,366.00000000,0.03743
1749263268,0.03623000,80881.00000000,0.03743
1749263268,0.03620000,807.00000000,0.03743
1749263268,0.03619000,497098.00000000,0.03743
1749263268,0.03618000,214664.00000000,0.03743
1749263268,0.03617000,372431.00000000,0.03743
1749263268,0.03615000,90580.00000000,0.03743
1749263268,0.03613000,209.00000000,0.03743
1749263268,0.03612000,96047.00000000,0.03743
1749263268,0.03611000,256.00000000,0.03743
1749263268,0.03609000,8312.00000000,0.03743
1749263268,0.03606000,8134.00000000,0.03743
1749263570,0.03739000,5107.00000000,0.03739
1749263570,0.03738000,28816.00000000,0.03739
1749263570,0.03737000,58442.00000000,0.03739
1749263570,0.03736000,172151.00000000,0.03739
1749263570,0.03735000,156758.00000000,0.03739
1749263570,0.03734000,165873.00000000,0.03739
1749263570,0.03733000,234388.00000000,0.03739
1749263570,0.03732000,216859.00000000,0.03739
1749263570,0.03731000,84632.00000000,0.03739
1749263570,0.03730000,110057.00000000,0.03739
1749263570,0.03729000,226985.00000000,0.03739
1749263570,0.03728000,138236.00000000,0.03739
1749263570,0.03727000,25967.00000000,0.03739
1749263570,0.03726000,25444.00000000,0.03739
1749263570,0.03725000,42377.00000000,0.03739
1749263570,0.03724000,48701.00000000,0.03739
1749263570,0.03723000,18666.00000000,0.03739
1749263570,0.03722000,31148.00000000,0.03739
1749263570,0.03721000,61523.00000000,0.03739
1749263570,0.03720000,43979.00000000,0.03739
1749263570,0.03719000,38745.00000000,0.03739
1749263570,0.03718000,20741.00000000,0.03739
1749263570,0.03717000,7020.00000000,0.03739
1749263570,0.03716000,20299.00000000,0.03739
1749263570,0.03715000,109486.00000000,0.03739
1749263570,0.03714000,47274.00000000,0.03739
1749263570,0.03713000,7020.00000000,0.03739
1749263570,0.03712000,20299.00000000,0.03739
1749263570,0.03711000,7163.00000000,0.03739
1749263570,0.03710000,22085.00000000,0.03739
1749263570,0.03709000,7462.00000000,0.03739
1749263570,0.03708000,36327.00000000,0.03739
1749263570,0.03707000,7018.00000000,0.03739
1749263570,0.03706000,30558.00000000,0.03739
1749263570,0.03705000,42821.00000000,0.03739
1749263570,0.03704000,18634.00000000,0.03739
1749263570,0.03703000,10493.00000000,0.03739
1749263570,0.03702000,59747.00000000,0.03739
1749263570,0.03701000,978.00000000,0.03739
1749263570,0.03700000,53998.00000000,0.03739
1749263570,0.03699000,254500.00000000,0.03739
1749263570,0.03698000,88053.00000000,0.03739
1749263570,0.03697000,338283.00000000,0.03739
1749263570,0.03696000,18219.00000000,0.03739
1749263570,0.03695000,128374.00000000,0.03739
1749263570,0.03694000,469.00000000,0.03739
1749263570,0.03693000,13345.00000000,0.03739
1749263570,0.03692000,469.00000000,0.03739
1749263570,0.03691000,268.00000000,0.03739
1749263570,0.03690000,469.00000000,0.03739
1749263570,0.03689000,268.00000000,0.03739
1749263570,0.03688000,1962.00000000,0.03739
1749263570,0.03687000,268.00000000,0.03739
1749263570,0.03686000,8607.00000000,0.03739
1749263570,0.03685000,409.00000000,0.03739
1749263570,0.03684000,467.00000000,0.03739
1749263570,0.03683000,266.00000000,0.03739
1749263570,0.03682000,468.00000000,0.03739
1749263570,0.03681000,267.00000000,0.03739
1749263570,0.03680000,3329.00000000,0.03739
1749263570,0.03679000,267.00000000,0.03739
1749263570,0.03678000,473.00000000,0.03739
1749263570,0.03677000,16086.00000000,0.03739
1749263570,0.03676000,267.00000000,0.03739
1749263570,0.03675000,267.00000000,0.03739
1749263570,0.03674000,267.00000000,0.03739
1749263570,0.03673000,267.00000000,0.03739
1749263570,0.03672000,267.00000000,0.03739
1749263570,0.03671000,16112.00000000,0.03739
1749263570,0.03670000,267.00000000,0.03739
1749263570,0.03669000,267.00000000,0.03739
1749263570,0.03668000,268.00000000,0.03739
1749263570,0.03667000,268.00000000,0.03739
1749263570,0.03666000,268.00000000,0.03739
1749263570,0.03665000,14386.00000000,0.03739
1749263570,0.03664000,268.00000000,0.03739
1749263570,0.03662000,145.00000000,0.03739
1749263570,0.03658000,3325.00000000,0.03739
1749263570,0.03656000,207.00000000,0.03739
1749263570,0.03655000,2842.00000000,0.03739
1749263570,0.03650000,2061.00000000,0.03739
1749263570,0.03646000,165.00000000,0.03739
1749263570,0.03644000,139.00000000,0.03739
1749263570,0.03634000,208.00000000,0.03739
1749263570,0.03633000,165.00000000,0.03739
1749263570,0.03632000,143.00000000,0.03739
1749263570,0.03626000,366.00000000,0.03739
1749263570,0.03623000,80881.00000000,0.03739
1749263570,0.03620000,807.00000000,0.03739
1749263570,0.03619000,497098.00000000,0.03739
1749263570,0.03618000,214664.00000000,0.03739
1749263570,0.03617000,372431.00000000,0.03739
1749263570,0.03615000,90580.00000000,0.03739
1749263570,0.03613000,209.00000000,0.03739
1749263570,0.03612000,96047.00000000,0.03739
1749263570,0.03611000,256.00000000,0.03739
1749263570,0.03609000,8312.00000000,0.03739
1749263570,0.03606000,8134.00000000,0.03739
1749263570,0.03605000,143.00000000,0.03739
1749263570,0.03602000,3154.00000000,0.03739
1749263871,0.03743000,8134.00000000,0.03743
1749263871,0.03742000,12078.00000000,0.03743
1749263871,0.03741000,19134.00000000,0.03743
1749263871,0.03740000,30438.00000000,0.03743
1749263871,0.03739000,35854.00000000,0.03743
1749263871,0.03738000,71575.00000000,0.03743
1749263871,0.03737000,45656.00000000,0.03743
1749263871,0.03736000,123086.00000000,0.03743
1749263871,0.03735000,60524.00000000,0.03743
1749263871,0.03734000,139923.00000000,0.03743
1749263871,0.03733000,36606.00000000,0.03743
1749263871,0.03732000,208679.00000000,0.03743
1749263871,0.03731000,18827.00000000,0.03743
1749263871,0.03730000,32815.00000000,0.03743
1749263871,0.03729000,91507.00000000,0.03743
1749263871,0.03728000,35274.00000000,0.03743
1749263871,0.03727000,18208.00000000,0.03743
1749263871,0.03726000,25440.00000000,0.03743
1749263871,0.03725000,73416.00000000,0.03743
1749263871,0.03724000,25852.00000000,0.03743
1749263871,0.03723000,18662.00000000,0.03743
1749263871,0.03722000,26203.00000000,0.03743
1749263871,0.03721000,41411.00000000,0.03743
1749263871,0.03720000,39035.00000000,0.03743
1749263871,0.03719000,33800.00000000,0.03743
1749263871,0.03718000,20741.00000000,0.03743
1749263871,0.03717000,7020.00000000,0.03743
1749263871,0.03716000,20299.00000000,0.03743
1749263871,0.03715000,7020.00000000,0.03743
1749263871,0.03714000,149768.00000000,0.03743
1749263871,0.03713000,7020.00000000,0.03743
1749263871,0.03712000,20299.00000000,0.03743
1749263871,0.03711000,7163.00000000,0.03743
1749263871,0.03710000,22085.00000000,0.03743
1749263871,0.03709000,7462.00000000,0.03743
1749263871,0.03708000,36327.00000000,0.03743
1749263871,0.03707000,7018.00000000,0.03743
1749263871,0.03706000,42004.00000000,0.03743
1749263871,0.03705000,42821.00000000,0.03743
1749263871,0.03704000,469.00000000,0.03743
1749263871,0.03703000,51501.00000000,0.03743
1749263871,0.03702000,59747.00000000,0.03743
1749263871,0.03701000,978.00000000,0.03743
1749263871,0.03700000,13240.00000000,0.03743
1749263871,0.03699000,254500.00000000,0.03743
1749263871,0.03698000,88053.00000000,0.03743
1749263871,0.03697000,338283.00000000,0.03743
1749263871,0.03696000,18219.00000000,0.03743
1749263871,0.03695000,128374.00000000,0.03743
1749263871,0.03694000,469.00000000,0.03743
1749263871,0.03693000,13345.00000000,0.03743
1749263871,0.03692000,469.00000000,0.03743
1749263871,0.03691000,268.00000000,0.03743
1749263871,0.03690000,469.00000000,0.03743
1749263871,0.03689000,268.00000000,0.03743
1749263871,0.03688000,1962.00000000,0.03743
1749263871,0.03687000,268.00000000,0.03743
1749263871,0.03686000,8607.00000000,0.03743
1749263871,0.03685000,409.00000000,0.03743
1749263871,0.03684000,467.00000000,0.03743
1749263871,0.03683000,266.00000000,0.03743
1749263871,0.03682000,468.00000000,0.03743
1749263871,0.03681000,267.00000000,0.03743
1749263871,0.03680000,3329.00000000,0.03743
1749263871,0.03679000,267.00000000,0.03743
1749263871,0.03678000,473.00000000,0.03743
1749263871,0.03677000,16086.00000000,0.03743
1749263871,0.03676000,267.00000000,0.03743
1749263871,0.03675000,267.00000000,0.03743
1749263871,0.03674000,267.00000000,0.03743
1749263871,0.03673000,267.00000000,0.03743
1749263871,0.03672000,267.00000000,0.03743
1749263871,0.03671000,16112.00000000,0.03743
1749263871,0.03670000,267.00000000,0.03743
1749263871,0.03669000,13716.00000000,0.03743
1749263871,0.03668000,1674.00000000,0.03743
1749263871,0.03665000,818.00000000,0.03743
1749263871,0.03662000,145.00000000,0.03743
1749263871,0.03658000,3325.00000000,0.03743
1749263871,0.03656000,207.00000000,0.03743
1749263871,0.03655000,2842.00000000,0.03743
1749263871,0.03650000,2061.00000000,0.03743
1749263871,0.03646000,165.00000000,0.03743
1749263871,0.03644000,139.00000000,0.03743
1749263871,0.03636000,1580.00000000,0.03743
1749263871,0.03634000,208.00000000,0.03743
1749263871,0.03633000,165.00000000,0.03743
1749263871,0.03632000,143.00000000,0.03743
1749263871,0.03626000,88215.00000000,0.03743
1749263871,0.03620000,807.00000000,0.03743
1749263871,0.03619000,497098.00000000,0.03743
1749263871,0.03618000,214664.00000000,0.03743
1749263871,0.03617000,372431.00000000,0.03743
1749263871,0.03615000,90580.00000000,0.03743
1749263871,0.03613000,209.00000000,0.03743
1749263871,0.03612000,96047.00000000,0.03743
1749263871,0.03611000,256.00000000,0.03743
1749263871,0.03609000,8312.00000000,0.03743
1749263871,0.03606000,8134.00000000,0.03743
1749263871,0.03605000,143.00000000,0.03743
1749264173,0.03742000,8929.00000000,0.03742
1749264173,0.03741000,107903.00000000,0.03742
1749264173,0.03740000,110984.00000000,0.03742
1749264173,0.03739000,45849.00000000,0.03742
1749264173,0.03738000,130650.00000000,0.03742
1749264173,0.03737000,292805.00000000,0.03742
1749264173,0.03736000,188109.00000000,0.03742
1749264173,0.03735000,159176.00000000,0.03742
1749264173,0.03734000,147649.00000000,0.03742
1749264173,0.03733000,188856.00000000,0.03742
1749264173,0.03732000,27388.00000000,0.03742
1749264173,0.03731000,18827.00000000,0.03742
1749264173,0.03730000,226503.00000000,0.03742
1749264173,0.03729000,42203.00000000,0.03742
1749264173,0.03728000,48232.00000000,0.03742
1749264173,0.03727000,25422.00000000,0.03742
1749264173,0.03726000,29403.00000000,0.03742
1749264173,0.03725000,27342.00000000,0.03742
1749264173,0.03724000,51214.00000000,0.03742
1749264173,0.03723000,18662.00000000,0.03742
1749264173,0.03722000,31144.00000000,0.03742
1749264173,0.03721000,13940.00000000,0.03742
1749264173,0.03720000,39035.00000000,0.03742
1749264173,0.03719000,33800.00000000,0.03742
1749264173,0.03718000,123124.00000000,0.03742
1749264173,0.03717000,7020.00000000,0.03742
1749264173,0.03716000,20299.00000000,0.03742
1749264173,0.03715000,7020.00000000,0.03742
1749264173,0.03714000,47274.00000000,0.03742
1749264173,0.03713000,7020.00000000,0.03742
1749264173,0.03712000,26532.00000000,0.03742
1749264173,0.03711000,7163.00000000,0.03742
1749264173,0.03710000,22085.00000000,0.03742
1749264173,0.03709000,7462.00000000,0.03742
1749264173,0.03708000,36327.00000000,0.03742
1749264173,0.03707000,7018.00000000,0.03742
1749264173,0.03706000,41998.00000000,0.03742
1749264173,0.03705000,164248.00000000,0.03742
1749264173,0.03704000,469.00000000,0.03742
1749264173,0.03703000,51501.00000000,0.03742
1749264173,0.03702000,59747.00000000,0.03742
1749264173,0.03701000,322534.00000000,0.03742
1749264173,0.03700000,13240.00000000,0.03742
1749264173,0.03699000,254500.00000000,0.03742
1749264173,0.03698000,88053.00000000,0.03742
1749264173,0.03697000,13345.00000000,0.03742
1749264173,0.03696000,18219.00000000,0.03742
1749264173,0.03695000,268.00000000,0.03742
1749264173,0.03694000,469.00000000,0.03742
1749264173,0.03693000,13345.00000000,0.03742
1749264173,0.03692000,469.00000000,0.03742
1749264173,0.03691000,268.00000000,0.03742
1749264173,0.03690000,469.00000000,0.03742
1749264173,0.03689000,268.00000000,0.03742
1749264173,0.03688000,1962.00000000,0.03742
1749264173,0.03687000,268.00000000,0.03742
1749264173,0.03686000,8607.00000000,0.03742
1749264173,0.03685000,409.00000000,0.03742
1749264173,0.03684000,467.00000000,0.03742
1749264173,0.03683000,266.00000000,0.03742
1749264173,0.03682000,468.00000000,0.03742
1749264173,0.03681000,267.00000000,0.03742
1749264173,0.03680000,3329.00000000,0.03742
1749264173,0.03679000,267.00000000,0.03742
1749264173,0.03678000,16288.00000000,0.03742
1749264173,0.03677000,267.00000000,0.03742
1749264173,0.03676000,267.00000000,0.03742
1749264173,0.03675000,267.00000000,0.03742
1749264173,0.03674000,267.00000000,0.03742
1749264173,0.03673000,267.00000000,0.03742
1749264173,0.03672000,267.00000000,0.03742
1749264173,0.03671000,16112.00000000,0.03742
1749264173,0.03670000,267.00000000,0.03742
1749264173,0.03669000,267.00000000,0.03742
1749264173,0.03668000,1674.00000000,0.03742
1749264173,0.03667000,268.00000000,0.03742
1749264173,0.03665000,14759.00000000,0.03742
1749264173,0.03662000,145.00000000,0.03742
1749264173,0.03658000,3325.00000000,0.03742
1749264173,0.03656000,207.00000000,0.03742
1749264173,0.03655000,2842.00000000,0.03742
1749264173,0.03650000,2061.00000000,0.03742
1749264173,0.03646000,165.00000000,0.03742
1749264173,0.03644000,139.00000000,0.03742
1749264173,0.03636000,1580.00000000,0.03742
1749264173,0.03634000,208.00000000,0.03742
1749264173,0.03633000,165.00000000,0.03742
1749264173,0.03632000,143.00000000,0.03742
1749264173,0.03626000,88215.00000000,0.03742
1749264173,0.03620000,807.00000000,0.03742
1749264173,0.03619000,778606.00000000,0.03742
1749264173,0.03618000,214664.00000000,0.03742
1749264173,0.03617000,87584.00000000,0.03742
1749264173,0.03615000,90580.00000000,0.03742
1749264173,0.03613000,209.00000000,0.03742
1749264173,0.03612000,96047.00000000,0.03742
1749264173,0.03611000,256.00000000,0.03742
1749264173,0.03609000,8312.00000000,0.03742
1749264173,0.03606000,8134.00000000,0.03742
1749264173,0.03605000,143.00000000,0.03742
1749264475,0.03745000,10210.00000000,0.03745
1749264475,0.03744000,32237.00000000,0.03745
1749264475,0.03743000,28251.00000000,0.03745
1749264475,0.03742000,87521.00000000,0.03745
1749264475,0.03741000,150202.00000000,0.03745
1749264475,0.03740000,140931.00000000,0.03745
1749264475,0.03739000,215542.00000000,0.03745
1749264475,0.03738000,155412.00000000,0.03745
1749264475,0.03737000,122154.00000000,0.03745
1749264475,0.03736000,168390.00000000,0.03745
1749264475,0.03735000,132553.00000000,0.03745
1749264475,0.03734000,53759.00000000,0.03745
1749264475,0.03733000,21114.00000000,0.03745
1749264475,0.03732000,41859.00000000,0.03745
1749264475,0.03731000,180255.00000000,0.03745
1749264475,0.03730000,32815.00000000,0.03745
1749264475,0.03729000,12009.00000000,0.03745
1749264475,0.03728000,72915.00000000,0.03745
1749264475,0.03727000,18208.00000000,0.03745
1749264475,0.03726000,25439.00000000,0.03745
1749264475,0.03725000,27407.00000000,0.03745
1749264475,0.03724000,25651.00000000,0.03745
1749264475,0.03723000,7019.00000000,0.03745
1749264475,0.03722000,26203.00000000,0.03745
1749264475,0.03721000,8999.00000000,0.03745
1749264475,0.03720000,39035.00000000,0.03745
1749264475,0.03719000,7019.00000000,0.03745
1749264475,0.03718000,20741.00000000,0.03745
1749264475,0.03717000,7020.00000000,0.03745
1749264475,0.03716000,20299.00000000,0.03745
1749264475,0.03715000,109486.00000000,0.03745
1749264475,0.03714000,47274.00000000,0.03745
1749264475,0.03713000,7020.00000000,0.03745
1749264475,0.03712000,20299.00000000,0.03745
1749264475,0.03711000,13397.00000000,0.03745
1749264475,0.03710000,22085.00000000,0.03745
1749264475,0.03709000,34315.00000000,0.03745
1749264475,0.03708000,32089.00000000,0.03745
1749264475,0.03707000,268.00000000,0.03745
1749264475,0.03706000,30558.00000000,0.03745
1749264475,0.03705000,29658.00000000,0.03745
1749264475,0.03704000,469.00000000,0.03745
1749264475,0.03703000,48026.00000000,0.03745
1749264475,0.03702000,184478.00000000,0.03745
1749264475,0.03701000,4454.00000000,0.03745
1749264475,0.03700000,334882.00000000,0.03745
1749264475,0.03699000,270225.00000000,0.03745
1749264475,0.03698000,88053.00000000,0.03745
1749264475,0.03697000,13345.00000000,0.03745
1749264475,0.03696000,18219.00000000,0.03745
1749264475,0.03695000,268.00000000,0.03745
1749264475,0.03694000,469.00000000,0.03745
1749264475,0.03693000,13345.00000000,0.03745
1749264475,0.03692000,469.00000000,0.03745
1749264475,0.03691000,268.00000000,0.03745
1749264475,0.03690000,469.00000000,0.03745
1749264475,0.03689000,268.00000000,0.03745
1749264475,0.03688000,1962.00000000,0.03745
1749264475,0.03687000,268.00000000,0.03745
1749264475,0.03686000,8607.00000000,0.03745
1749264475,0.03685000,409.00000000,0.03745
1749264475,0.03684000,467.00000000,0.03745
1749264475,0.03683000,266.00000000,0.03745
1749264475,0.03682000,468.00000000,0.03745
1749264475,0.03681000,267.00000000,0.03745
1749264475,0.03680000,3329.00000000,0.03745
1749264475,0.03679000,267.00000000,0.03745
1749264475,0.03678000,473.00000000,0.03745
1749264475,0.03677000,267.00000000,0.03745
1749264475,0.03676000,267.00000000,0.03745
1749264475,0.03675000,267.00000000,0.03745
1749264475,0.03674000,267.00000000,0.03745
1749264475,0.03673000,267.00000000,0.03745
1749264475,0.03672000,267.00000000,0.03745
1749264475,0.03671000,16112.00000000,0.03745
1749264475,0.03670000,267.00000000,0.03745
1749264475,0.03669000,13319.00000000,0.03745
1749264475,0.03668000,17264.00000000,0.03745
1749264475,0.03665000,818.00000000,0.03745
1749264475,0.03662000,145.00000000,0.03745
1749264475,0.03658000,3325.00000000,0.03745
1749264475,0.03656000,207.00000000,0.03745
1749264475,0.03655000,2842.00000000,0.03745
1749264475,0.03650000,2061.00000000,0.03745
1749264475,0.03646000,165.00000000,0.03745
1749264475,0.03644000,139.00000000,0.03745
1749264475,0.03636000,1580.00000000,0.03745
1749264475,0.03634000,208.00000000,0.03745
1749264475,0.03633000,165.00000000,0.03745
1749264475,0.03632000,143.00000000,0.03745
1749264475,0.03626000,88215.00000000,0.03745
1749264475,0.03622000,84661.00000000,0.03745
1749264475,0.03620000,282315.00000000,0.03745
1749264475,0.03619000,497098.00000000,0.03745
1749264475,0.03618000,214664.00000000,0.03745
1749264475,0.03617000,87584.00000000,0.03745
1749264475,0.03615000,2608.00000000,0.03745
1749264475,0.03613000,209.00000000,0.03745
1749264475,0.03612000,96047.00000000,0.03745
1749264475,0.03611000,256.00000000,0.03745
1749264776,0.03752000,6750.00000000,0.03751
1749264776,0.03751000,24117.00000000,0.03751
1749264776,0.03750000,25425.00000000,0.03751
1749264776,0.03749000,37350.00000000,0.03751
1749264776,0.03748000,168704.00000000,0.03751
1749264776,0.03747000,247017.00000000,0.03751
1749264776,0.03746000,100826.00000000,0.03751
1749264776,0.03745000,85002.00000000,0.03751
1749264776,0.03744000,165188.00000000,0.03751
1749264776,0.03743000,62766.00000000,0.03751
1749264776,0.03742000,225428.00000000,0.03751
1749264776,0.03741000,110778.00000000,0.03751
1749264776,0.03740000,27625.00000000,0.03751
1749264776,0.03739000,51333.00000000,0.03751
1749264776,0.03738000,57230.00000000,0.03751
1749264776,0.03737000,19894.00000000,0.03751
1749264776,0.03736000,39892.00000000,0.03751
1749264776,0.03735000,21705.00000000,0.03751
1749264776,0.03734000,49794.00000000,0.03751
1749264776,0.03733000,19541.00000000,0.03751
1749264776,0.03732000,25163.00000000,0.03751
1749264776,0.03731000,50408.00000000,0.03751
1749264776,0.03730000,40525.00000000,0.03751
1749264776,0.03729000,29750.00000000,0.03751
1749264776,0.03728000,25991.00000000,0.03751
1749264776,0.03727000,7461.00000000,0.03751
1749264776,0.03726000,20298.00000000,0.03751
1749264776,0.03725000,7019.00000000,0.03751
1749264776,0.03724000,20298.00000000,0.03751
1749264776,0.03723000,109265.00000000,0.03751
1749264776,0.03722000,20501.00000000,0.03751
1749264776,0.03721000,8999.00000000,0.03751
1749264776,0.03720000,33709.00000000,0.03751
1749264776,0.03719000,33800.00000000,0.03751
1749264776,0.03718000,36386.00000000,0.03751
1749264776,0.03717000,18574.00000000,0.03751
1749264776,0.03716000,20299.00000000,0.03751
1749264776,0.03715000,7020.00000000,0.03751
1749264776,0.03714000,40524.00000000,0.03751
1749264776,0.03713000,75563.00000000,0.03751
1749264776,0.03712000,13549.00000000,0.03751
1749264776,0.03711000,6647.00000000,0.03751
1749264776,0.03710000,15335.00000000,0.03751
1749264776,0.03709000,4181.00000000,0.03751
1749264776,0.03708000,101241.00000000,0.03751
1749264776,0.03707000,240720.00000000,0.03751
1749264776,0.03706000,23808.00000000,0.03751
1749264776,0.03705000,322733.00000000,0.03751
1749264776,0.03704000,469.00000000,0.03751
1749264776,0.03703000,268.00000000,0.03751
1749264776,0.03702000,184478.00000000,0.03751
1749264776,0.03701000,978.00000000,0.03751
1749264776,0.03700000,13240.00000000,0.03751
1749264776,0.03699000,13534.00000000,0.03751
1749264776,0.03698000,469.00000000,0.03751
1749264776,0.03697000,13345.00000000,0.03751
1749264776,0.03696000,18219.00000000,0.03751
1749264776,0.03695000,268.00000000,0.03751
1749264776,0.03694000,469.00000000,0.03751
1749264776,0.03693000,13345.00000000,0.03751
1749264776,0.03692000,469.00000000,0.03751
1749264776,0.03691000,268.00000000,0.03751
1749264776,0.03690000,469.00000000,0.03751
1749264776,0.03689000,268.00000000,0.03751
1749264776,0.03688000,1962.00000000,0.03751
1749264776,0.03687000,16045.00000000,0.03751
1749264776,0.03686000,8607.00000000,0.03751
1749264776,0.03685000,409.00000000,0.03751
1749264776,0.03684000,467.00000000,0.03751
1749264776,0.03683000,266.00000000,0.03751
1749264776,0.03682000,468.00000000,0.03751
1749264776,0.03681000,267.00000000,0.03751
1749264776,0.03680000,3329.00000000,0.03751
1749264776,0.03679000,267.00000000,0.03751
1749264776,0.03678000,473.00000000,0.03751
1749264776,0.03677000,267.00000000,0.03751
1749264776,0.03671000,15845.00000000,0.03751
1749264776,0.03668000,1406.00000000,0.03751
1749264776,0.03667000,13250.00000000,0.03751
1749264776,0.03665000,818.00000000,0.03751
1749264776,0.03662000,145.00000000,0.03751
1749264776,0.03658000,3325.00000000,0.03751
1749264776,0.03656000,207.00000000,0.03751
1749264776,0.03655000,2842.00000000,0.03751
1749264776,0.03650000,2061.00000000,0.03751
1749264776,0.03644000,139.00000000,0.03751
1749264776,0.03636000,1580.00000000,0.03751
1749264776,0.03634000,208.00000000,0.03751
1749264776,0.03633000,165.00000000,0.03751
1749264776,0.03632000,143.00000000,0.03751
1749264776,0.03626000,369198.00000000,0.03751
1749264776,0.03624000,280586.00000000,0.03751
1749264776,0.03622000,84661.00000000,0.03751
1749264776,0.03620000,807.00000000,0.03751
1749264776,0.03619000,215987.00000000,0.03751
1749264776,0.03618000,214664.00000000,0.03751
1749264776,0.03617000,87584.00000000,0.03751
1749264776,0.03615000,2608.00000000,0.03751
1749264776,0.03613000,209.00000000,0.03751
1749264776,0.03612000,96047.00000000,0.03751
1749265078,0.03757000,26616.00000000,0.03759
1749265078,0.03756000,12336.00000000,0.03759
1749265078,0.03755000,19265.00000000,0.03759
1749265078,0.03754000,31453.00000000,0.03759
1749265078,0.03753000,148346.00000000,0.03759
1749265078,0.03752000,256259.00000000,0.03759
1749265078,0.03751000,210622.00000000,0.03759
1749265078,0.03750000,114214.00000000,0.03759
1749265078,0.03749000,223417.00000000,0.03759
1749265078,0.03748000,107497.00000000,0.03759
1749265078,0.03747000,126676.00000000,0.03759
1749265078,0.03746000,55836.00000000,0.03759
1749265078,0.03745000,28006.00000000,0.03759
1749265078,0.03744000,52230.00000000,0.03759
1749265078,0.03743000,11373.00000000,0.03759
1749265078,0.03742000,20497.00000000,0.03759
1749265078,0.03741000,22799.00000000,0.03759
1749265078,0.03740000,31413.00000000,0.03759
1749265078,0.03739000,55877.00000000,0.03759
1749265078,0.03738000,35156.00000000,0.03759
1749265078,0.03737000,22986.00000000,0.03759
1749265078,0.03736000,20297.00000000,0.03759
1749265078,0.03735000,11938.00000000,0.03759
1749265078,0.03734000,25779.00000000,0.03759
1749265078,0.03733000,24629.00000000,0.03759
1749265078,0.03732000,24941.00000000,0.03759
1749265078,0.03731000,38804.00000000,0.03759
1749265078,0.03730000,25220.00000000,0.03759
1749265078,0.03729000,33585.00000000,0.03759
1749265078,0.03728000,122407.00000000,0.03759
1749265078,0.03727000,12381.00000000,0.03759
1749265078,0.03726000,20298.00000000,0.03759
1749265078,0.03725000,11939.00000000,0.03759
1749265078,0.03724000,53332.00000000,0.03759
1749265078,0.03723000,11939.00000000,0.03759
1749265078,0.03722000,32123.00000000,0.03759
1749265078,0.03721000,41854.00000000,0.03759
1749265078,0.03720000,26959.00000000,0.03759
1749265078,0.03719000,269.00000000,0.03759
1749265078,0.03718000,116754.00000000,0.03759
1749265078,0.03717000,3732.00000000,0.03759
1749265078,0.03716000,253490.00000000,0.03759
1749265078,0.03715000,270.00000000,0.03759
1749265078,0.03714000,13549.00000000,0.03759
1749265078,0.03713000,47901.00000000,0.03759
1749265078,0.03712000,137947.00000000,0.03759
1749265078,0.03711000,321027.00000000,0.03759
1749265078,0.03710000,15335.00000000,0.03759
1749265078,0.03709000,712.00000000,0.03759
1749265078,0.03708000,13890.00000000,0.03759
1749265078,0.03707000,268.00000000,0.03759
1749265078,0.03706000,23808.00000000,0.03759
1749265078,0.03705000,1606.00000000,0.03759
1749265078,0.03704000,469.00000000,0.03759
1749265078,0.03703000,268.00000000,0.03759
1749265078,0.03702000,59747.00000000,0.03759
1749265078,0.03701000,978.00000000,0.03759
1749265078,0.03700000,28961.00000000,0.03759
1749265078,0.03699000,13534.00000000,0.03759
1749265078,0.03698000,469.00000000,0.03759
1749265078,0.03697000,13345.00000000,0.03759
1749265078,0.03696000,18219.00000000,0.03759
1749265078,0.03695000,268.00000000,0.03759
1749265078,0.03694000,469.00000000,0.03759
1749265078,0.03693000,268.00000000,0.03759
1749265078,0.03692000,469.00000000,0.03759
1749265078,0.03691000,268.00000000,0.03759
1749265078,0.03690000,469.00000000,0.03759
1749265078,0.03689000,268.00000000,0.03759
1749265078,0.03688000,1962.00000000,0.03759
1749265078,0.03687000,268.00000000,0.03759
1749265078,0.03686000,8607.00000000,0.03759
1749265078,0.03685000,409.00000000,0.03759
1749265078,0.03684000,467.00000000,0.03759
1749265078,0.03683000,266.00000000,0.03759
1749265078,0.03682000,467.00000000,0.03759
1749265078,0.03680000,3062.00000000,0.03759
1749265078,0.03679000,16626.00000000,0.03759
1749265078,0.03678000,13824.00000000,0.03759
1749265078,0.03668000,1406.00000000,0.03759
1749265078,0.03662000,145.00000000,0.03759
1749265078,0.03658000,3325.00000000,0.03759
1749265078,0.03656000,207.00000000,0.03759
1749265078,0.03655000,2842.00000000,0.03759
1749265078,0.03650000,2061.00000000,0.03759
1749265078,0.03644000,139.00000000,0.03759
1749265078,0.03636000,88664.00000000,0.03759
1749265078,0.03634000,208.00000000,0.03759
1749265078,0.03633000,165.00000000,0.03759
1749265078,0.03632000,143.00000000,0.03759
1749265078,0.03631000,560523.00000000,0.03759
1749265078,0.03626000,88215.00000000,0.03759
1749265078,0.03622000,84661.00000000,0.03759
1749265078,0.03620000,807.00000000,0.03759
1749265078,0.03619000,215987.00000000,0.03759
1749265078,0.03618000,214664.00000000,0.03759
1749265078,0.03615000,2608.00000000,0.03759
1749265078,0.03613000,209.00000000,0.03759
1749265078,0.03612000,96047.00000000,0.03759
1749265078,0.03611000,256.00000000,0.03759
1749265382,0.03755000,7211.00000000,0.03755
1749265382,0.03754000,34493.00000000,0.03755
1749265382,0.03753000,84627.00000000,0.03755
1749265382,0.03752000,162385.00000000,0.03755
1749265382,0.03751000,218134.00000000,0.03755
1749265382,0.03750000,111673.00000000,0.03755
1749265382,0.03749000,138760.00000000,0.03755
1749265382,0.03748000,206818.00000000,0.03755
1749265382,0.03747000,126924.00000000,0.03755
1749265382,0.03746000,98880.00000000,0.03755
1749265382,0.03745000,12580.00000000,0.03755
1749265382,0.03744000,50017.00000000,0.03755
1749265382,0.03743000,11230.00000000,0.03755
1749265382,0.03742000,153230.00000000,0.03755
1749265382,0.03741000,39275.00000000,0.03755
1749265382,0.03740000,31413.00000000,0.03755
1749265382,0.03739000,70319.00000000,0.03755
1749265382,0.03738000,35156.00000000,0.03755
1749265382,0.03737000,15954.00000000,0.03755
1749265382,0.03736000,29084.00000000,0.03755
1749265382,0.03735000,11938.00000000,0.03755
1749265382,0.03734000,25779.00000000,0.03755
1749265382,0.03733000,24629.00000000,0.03755
1749265382,0.03732000,24941.00000000,0.03755
1749265382,0.03731000,38804.00000000,0.03755
1749265382,0.03730000,25220.00000000,0.03755
1749265382,0.03729000,33585.00000000,0.03755
1749265382,0.03728000,26428.00000000,0.03755
1749265382,0.03727000,12381.00000000,0.03755
1749265382,0.03726000,122462.00000000,0.03755
1749265382,0.03725000,11939.00000000,0.03755
1749265382,0.03724000,47200.00000000,0.03755
1749265382,0.03723000,11939.00000000,0.03755
1749265382,0.03722000,20501.00000000,0.03755
1749265382,0.03721000,41854.00000000,0.03755
1749265382,0.03720000,33709.00000000,0.03755
1749265382,0.03719000,18573.00000000,0.03755
1749265382,0.03718000,117928.00000000,0.03755
1749265382,0.03717000,8655.00000000,0.03755
1749265382,0.03716000,253490.00000000,0.03755
1749265382,0.03715000,270.00000000,0.03755
1749265382,0.03714000,133883.00000000,0.03755
1749265382,0.03713000,47901.00000000,0.03755
1749265382,0.03712000,13549.00000000,0.03755
1749265382,0.03711000,321027.00000000,0.03755
1749265382,0.03710000,15335.00000000,0.03755
1749265382,0.03709000,712.00000000,0.03755
1749265382,0.03708000,13890.00000000,0.03755
1749265382,0.03707000,268.00000000,0.03755
1749265382,0.03706000,23808.00000000,0.03755
1749265382,0.03705000,1606.00000000,0.03755
1749265382,0.03704000,469.00000000,0.03755
1749265382,0.03703000,268.00000000,0.03755
1749265382,0.03702000,59747.00000000,0.03755
1749265382,0.03701000,978.00000000,0.03755
1749265382,0.03700000,28961.00000000,0.03755
1749265382,0.03699000,13534.00000000,0.03755
1749265382,0.03698000,469.00000000,0.03755
1749265382,0.03697000,13345.00000000,0.03755
1749265382,0.03696000,18219.00000000,0.03755
1749265382,0.03695000,268.00000000,0.03755
1749265382,0.03694000,469.00000000,0.03755
1749265382,0.03693000,268.00000000,0.03755
1749265382,0.03692000,469.00000000,0.03755
1749265382,0.03691000,268.00000000,0.03755
1749265382,0.03690000,469.00000000,0.03755
1749265382,0.03689000,268.00000000,0.03755
1749265382,0.03688000,1962.00000000,0.03755
1749265382,0.03687000,268.00000000,0.03755
1749265382,0.03686000,8607.00000000,0.03755
1749265382,0.03685000,409.00000000,0.03755
1749265382,0.03684000,467.00000000,0.03755
1749265382,0.03683000,266.00000000,0.03755
1749265382,0.03682000,468.00000000,0.03755
1749265382,0.03681000,267.00000000,0.03755
1749265382,0.03680000,3329.00000000,0.03755
1749265382,0.03679000,16626.00000000,0.03755
1749265382,0.03678000,206.00000000,0.03755
1749265382,0.03677000,13423.00000000,0.03755
1749265382,0.03668000,1406.00000000,0.03755
1749265382,0.03662000,145.00000000,0.03755
1749265382,0.03658000,3325.00000000,0.03755
1749265382,0.03656000,207.00000000,0.03755
1749265382,0.03655000,2842.00000000,0.03755
1749265382,0.03650000,2061.00000000,0.03755
1749265382,0.03644000,139.00000000,0.03755
1749265382,0.03637000,81542.00000000,0.03755
1749265382,0.03636000,1580.00000000,0.03755
1749265382,0.03634000,80601.00000000,0.03755
1749265382,0.03633000,165.00000000,0.03755
1749265382,0.03632000,143.00000000,0.03755
1749265382,0.03631000,560523.00000000,0.03755
1749265382,0.03626000,88215.00000000,0.03755
1749265382,0.03620000,807.00000000,0.03755
1749265382,0.03619000,215987.00000000,0.03755
1749265382,0.03618000,214664.00000000,0.03755
1749265382,0.03615000,2608.00000000,0.03755
1749265382,0.03613000,209.00000000,0.03755
1749265382,0.03612000,96047.00000000,0.03755
1749265382,0.03611000,256.00000000,0.03755
1749265684,0.03763000,1384.00000000,0.03763
1749265684,0.03762000,20484.00000000,0.03763
1749265684,0.03761000,26073.00000000,0.03763
1749265684,0.03760000,69653.00000000,0.03763
1749265684,0.03759000,233598.00000000,0.03763
1749265684,0.03758000,182312.00000000,0.03763
1749265684,0.03757000,206874.00000000,0.03763
1749265684,0.03756000,118801.00000000,0.03763
1749265684,0.03755000,113363.00000000,0.03763
1749265684,0.03754000,160042.00000000,0.03763
1749265684,0.03753000,12131.00000000,0.03763
1749265684,0.03752000,97211.00000000,0.03763
1749265684,0.03751000,35611.00000000,0.03763
1749265684,0.03750000,141862.00000000,0.03763
1749265684,0.03749000,31702.00000000,0.03763
1749265684,0.03748000,22693.00000000,0.03763
1749265684,0.03747000,26701.00000000,0.03763
1749265684,0.03746000,43855.00000000,0.03763
1749265684,0.03745000,12571.00000000,0.03763
1749265684,0.03744000,57379.00000000,0.03763
1749265684,0.03743000,25446.00000000,0.03763
1749265684,0.03742000,35174.00000000,0.03763
1749265684,0.03741000,38787.00000000,0.03763
1749265684,0.03740000,25210.00000000,0.03763
1749265684,0.03739000,56431.00000000,0.03763
1749265684,0.03738000,25530.00000000,0.03763
1749265684,0.03737000,7018.00000000,0.03763
1749265684,0.03736000,25211.00000000,0.03763
1749265684,0.03735000,7018.00000000,0.03763
1749265684,0.03734000,148729.00000000,0.03763
1749265684,0.03733000,11932.00000000,0.03763
1749265684,0.03732000,24935.00000000,0.03763
1749265684,0.03731000,38804.00000000,0.03763
1749265684,0.03730000,20297.00000000,0.03763
1749265684,0.03729000,11781.00000000,0.03763
1749265684,0.03728000,38087.00000000,0.03763
1749265684,0.03727000,28695.00000000,0.03763
1749265684,0.03726000,20298.00000000,0.03763
1749265684,0.03725000,5184.00000000,0.03763
1749265684,0.03724000,45365.00000000,0.03763
1749265684,0.03723000,47774.00000000,0.03763
1749265684,0.03722000,13751.00000000,0.03763
1749265684,0.03721000,30181.00000000,0.03763
1749265684,0.03720000,26959.00000000,0.03763
1749265684,0.03719000,269.00000000,0.03763
1749265684,0.03718000,95533.00000000,0.03763
1749265684,0.03717000,323835.00000000,0.03763
1749265684,0.03716000,253490.00000000,0.03763
1749265684,0.03715000,270.00000000,0.03763
1749265684,0.03714000,133883.00000000,0.03763
1749265684,0.03713000,270.00000000,0.03763
1749265684,0.03712000,13549.00000000,0.03763
1749265684,0.03711000,413.00000000,0.03763
1749265684,0.03710000,15335.00000000,0.03763
1749265684,0.03709000,16395.00000000,0.03763
1749265684,0.03708000,13890.00000000,0.03763
1749265684,0.03707000,268.00000000,0.03763
1749265684,0.03706000,23808.00000000,0.03763
1749265684,0.03705000,1606.00000000,0.03763
1749265684,0.03704000,469.00000000,0.03763
1749265684,0.03703000,268.00000000,0.03763
1749265684,0.03702000,59747.00000000,0.03763
1749265684,0.03701000,268.00000000,0.03763
1749265684,0.03700000,13240.00000000,0.03763
1749265684,0.03699000,457.00000000,0.03763
1749265684,0.03698000,469.00000000,0.03763
1749265684,0.03697000,268.00000000,0.03763
1749265684,0.03696000,18219.00000000,0.03763
1749265684,0.03695000,268.00000000,0.03763
1749265684,0.03694000,469.00000000,0.03763
1749265684,0.03693000,268.00000000,0.03763
1749265684,0.03692000,469.00000000,0.03763
1749265684,0.03691000,268.00000000,0.03763
1749265684,0.03690000,469.00000000,0.03763
1749265684,0.03689000,16036.00000000,0.03763
1749265684,0.03688000,1960.00000000,0.03763
1749265684,0.03686000,8339.00000000,0.03763
1749265684,0.03685000,143.00000000,0.03763
1749265684,0.03684000,201.00000000,0.03763
1749265684,0.03681000,13367.00000000,0.03763
1749265684,0.03680000,2861.00000000,0.03763
1749265684,0.03679000,815.00000000,0.03763
1749265684,0.03678000,206.00000000,0.03763
1749265684,0.03668000,1406.00000000,0.03763
1749265684,0.03662000,145.00000000,0.03763
1749265684,0.03658000,3325.00000000,0.03763
1749265684,0.03656000,207.00000000,0.03763
1749265684,0.03655000,2842.00000000,0.03763
1749265684,0.03650000,2061.00000000,0.03763
1749265684,0.03646000,87359.00000000,0.03763
1749265684,0.03644000,139.00000000,0.03763
1749265684,0.03637000,361084.00000000,0.03763
1749265684,0.03634000,80601.00000000,0.03763
1749265684,0.03633000,165.00000000,0.03763
1749265684,0.03632000,143.00000000,0.03763
1749265684,0.03631000,280460.00000000,0.03763
1749265684,0.03626000,366.00000000,0.03763
1749265684,0.03620000,807.00000000,0.03763
1749265684,0.03619000,215987.00000000,0.03763
1749265684,0.03618000,214664.00000000,0.03763
1749265986,0.03770000,1384.00000000,0.0377
1749265986,0.03769000,13965.00000000,0.0377
1749265986,0.03768000,15151.00000000,0.0377
1749265986,0.03767000,50067.00000000,0.0377
1749265986,0.03766000,92448.00000000,0.0377
1749265986,0.03765000,57798.00000000,0.0377
1749265986,0.03764000,113234.00000000,0.0377
1749265986,0.03763000,384268.00000000,0.0377
1749265986,0.03762000,103175.00000000,0.0377
1749265986,0.03761000,119293.00000000,0.0377
1749265986,0.03760000,193966.00000000,0.0377
1749265986,0.03759000,80059.00000000,0.0377
1749265986,0.03758000,109087.00000000,0.0377
1749265986,0.03757000,161572.00000000,0.0377
1749265986,0.03756000,7670.00000000,0.0377
1749265986,0.03755000,10662.00000000,0.0377
1749265986,0.03754000,30491.00000000,0.0377
1749265986,0.03753000,12131.00000000,0.0377
1749265986,0.03752000,24428.00000000,0.0377
1749265986,0.03751000,47558.00000000,0.0377
1749265986,0.03750000,41284.00000000,0.0377
1749265986,0.03749000,28901.00000000,0.0377
1749265986,0.03748000,20294.00000000,0.0377
1749265986,0.03747000,11408.00000000,0.0377
1749265986,0.03746000,19231.00000000,0.0377
1749265986,0.03745000,12572.00000000,0.0377
1749265986,0.03744000,57178.00000000,0.0377
1749265986,0.03743000,11020.00000000,0.0377
1749265986,0.03742000,20296.00000000,0.0377
1749265986,0.03741000,113686.00000000,0.0377
1749265986,0.03740000,25354.00000000,0.0377
1749265986,0.03739000,38190.00000000,0.0377
1749265986,0.03738000,20229.00000000,0.0377
1749265986,0.03737000,22583.00000000,0.0377
1749265986,0.03736000,25211.00000000,0.0377
1749265986,0.03735000,18763.00000000,0.0377
1749265986,0.03734000,73614.00000000,0.0377
1749265986,0.03733000,59383.00000000,0.0377
1749265986,0.03732000,24935.00000000,0.0377
1749265986,0.03731000,38804.00000000,0.0377
1749265986,0.03730000,26582.00000000,0.0377
1749265986,0.03729000,33380.00000000,0.0377
1749265986,0.03728000,94896.00000000,0.0377
1749265986,0.03727000,6338.00000000,0.0377
1749265986,0.03726000,23634.00000000,0.0377
1749265986,0.03725000,5184.00000000,0.0377
1749265986,0.03724000,138478.00000000,0.0377
1749265986,0.03723000,269.00000000,0.0377
1749265986,0.03722000,59704.00000000,0.0377
1749265986,0.03721000,565900.00000000,0.0377
1749265986,0.03720000,26959.00000000,0.0377
1749265986,0.03719000,269.00000000,0.0377
1749265986,0.03718000,13991.00000000,0.0377
1749265986,0.03717000,3732.00000000,0.0377
1749265986,0.03716000,13549.00000000,0.0377
1749265986,0.03715000,270.00000000,0.0377
1749265986,0.03714000,13549.00000000,0.0377
1749265986,0.03713000,270.00000000,0.0377
1749265986,0.03712000,13549.00000000,0.0377
1749265986,0.03711000,413.00000000,0.0377
1749265986,0.03710000,15335.00000000,0.0377
1749265986,0.03709000,16395.00000000,0.0377
1749265986,0.03708000,813.00000000,0.0377
1749265986,0.03707000,268.00000000,0.0377
1749265986,0.03706000,613.00000000,0.0377
1749265986,0.03705000,1606.00000000,0.0377
1749265986,0.03704000,469.00000000,0.0377
1749265986,0.03703000,268.00000000,0.0377
1749265986,0.03702000,469.00000000,0.0377
1749265986,0.03701000,268.00000000,0.0377
1749265986,0.03700000,13240.00000000,0.0377
1749265986,0.03699000,457.00000000,0.0377
1749265986,0.03698000,469.00000000,0.0377
1749265986,0.03697000,268.00000000,0.0377
1749265986,0.03696000,18219.00000000,0.0377
1749265986,0.03695000,268.00000000,0.0377
1749265986,0.03694000,201.00000000,0.0377
1749265986,0.03692000,201.00000000,0.0377
1749265986,0.03691000,13299.00000000,0.0377
1749265986,0.03690000,201.00000000,0.0377
1749265986,0.03689000,15768.00000000,0.0377
1749265986,0.03688000,1493.00000000,0.0377
1749265986,0.03686000,8138.00000000,0.0377
1749265986,0.03685000,143.00000000,0.0377
1749265986,0.03680000,2861.00000000,0.0377
1749265986,0.03679000,815.00000000,0.0377
1749265986,0.03678000,206.00000000,0.0377
1749265986,0.03668000,1406.00000000,0.0377
1749265986,0.03662000,145.00000000,0.0377
1749265986,0.03658000,3325.00000000,0.0377
1749265986,0.03656000,207.00000000,0.0377
1749265986,0.03655000,2842.00000000,0.0377
1749265986,0.03650000,2061.00000000,0.0377
1749265986,0.03646000,87359.00000000,0.0377
1749265986,0.03644000,280347.00000000,0.0377
1749265986,0.03641000,282878.00000000,0.0377
1749265986,0.03637000,81542.00000000,0.0377
1749265986,0.03634000,80601.00000000,0.0377
1749265986,0.03633000,165.00000000,0.0377
1749265986,0.03632000,143.00000000,0.0377
1749266292,0.03770000,465.00000000,0.03771
1749266292,0.03769000,20292.00000000,0.03771
1749266292,0.03768000,56524.00000000,0.03771
1749266292,0.03767000,181894.00000000,0.03771
1749266292,0.03766000,101527.00000000,0.03771
1749266292,0.03765000,143126.00000000,0.03771
1749266292,0.03764000,143736.00000000,0.03771
1749266292,0.03763000,150094.00000000,0.03771
1749266292,0.03762000,222306.00000000,0.03771
1749266292,0.03761000,51283.00000000,0.03771
1749266292,0.03760000,87706.00000000,0.03771
1749266292,0.03759000,144911.00000000,0.03771
1749266292,0.03758000,7417.00000000,0.03771
1749266292,0.03757000,25196.00000000,0.03771
1749266292,0.03756000,61598.00000000,0.03771
1749266292,0.03755000,15672.00000000,0.03771
1749266292,0.03754000,49089.00000000,0.03771
1749266292,0.03753000,32290.00000000,0.03771
1749266292,0.03752000,19314.00000000,0.03771
1749266292,0.03751000,18550.00000000,0.03771
1749266292,0.03750000,25956.00000000,0.03771
1749266292,0.03749000,28888.00000000,0.03771
1749266292,0.03748000,20294.00000000,0.03771
1749266292,0.03747000,11395.00000000,0.03771
1749266292,0.03746000,24137.00000000,0.03771
1749266292,0.03745000,109303.00000000,0.03771
1749266292,0.03744000,46914.00000000,0.03771
1749266292,0.03743000,17036.00000000,0.03771
1749266292,0.03742000,20296.00000000,0.03771
1749266292,0.03741000,11920.00000000,0.03771
1749266292,0.03740000,20440.00000000,0.03771
1749266292,0.03739000,11920.00000000,0.03771
1749266292,0.03738000,20229.00000000,0.03771
1749266292,0.03737000,22583.00000000,0.03771
1749266292,0.03736000,20297.00000000,0.03771
1749266292,0.03735000,23612.00000000,0.03771
1749266292,0.03734000,52029.00000000,0.03771
1749266292,0.03733000,47719.00000000,0.03771
1749266292,0.03732000,13546.00000000,0.03771
1749266292,0.03731000,268.00000000,0.03771
1749266292,0.03730000,13547.00000000,0.03771
1749266292,0.03729000,28465.00000000,0.03771
1749266292,0.03728000,335258.00000000,0.03771
1749266292,0.03727000,323688.00000000,0.03771
1749266292,0.03726000,23634.00000000,0.03771
1749266292,0.03725000,3723.00000000,0.03771
1749266292,0.03724000,133563.00000000,0.03771
1749266292,0.03723000,269.00000000,0.03771
1749266292,0.03722000,59704.00000000,0.03771
1749266292,0.03721000,2249.00000000,0.03771
1749266292,0.03720000,26959.00000000,0.03771
1749266292,0.03719000,15910.00000000,0.03771
1749266292,0.03718000,13991.00000000,0.03771
1749266292,0.03717000,270.00000000,0.03771
1749266292,0.03716000,13549.00000000,0.03771
1749266292,0.03715000,270.00000000,0.03771
1749266292,0.03714000,13549.00000000,0.03771
1749266292,0.03713000,270.00000000,0.03771
1749266292,0.03712000,13549.00000000,0.03771
1749266292,0.03711000,413.00000000,0.03771
1749266292,0.03710000,2258.00000000,0.03771
1749266292,0.03709000,712.00000000,0.03771
1749266292,0.03708000,813.00000000,0.03771
1749266292,0.03707000,268.00000000,0.03771
1749266292,0.03706000,613.00000000,0.03771
1749266292,0.03705000,1606.00000000,0.03771
1749266292,0.03704000,469.00000000,0.03771
1749266292,0.03703000,268.00000000,0.03771
1749266292,0.03702000,469.00000000,0.03771
1749266292,0.03701000,268.00000000,0.03771
1749266292,0.03700000,13240.00000000,0.03771
1749266292,0.03699000,457.00000000,0.03771
1749266292,0.03698000,16196.00000000,0.03771
1749266292,0.03697000,265.00000000,0.03771
1749266292,0.03696000,18217.00000000,0.03771
1749266292,0.03695000,1077.00000000,0.03771
1749266292,0.03694000,201.00000000,0.03771
1749266292,0.03692000,13430.00000000,0.03771
1749266292,0.03688000,1493.00000000,0.03771
1749266292,0.03686000,8138.00000000,0.03771
1749266292,0.03685000,143.00000000,0.03771
1749266292,0.03680000,2861.00000000,0.03771
1749266292,0.03678000,206.00000000,0.03771
1749266292,0.03668000,1406.00000000,0.03771
1749266292,0.03662000,145.00000000,0.03771
1749266292,0.03658000,3325.00000000,0.03771
1749266292,0.03656000,207.00000000,0.03771
1749266292,0.03655000,2842.00000000,0.03771
1749266292,0.03650000,2061.00000000,0.03771
1749266292,0.03647000,282354.00000000,0.03771
1749266292,0.03646000,87359.00000000,0.03771
1749266292,0.03644000,280347.00000000,0.03771
1749266292,0.03637000,81542.00000000,0.03771
1749266292,0.03634000,80601.00000000,0.03771
1749266292,0.03633000,165.00000000,0.03771
1749266292,0.03632000,143.00000000,0.03771
1749266292,0.03626000,366.00000000,0.03771
1749266292,0.03620000,807.00000000,0.03771
1749266292,0.03619000,215987.00000000,0.03771
1749266292,0.03618000,214664.00000000,0.03771
1749266594,0.03767000,12975.00000000,0.03768
1749266594,0.03766000,72632.00000000,0.03768
1749266594,0.03765000,85194.00000000,0.03768
1749266594,0.03764000,111337.00000000,0.03768
1749266594,0.03763000,70828.00000000,0.03768
1749266594,0.03762000,42078.00000000,0.03768
1749266594,0.03761000,86672.00000000,0.03768
1749266594,0.03760000,33238.00000000,0.03768
1749266594,0.03759000,47531.00000000,0.03768
1749266594,0.03758000,95743.00000000,0.03768
1749266594,0.03757000,124546.00000000,0.03768
1749266594,0.03756000,14693.00000000,0.03768
1749266594,0.03755000,35074.00000000,0.03768
1749266594,0.03754000,41910.00000000,0.03768
1749266594,0.03753000,133296.00000000,0.03768
1749266594,0.03752000,19314.00000000,0.03768
1749266594,0.03751000,18550.00000000,0.03768
1749266594,0.03750000,35592.00000000,0.03768
1749266594,0.03749000,34493.00000000,0.03768
1749266594,0.03748000,20294.00000000,0.03768
1749266594,0.03747000,11395.00000000,0.03768
1749266594,0.03746000,24137.00000000,0.03768
1749266594,0.03745000,7658.00000000,0.03768
1749266594,0.03744000,53766.00000000,0.03768
1749266594,0.03743000,118003.00000000,0.03768
1749266594,0.03742000,20296.00000000,0.03768
1749266594,0.03741000,11920.00000000,0.03768
1749266594,0.03740000,20440.00000000,0.03768
1749266594,0.03739000,17961.00000000,0.03768
1749266594,0.03738000,20229.00000000,0.03768
1749266594,0.03737000,7018.00000000,0.03768
1749266594,0.03736000,20297.00000000,0.03768
1749266594,0.03735000,11920.00000000,0.03768
1749266594,0.03734000,78718.00000000,0.03768
1749266594,0.03733000,54469.00000000,0.03768
1749266594,0.03732000,31951.00000000,0.03768
1749266594,0.03731000,11924.00000000,0.03768
1749266594,0.03730000,18456.00000000,0.03768
1749266594,0.03729000,28465.00000000,0.03768
1749266594,0.03728000,110499.00000000,0.03768
1749266594,0.03727000,6338.00000000,0.03768
1749266594,0.03726000,23634.00000000,0.03768
1749266594,0.03725000,3723.00000000,0.03768
1749266594,0.03724000,456341.00000000,0.03768
1749266594,0.03723000,269.00000000,0.03768
1749266594,0.03722000,59704.00000000,0.03768
1749266594,0.03721000,241142.00000000,0.03768
1749266594,0.03720000,26959.00000000,0.03768
1749266594,0.03719000,269.00000000,0.03768
1749266594,0.03718000,13991.00000000,0.03768
1749266594,0.03717000,270.00000000,0.03768
1749266594,0.03716000,13549.00000000,0.03768
1749266594,0.03715000,270.00000000,0.03768
1749266594,0.03714000,13549.00000000,0.03768
1749266594,0.03713000,270.00000000,0.03768
1749266594,0.03712000,13549.00000000,0.03768
1749266594,0.03711000,413.00000000,0.03768
1749266594,0.03710000,2258.00000000,0.03768
1749266594,0.03709000,16395.00000000,0.03768
1749266594,0.03708000,813.00000000,0.03768
1749266594,0.03707000,268.00000000,0.03768
1749266594,0.03706000,613.00000000,0.03768
1749266594,0.03705000,1606.00000000,0.03768
1749266594,0.03704000,469.00000000,0.03768
1749266594,0.03703000,268.00000000,0.03768
1749266594,0.03702000,469.00000000,0.03768
1749266594,0.03701000,268.00000000,0.03768
1749266594,0.03700000,13240.00000000,0.03768
1749266594,0.03699000,457.00000000,0.03768
1749266594,0.03698000,16196.00000000,0.03768
1749266594,0.03697000,265.00000000,0.03768
1749266594,0.03696000,18217.00000000,0.03768
1749266594,0.03695000,1077.00000000,0.03768
1749266594,0.03694000,467.00000000,0.03768
1749266594,0.03693000,266.00000000,0.03768
1749266594,0.03692000,13696.00000000,0.03768
1749266594,0.03688000,1493.00000000,0.03768
1749266594,0.03686000,8138.00000000,0.03768
1749266594,0.03685000,143.00000000,0.03768
1749266594,0.03680000,2861.00000000,0.03768
1749266594,0.03678000,206.00000000,0.03768
1749266594,0.03668000,1406.00000000,0.03768
1749266594,0.03662000,145.00000000,0.03768
1749266594,0.03658000,3325.00000000,0.03768
1749266594,0.03656000,207.00000000,0.03768
1749266594,0.03655000,2842.00000000,0.03768
1749266594,0.03650000,2061.00000000,0.03768
1749266594,0.03646000,87359.00000000,0.03768
1749266594,0.03644000,139.00000000,0.03768
1749266594,0.03642000,282878.00000000,0.03768
1749266594,0.03640000,280729.00000000,0.03768
1749266594,0.03637000,81542.00000000,0.03768
1749266594,0.03634000,80601.00000000,0.03768
1749266594,0.03633000,165.00000000,0.03768
1749266594,0.03632000,143.00000000,0.03768
1749266594,0.03626000,366.00000000,0.03768
1749266594,0.03620000,807.00000000,0.03768
1749266594,0.03619000,215987.00000000,0.03768
1749266594,0.03618000,214664.00000000,0.03768
1749266594,0.03615000,2608.00000000,0.03768
1749266895,0.03770000,7320.00000000,0.03771
1749266895,0.03769000,20484.00000000,0.03771
1749266895,0.03768000,65674.00000000,0.03771
1749266895,0.03767000,115241.00000000,0.03771
1749266895,0.03766000,227136.00000000,0.03771
1749266895,0.03765000,178201.00000000,0.03771
1749266895,0.03764000,84739.00000000,0.03771
1749266895,0.03763000,102935.00000000,0.03771
1749266895,0.03762000,98477.00000000,0.03771
1749266895,0.03761000,125826.00000000,0.03771
1749266895,0.03760000,16486.00000000,0.03771
1749266895,0.03759000,207401.00000000,0.03771
1749266895,0.03758000,16938.00000000,0.03771
1749266895,0.03757000,53114.00000000,0.03771
1749266895,0.03756000,14692.00000000,0.03771
1749266895,0.03755000,11311.00000000,0.03771
1749266895,0.03754000,53547.00000000,0.03771
1749266895,0.03753000,12531.00000000,0.03771
1749266895,0.03752000,29878.00000000,0.03771
1749266895,0.03751000,59338.00000000,0.03771
1749266895,0.03750000,47644.00000000,0.03771
1749266895,0.03749000,16362.00000000,0.03771
1749266895,0.03748000,20294.00000000,0.03771
1749266895,0.03747000,11399.00000000,0.03771
1749266895,0.03746000,120849.00000000,0.03771
1749266895,0.03745000,7658.00000000,0.03771
1749266895,0.03744000,20296.00000000,0.03771
1749266895,0.03743000,11011.00000000,0.03771
1749266895,0.03742000,20296.00000000,0.03771
1749266895,0.03741000,11923.00000000,0.03771
1749266895,0.03740000,20440.00000000,0.03771
1749266895,0.03739000,17964.00000000,0.03771
1749266895,0.03738000,35790.00000000,0.03771
1749266895,0.03737000,11923.00000000,0.03771
1749266895,0.03736000,20736.00000000,0.03771
1749266895,0.03735000,16859.00000000,0.03771
1749266895,0.03734000,71970.00000000,0.03771
1749266895,0.03733000,47719.00000000,0.03771
1749266895,0.03732000,13546.00000000,0.03771
1749266895,0.03731000,5173.00000000,0.03771
1749266895,0.03730000,13547.00000000,0.03771
1749266895,0.03729000,28465.00000000,0.03771
1749266895,0.03728000,337046.00000000,0.03771
1749266895,0.03727000,1423.00000000,0.03771
1749266895,0.03726000,345899.00000000,0.03771
1749266895,0.03725000,3723.00000000,0.03771
1749266895,0.03724000,133563.00000000,0.03771
1749266895,0.03723000,269.00000000,0.03771
1749266895,0.03722000,59704.00000000,0.03771
1749266895,0.03721000,269.00000000,0.03771
1749266895,0.03720000,26959.00000000,0.03771
1749266895,0.03719000,269.00000000,0.03771
1749266895,0.03718000,29636.00000000,0.03771
1749266895,0.03717000,270.00000000,0.03771
1749266895,0.03716000,13549.00000000,0.03771
1749266895,0.03715000,270.00000000,0.03771
1749266895,0.03714000,13549.00000000,0.03771
1749266895,0.03713000,270.00000000,0.03771
1749266895,0.03712000,13549.00000000,0.03771
1749266895,0.03711000,413.00000000,0.03771
1749266895,0.03710000,2258.00000000,0.03771
1749266895,0.03709000,712.00000000,0.03771
1749266895,0.03708000,813.00000000,0.03771
1749266895,0.03707000,268.00000000,0.03771
1749266895,0.03706000,613.00000000,0.03771
1749266895,0.03705000,1606.00000000,0.03771
1749266895,0.03704000,469.00000000,0.03771
1749266895,0.03703000,268.00000000,0.03771
1749266895,0.03702000,469.00000000,0.03771
1749266895,0.03701000,268.00000000,0.03771
1749266895,0.03700000,13240.00000000,0.03771
1749266895,0.03699000,457.00000000,0.03771
1749266895,0.03698000,16196.00000000,0.03771
1749266895,0.03697000,265.00000000,0.03771
1749266895,0.03696000,18379.00000000,0.03771
1749266895,0.03695000,1077.00000000,0.03771
1749266895,0.03694000,201.00000000,0.03771
1749266895,0.03692000,13491.00000000,0.03771
1749266895,0.03688000,1493.00000000,0.03771
1749266895,0.03686000,8138.00000000,0.03771
1749266895,0.03685000,143.00000000,0.03771
1749266895,0.03680000,2861.00000000,0.03771
1749266895,0.03678000,206.00000000,0.03771
1749266895,0.03668000,1406.00000000,0.03771
1749266895,0.03662000,145.00000000,0.03771
1749266895,0.03658000,3325.00000000,0.03771
1749266895,0.03656000,207.00000000,0.03771
1749266895,0.03655000,2842.00000000,0.03771
1749266895,0.03650000,2061.00000000,0.03771
1749266895,0.03647000,281922.00000000,0.03771
1749266895,0.03646000,87359.00000000,0.03771
1749266895,0.03644000,139.00000000,0.03771
1749266895,0.03642000,282878.00000000,0.03771
1749266895,0.03637000,81542.00000000,0.03771
1749266895,0.03634000,80601.00000000,0.03771
1749266895,0.03633000,165.00000000,0.03771
1749266895,0.03632000,143.00000000,0.03771
1749266895,0.03626000,366.00000000,0.03771
1749266895,0.03620000,1028.00000000,0.03771
1749266895,0.03619000,215987.00000000,0.03771
1749267197,0.03765000,9039.00000000,0.03765
1749267197,0.03764000,12749.00000000,0.03765
1749267197,0.03763000,36790.00000000,0.03765
1749267197,0.03762000,147859.00000000,0.03765
1749267197,0.03761000,153130.00000000,0.03765
1749267197,0.03760000,228304.00000000,0.03765
1749267197,0.03759000,183055.00000000,0.03765
1749267197,0.03758000,94394.00000000,0.03765
1749267197,0.03757000,80756.00000000,0.03765
1749267197,0.03756000,64166.00000000,0.03765
1749267197,0.03755000,111647.00000000,0.03765
1749267197,0.03754000,33179.00000000,0.03765
1749267197,0.03753000,80679.00000000,0.03765
1749267197,0.03752000,147701.00000000,0.03765
1749267197,0.03751000,26198.00000000,0.03765
1749267197,0.03750000,24241.00000000,0.03765
1749267197,0.03749000,11075.00000000,0.03765
1749267197,0.03748000,34899.00000000,0.03765
1749267197,0.03747000,16722.00000000,0.03765
1749267197,0.03746000,65484.00000000,0.03765
1749267197,0.03745000,16153.00000000,0.03765
1749267197,0.03744000,27198.00000000,0.03765
1749267197,0.03743000,16306.00000000,0.03765
1749267197,0.03742000,20296.00000000,0.03765
1749267197,0.03741000,11923.00000000,0.03765
1749267197,0.03740000,20440.00000000,0.03765
1749267197,0.03739000,11923.00000000,0.03765
1749267197,0.03738000,20229.00000000,0.03765
1749267197,0.03737000,18035.00000000,0.03765
1749267197,0.03736000,122626.00000000,0.03765
1749267197,0.03735000,11923.00000000,0.03765
1749267197,0.03734000,78720.00000000,0.03765
1749267197,0.03733000,54469.00000000,0.03765
1749267197,0.03732000,20296.00000000,0.03765
1749267197,0.03731000,11923.00000000,0.03765
1749267197,0.03730000,52456.00000000,0.03765
1749267197,0.03729000,28465.00000000,0.03765
1749267197,0.03728000,94896.00000000,0.03765
1749267197,0.03727000,6334.00000000,0.03765
1749267197,0.03726000,23634.00000000,0.03765
1749267197,0.03725000,3723.00000000,0.03765
1749267197,0.03724000,133563.00000000,0.03765
1749267197,0.03723000,323047.00000000,0.03765
1749267197,0.03722000,59704.00000000,0.03765
1749267197,0.03721000,242933.00000000,0.03765
1749267197,0.03720000,26959.00000000,0.03765
1749267197,0.03719000,269.00000000,0.03765
1749267197,0.03718000,13991.00000000,0.03765
1749267197,0.03717000,270.00000000,0.03765
1749267197,0.03716000,13549.00000000,0.03765
1749267197,0.03715000,270.00000000,0.03765
1749267197,0.03714000,13549.00000000,0.03765
1749267197,0.03713000,270.00000000,0.03765
1749267197,0.03712000,13549.00000000,0.03765
1749267197,0.03711000,413.00000000,0.03765
1749267197,0.03710000,2258.00000000,0.03765
1749267197,0.03709000,712.00000000,0.03765
1749267197,0.03708000,16500.00000000,0.03765
1749267197,0.03707000,268.00000000,0.03765
1749267197,0.03706000,613.00000000,0.03765
1749267197,0.03705000,1606.00000000,0.03765
1749267197,0.03704000,469.00000000,0.03765
1749267197,0.03703000,268.00000000,0.03765
1749267197,0.03702000,469.00000000,0.03765
1749267197,0.03701000,268.00000000,0.03765
1749267197,0.03700000,13240.00000000,0.03765
1749267197,0.03699000,457.00000000,0.03765
1749267197,0.03698000,16196.00000000,0.03765
1749267197,0.03697000,265.00000000,0.03765
1749267197,0.03696000,18379.00000000,0.03765
1749267197,0.03695000,1077.00000000,0.03765
1749267197,0.03694000,467.00000000,0.03765
1749267197,0.03693000,266.00000000,0.03765
1749267197,0.03692000,13710.00000000,0.03765
1749267197,0.03691000,266.00000000,0.03765
1749267197,0.03690000,266.00000000,0.03765
1749267197,0.03688000,1493.00000000,0.03765
1749267197,0.03686000,8138.00000000,0.03765
1749267197,0.03685000,143.00000000,0.03765
1749267197,0.03680000,2861.00000000,0.03765
1749267197,0.03678000,206.00000000,0.03765
1749267197,0.03668000,1406.00000000,0.03765
1749267197,0.03662000,145.00000000,0.03765
1749267197,0.03658000,3325.00000000,0.03765
1749267197,0.03656000,207.00000000,0.03765
1749267197,0.03655000,2842.00000000,0.03765
1749267197,0.03650000,2061.00000000,0.03765
1749267197,0.03646000,87359.00000000,0.03765
1749267197,0.03644000,139.00000000,0.03765
1749267197,0.03642000,565324.00000000,0.03765
1749267197,0.03637000,81542.00000000,0.03765
1749267197,0.03634000,80601.00000000,0.03765
1749267197,0.03633000,165.00000000,0.03765
1749267197,0.03632000,143.00000000,0.03765
1749267197,0.03626000,366.00000000,0.03765
1749267197,0.03620000,1028.00000000,0.03765
1749267197,0.03619000,215987.00000000,0.03765
1749267197,0.03618000,214664.00000000,0.03765
1749267197,0.03615000,2608.00000000,0.03765
1749267197,0.03613000,209.00000000,0.03765
1749267504,0.03769000,25326.00000000,0.03769
1749267504,0.03768000,24751.00000000,0.03769
1749267504,0.03767000,52737.00000000,0.03769
1749267504,0.03766000,105550.00000000,0.03769
1749267504,0.03765000,126988.00000000,0.03769
1749267504,0.03764000,107327.00000000,0.03769
1749267504,0.03763000,213354.00000000,0.03769
