timestamp,price,volume,current_price
1749258398,44.45000000,18.60200000,44.45
1749258398,44.44000000,80.90500000,44.45
1749258398,44.43000000,255.63300000,44.45
1749258398,44.42000000,147.78300000,44.45
1749258398,44.41000000,150.60200000,44.45
1749258398,44.40000000,121.13100000,44.45
1749258398,44.39000000,262.64600000,44.45
1749258398,44.38000000,181.33900000,44.45
1749258398,44.37000000,195.34300000,44.45
1749258398,44.36000000,232.27500000,44.45
1749258398,44.35000000,221.66700000,44.45
1749258398,44.34000000,121.24100000,44.45
1749258398,44.33000000,48.36700000,44.45
1749258398,44.32000000,13.96300000,44.45
1749258398,44.31000000,24.72300000,44.45
1749258398,44.30000000,47.36300000,44.45
1749258398,44.29000000,201.14200000,44.45
1749258398,44.28000000,28.25400000,44.45
1749258398,44.27000000,15.24600000,44.45
1749258398,44.26000000,12.67400000,44.45
1749258398,44.25000000,37.74900000,44.45
1749258398,44.24000000,17.88700000,44.45
1749258398,44.23000000,12.55600000,44.45
1749258398,44.22000000,23.75500000,44.45
1749258398,44.21000000,75.44300000,44.45
1749258398,44.20000000,35.57200000,44.45
1749258398,44.19000000,10.85900000,44.45
1749258398,44.18000000,25.57900000,44.45
1749258398,44.17000000,20.39000000,44.45
1749258398,44.16000000,166.42100000,44.45
1749258398,44.15000000,23.35500000,44.45
1749258398,44.14000000,10.12300000,44.45
1749258398,44.13000000,72.62000000,44.45
1749258398,44.12000000,23.18600000,44.45
1749258398,44.11000000,2.63900000,44.45
1749258398,44.10000000,14.35900000,44.45
1749258398,44.09000000,23.35500000,44.45
1749258398,44.08000000,2.47100000,44.45
1749258398,44.07000000,0.39300000,44.45
1749258398,44.06000000,12.37200000,44.45
1749258398,44.05000000,0.39300000,44.45
1749258398,44.04000000,2.92800000,44.45
1749258398,44.03000000,17.79100000,44.45
1749258398,44.02000000,101.76400000,44.45
1749258398,44.01000000,20.52900000,44.45
1749258398,44.00000000,33.35100000,44.45
1749258398,43.99000000,33.42400000,44.45
1749258398,43.98000000,13.28700000,44.45
1749258398,43.97000000,72.07200000,44.45
1749258398,43.96000000,0.22400000,44.45
1749258398,43.95000000,16.65700000,44.45
1749258398,43.94000000,0.22400000,44.45
1749258398,43.93000000,2.65600000,44.45
1749258398,43.92000000,2.48100000,44.45
1749258398,43.91000000,14.20300000,44.45
1749258398,43.90000000,3.38200000,44.45
1749258398,43.89000000,5.30600000,44.45
1749258398,43.88000000,54.75300000,44.45
1749258398,43.87000000,9.84500000,44.45
1749258398,43.86000000,2.48500000,44.45
1749258398,43.85000000,82.59400000,44.45
1749258398,43.84000000,0.89900000,44.45
1749258398,43.83000000,0.39500000,44.45
1749258398,43.82000000,0.22500000,44.45
1749258398,43.81000000,0.77000000,44.45
1749258398,43.80000000,0.22500000,44.45
1749258398,43.79000000,0.52600000,44.45
1749258398,43.78000000,0.22500000,44.45
1749258398,43.77000000,0.22500000,44.45
1749258398,43.76000000,3.61800000,44.45
1749258398,43.75000000,0.22500000,44.45
1749258398,43.74000000,0.22500000,44.45
1749258398,43.73000000,1.22600000,44.45
1749258398,43.72000000,0.22600000,44.45
1749258398,43.71000000,0.60500000,44.45
1749258398,43.70000000,0.86300000,44.45
1749258398,43.67000000,0.16500000,44.45
1749258398,43.66000000,0.33600000,44.45
1749258398,43.65000000,12.31800000,44.45
1749258398,43.63000000,40.84300000,44.45
1749258398,43.61000000,0.28000000,44.45
1749258398,43.59000000,0.81600000,44.45
1749258398,43.57000000,0.56900000,44.45
1749258398,43.56000000,0.26800000,44.45
1749258398,43.52000000,0.82500000,44.45
1749258398,43.50000000,130.10300000,44.45
1749258398,43.45000000,26.62700000,44.45
1749258398,43.44000000,10.35200000,44.45
1749258398,43.43000000,30.56200000,44.45
1749258398,43.40000000,0.18700000,44.45
1749258398,43.38000000,0.64900000,44.45
1749258398,43.36000000,2.30600000,44.45
1749258398,43.33000000,0.29500000,44.45
1749258398,43.32000000,63.75700000,44.45
1749258398,43.31000000,169.36800000,44.45
1749258398,43.30000000,1.47400000,44.45
1749258398,43.29000000,1.84800000,44.45
1749258398,43.26000000,2.97900000,44.45
1749258398,43.21000000,10.28400000,44.45
1749258398,43.20000000,5.00000000,44.45
1749258719,44.46000000,147.17100000,44.47
1749258719,44.45000000,57.11000000,44.47
1749258719,44.44000000,110.49100000,44.47
1749258719,44.43000000,124.23900000,44.47
1749258719,44.42000000,75.19700000,44.47
1749258719,44.41000000,208.15600000,44.47
1749258719,44.40000000,392.59900000,44.47
1749258719,44.39000000,110.57400000,44.47
1749258719,44.38000000,142.17300000,44.47
1749258719,44.37000000,129.67100000,44.47
1749258719,44.36000000,398.01100000,44.47
1749258719,44.35000000,63.81200000,44.47
1749258719,44.34000000,10.40900000,44.47
1749258719,44.33000000,15.70000000,44.47
1749258719,44.32000000,50.95000000,44.47
1749258719,44.31000000,27.72100000,44.47
1749258719,44.30000000,25.35000000,44.47
1749258719,44.29000000,108.77700000,44.47
1749258719,44.28000000,28.14900000,44.47
1749258719,44.27000000,23.02300000,44.47
1749258719,44.26000000,10.12600000,44.47
1749258719,44.25000000,37.18500000,44.47
1749258719,44.24000000,18.44900000,44.47
1749258719,44.23000000,111.75300000,44.47
1749258719,44.22000000,68.74900000,44.47
1749258719,44.21000000,24.28000000,44.47
1749258719,44.20000000,35.57200000,44.47
1749258719,44.19000000,14.70300000,44.47
1749258719,44.18000000,25.57900000,44.47
1749258719,44.17000000,10.85400000,44.47
1749258719,44.16000000,165.85900000,44.47
1749258719,44.15000000,23.35500000,44.47
1749258719,44.14000000,10.12300000,44.47
1749258719,44.13000000,72.62000000,44.47
1749258719,44.12000000,23.18600000,44.47
1749258719,44.11000000,2.63900000,44.47
1749258719,44.10000000,14.92100000,44.47
1749258719,44.09000000,15.62400000,44.47
1749258719,44.08000000,2.47100000,44.47
1749258719,44.07000000,0.39300000,44.47
1749258719,44.06000000,2.47200000,44.47
1749258719,44.05000000,9.78100000,44.47
1749258719,44.04000000,2.92800000,44.47
1749258719,44.03000000,6.28300000,44.47
1749258719,44.02000000,13.62800000,44.47
1749258719,44.01000000,80.89500000,44.47
1749258719,44.00000000,23.45100000,44.47
1749258719,43.99000000,2.64600000,44.47
1749258719,43.98000000,13.28700000,44.47
1749258719,43.97000000,72.07200000,44.47
1749258719,43.96000000,0.78600000,44.47
1749258719,43.95000000,16.65700000,44.47
1749258719,43.94000000,0.22400000,44.47
1749258719,43.93000000,2.65600000,44.47
1749258719,43.92000000,2.48100000,44.47
1749258719,43.91000000,14.20300000,44.47
1749258719,43.90000000,3.38200000,44.47
1749258719,43.89000000,1.54700000,44.47
1749258719,43.88000000,54.75300000,44.47
1749258719,43.87000000,37.77400000,44.47
1749258719,43.86000000,10.90500000,44.47
1749258719,43.85000000,78.49600000,44.47
1749258719,43.84000000,0.89900000,44.47
1749258719,43.83000000,0.39500000,44.47
1749258719,43.82000000,0.78700000,44.47
1749258719,43.81000000,0.77000000,44.47
1749258719,43.80000000,0.22500000,44.47
1749258719,43.79000000,0.52600000,44.47
1749258719,43.78000000,0.22500000,44.47
1749258719,43.77000000,0.22500000,44.47
1749258719,43.76000000,3.61800000,44.47
1749258719,43.75000000,0.78700000,44.47
1749258719,43.74000000,0.22500000,44.47
1749258719,43.73000000,1.22500000,44.47
1749258719,43.72000000,0.22500000,44.47
1749258719,43.71000000,0.60400000,44.47
1749258719,43.70000000,0.63700000,44.47
1749258719,43.67000000,0.16500000,44.47
1749258719,43.66000000,0.33600000,44.47
1749258719,43.65000000,12.31800000,44.47
1749258719,43.63000000,40.84300000,44.47
1749258719,43.61000000,0.28000000,44.47
1749258719,43.59000000,0.81600000,44.47
1749258719,43.57000000,0.56900000,44.47
1749258719,43.56000000,0.26800000,44.47
1749258719,43.53000000,22.49200000,44.47
1749258719,43.52000000,0.82500000,44.47
1749258719,43.50000000,107.59300000,44.47
1749258719,43.49000000,56.72300000,44.47
1749258719,43.45000000,0.38600000,44.47
1749258719,43.44000000,10.35200000,44.47
1749258719,43.40000000,0.18700000,44.47
1749258719,43.38000000,0.64900000,44.47
1749258719,43.36000000,2.30600000,44.47
1749258719,43.33000000,0.29500000,44.47
1749258719,43.32000000,63.89600000,44.47
1749258719,43.31000000,169.36800000,44.47
1749258719,43.30000000,1.47400000,44.47
1749258719,43.29000000,1.84800000,44.47
1749258719,43.26000000,2.97900000,44.47
1749259021,44.47000000,133.82200000,44.48
1749259021,44.46000000,55.44500000,44.48
1749259021,44.45000000,98.14900000,44.48
1749259021,44.44000000,149.67000000,44.48
1749259021,44.43000000,170.14000000,44.48
1749259021,44.42000000,223.18500000,44.48
1749259021,44.41000000,218.06000000,44.48
1749259021,44.40000000,332.78500000,44.48
1749259021,44.39000000,211.41700000,44.48
1749259021,44.38000000,214.77600000,44.48
1749259021,44.37000000,173.34900000,44.48
1749259021,44.36000000,80.32800000,44.48
1749259021,44.35000000,17.96200000,44.48
1749259021,44.34000000,14.73400000,44.48
1749259021,44.33000000,15.55000000,44.48
1749259021,44.32000000,12.38000000,44.48
1749259021,44.31000000,23.92100000,44.48
1749259021,44.30000000,114.31400000,44.48
1749259021,44.29000000,137.32300000,44.48
1749259021,44.28000000,104.07200000,44.48
1749259021,44.27000000,12.68400000,44.48
1749259021,44.26000000,55.64400000,44.48
1749259021,44.25000000,25.61700000,44.48
1749259021,44.24000000,10.68900000,44.48
1749259021,44.23000000,12.55600000,44.48
1749259021,44.22000000,23.19000000,44.48
1749259021,44.21000000,12.55600000,44.48
1749259021,44.20000000,36.32800000,44.48
1749259021,44.19000000,83.79800000,44.48
1749259021,44.18000000,25.57900000,44.48
1749259021,44.17000000,0.95400000,44.48
1749259021,44.16000000,4.01600000,44.48
1749259021,44.15000000,23.35500000,44.48
1749259021,44.14000000,0.22300000,44.48
1749259021,44.13000000,72.62000000,44.48
1749259021,44.12000000,23.18600000,44.48
1749259021,44.11000000,2.63900000,44.48
1749259021,44.10000000,93.01500000,44.48
1749259021,44.09000000,23.35500000,44.48
1749259021,44.08000000,2.47100000,44.48
1749259021,44.07000000,0.39300000,44.48
1749259021,44.06000000,12.37200000,44.48
1749259021,44.05000000,0.39300000,44.48
1749259021,44.04000000,2.92800000,44.48
1749259021,44.03000000,6.28300000,44.48
1749259021,44.02000000,13.62800000,44.48
1749259021,44.01000000,2.64100000,44.48
1749259021,44.00000000,23.45100000,44.48
1749259021,43.99000000,2.64600000,44.48
1749259021,43.98000000,13.28700000,44.48
1749259021,43.97000000,0.39400000,44.48
1749259021,43.96000000,3.71300000,44.48
1749259021,43.95000000,47.46300000,44.48
1749259021,43.94000000,0.22400000,44.48
1749259021,43.93000000,2.65600000,44.48
1749259021,43.92000000,5.86200000,44.48
1749259021,43.91000000,36.93700000,44.48
1749259021,43.90000000,13.38500000,44.48
1749259021,43.89000000,1.54700000,44.48
1749259021,43.88000000,54.75300000,44.48
1749259021,43.87000000,37.77400000,44.48
1749259021,43.86000000,2.48500000,44.48
1749259021,43.85000000,46.02700000,44.48
1749259021,43.84000000,0.89900000,44.48
1749259021,43.83000000,0.39500000,44.48
1749259021,43.82000000,0.78500000,44.48
1749259021,43.81000000,0.77000000,44.48
1749259021,43.80000000,0.22500000,44.48
1749259021,43.79000000,0.52600000,44.48
1749259021,43.78000000,0.22500000,44.48
1749259021,43.77000000,0.22500000,44.48
1749259021,43.76000000,0.22500000,44.48
1749259021,43.75000000,0.78600000,44.48
1749259021,43.74000000,0.22500000,44.48
1749259021,43.73000000,1.22500000,44.48
1749259021,43.72000000,0.22500000,44.48
1749259021,43.71000000,0.37900000,44.48
1749259021,43.70000000,0.63700000,44.48
1749259021,43.67000000,0.16500000,44.48
1749259021,43.66000000,0.33600000,44.48
1749259021,43.65000000,12.31800000,44.48
1749259021,43.63000000,40.84300000,44.48
1749259021,43.61000000,0.28000000,44.48
1749259021,43.59000000,0.81600000,44.48
1749259021,43.57000000,0.56900000,44.48
1749259021,43.56000000,10.59100000,44.48
1749259021,43.53000000,22.49200000,44.48
1749259021,43.52000000,0.82500000,44.48
1749259021,43.50000000,107.59300000,44.48
1749259021,43.49000000,56.72300000,44.48
1749259021,43.45000000,0.38600000,44.48
1749259021,43.40000000,0.18700000,44.48
1749259021,43.38000000,0.64900000,44.48
1749259021,43.36000000,2.30600000,44.48
1749259021,43.33000000,0.29500000,44.48
1749259021,43.32000000,67.54300000,44.48
1749259021,43.31000000,169.36800000,44.48
1749259021,43.30000000,1.47400000,44.48
1749259021,43.29000000,1.84800000,44.48
1749259021,43.26000000,2.97900000,44.48
