timestamp,price,volume,current_price
1749260782,44.08000000,21.90800000,44.08
1749260782,44.07000000,137.52000000,44.08
1749260782,44.06000000,67.10200000,44.08
1749260782,44.05000000,81.70000000,44.08
1749260782,44.04000000,102.78800000,44.08
1749260782,44.03000000,209.84000000,44.08
1749260782,44.02000000,333.09000000,44.08
1749260782,44.01000000,251.97500000,44.08
1749260782,44.00000000,337.10500000,44.08
1749260782,43.99000000,440.87100000,44.08
1749260782,43.98000000,154.38200000,44.08
1749260782,43.97000000,69.50500000,44.08
1749260782,43.96000000,79.37400000,44.08
1749260782,43.95000000,14.60900000,44.08
1749260782,43.94000000,31.36800000,44.08
1749260782,43.93000000,44.37600000,44.08
1749260782,43.92000000,15.61000000,44.08
1749260782,43.91000000,10.29400000,44.08
1749260782,43.90000000,69.29700000,44.08
1749260782,43.89000000,12.01500000,44.08
1749260782,43.88000000,25.87500000,44.08
1749260782,43.87000000,117.27500000,44.08
1749260782,43.86000000,15.38500000,44.08
1749260782,43.85000000,55.92700000,44.08
1749260782,43.84000000,89.58600000,44.08
1749260782,43.83000000,85.16100000,44.08
1749260782,43.82000000,2.48800000,44.08
1749260782,43.81000000,28.55200000,44.08
1749260782,43.80000000,88.45600000,44.08
1749260782,43.79000000,0.52600000,44.08
1749260782,43.78000000,0.22500000,44.08
1749260782,43.77000000,2.66300000,44.08
1749260782,43.76000000,12.39100000,44.08
1749260782,43.75000000,2.57800000,44.08
1749260782,43.74000000,23.18800000,44.08
1749260782,43.73000000,1.39500000,44.08
1749260782,43.72000000,72.33000000,44.08
1749260782,43.71000000,0.77400000,44.08
1749260782,43.70000000,0.86200000,44.08
1749260782,43.69000000,13.63100000,44.08
1749260782,43.68000000,69.67000000,44.08
1749260782,43.67000000,13.62500000,44.08
1749260782,43.66000000,0.56200000,44.08
1749260782,43.65000000,0.62700000,44.08
1749260782,43.64000000,0.22600000,44.08
1749260782,43.63000000,0.39700000,44.08
1749260782,43.62000000,0.97400000,44.08
1749260782,43.61000000,0.67700000,44.08
1749260782,43.60000000,13.51700000,44.08
1749260782,43.59000000,0.35400000,44.08
1749260782,43.58000000,2.51600000,44.08
1749260782,43.57000000,14.18500000,44.08
1749260782,43.56000000,54.99100000,44.08
1749260782,43.55000000,0.22600000,44.08
1749260782,43.54000000,0.22600000,44.08
1749260782,43.53000000,16.24500000,44.08
1749260782,43.52000000,1.05100000,44.08
1749260782,43.51000000,1.83200000,44.08
1749260782,43.50000000,139.16100000,44.08
1749260782,43.49000000,0.22600000,44.08
1749260782,43.48000000,0.22700000,44.08
1749260782,43.47000000,0.22700000,44.08
1749260782,43.46000000,13.29000000,44.08
1749260782,43.45000000,0.61300000,44.08
1749260782,43.44000000,91.36400000,44.08
1749260782,43.43000000,13.29000000,44.08
1749260782,43.42000000,32.52000000,44.08
1749260782,43.41000000,0.22700000,44.08
1749260782,43.40000000,0.41400000,44.08
1749260782,43.39000000,0.22700000,44.08
1749260782,43.38000000,4.29900000,44.08
1749260782,43.37000000,0.22700000,44.08
1749260782,43.36000000,2.53300000,44.08
1749260782,43.35000000,0.22700000,44.08
1749260782,43.34000000,0.22700000,44.08
1749260782,43.33000000,0.52200000,44.08
1749260782,43.32000000,44.00900000,44.08
1749260782,43.31000000,181.55000000,44.08
1749260782,43.30000000,1.47400000,44.08
1749260782,43.29000000,7.39100000,44.08
1749260782,43.26000000,41.19200000,44.08
1749260782,43.24000000,32.00500000,44.08
1749260782,43.23000000,2.30900000,44.08
1749260782,43.21000000,20.69100000,44.08
1749260782,43.20000000,5.00000000,44.08
1749260782,43.18000000,23.39400000,44.08
1749260782,43.17000000,27.05400000,44.08
1749260782,43.16000000,0.57400000,44.08
1749260782,43.15000000,30.71200000,44.08
1749260782,43.14000000,0.23200000,44.08
1749260782,43.12000000,0.36600000,44.08
1749260782,43.10000000,10.25500000,44.08
1749260782,43.09000000,87.89900000,44.08
1749260782,43.08000000,260.11100000,44.08
1749260782,43.07000000,26.44600000,44.08
1749260782,43.06000000,0.67400000,44.08
1749260782,43.05000000,0.20000000,44.08
1749260782,43.02000000,103.63900000,44.08
1749260782,43.00000000,373.24600000,44.08
1749260782,42.96000000,0.51400000,44.08
1749261103,44.12000000,10.46400000,44.12
1749261103,44.11000000,151.29400000,44.12
1749261103,44.10000000,61.21000000,44.12
1749261103,44.09000000,77.55900000,44.12
1749261103,44.08000000,106.79300000,44.12
1749261103,44.07000000,203.14500000,44.12
1749261103,44.06000000,387.84500000,44.12
1749261103,44.05000000,382.95300000,44.12
1749261103,44.04000000,422.63900000,44.12
1749261103,44.03000000,259.32300000,44.12
1749261103,44.02000000,185.19500000,44.12
1749261103,44.01000000,57.71300000,44.12
1749261103,44.00000000,28.29000000,44.12
1749261103,43.99000000,27.20300000,44.12
1749261103,43.98000000,19.76500000,44.12
1749261103,43.97000000,15.14500000,44.12
1749261103,43.96000000,79.37400000,44.12
1749261103,43.95000000,15.54900000,44.12
1749261103,43.94000000,20.02800000,44.12
1749261103,43.93000000,144.45300000,44.12
1749261103,43.92000000,15.16700000,44.12
1749261103,43.91000000,27.82600000,44.12
1749261103,43.90000000,59.17200000,44.12
1749261103,43.89000000,10.88500000,44.12
1749261103,43.88000000,25.87500000,44.12
1749261103,43.87000000,16.81200000,44.12
1749261103,43.86000000,12.38500000,44.12
1749261103,43.85000000,10.29500000,44.12
1749261103,43.84000000,26.12400000,44.12
1749261103,43.83000000,90.16400000,44.12
1749261103,43.82000000,2.48800000,44.12
1749261103,43.81000000,23.73300000,44.12
1749261103,43.80000000,134.14000000,44.12
1749261103,43.79000000,0.52600000,44.12
1749261103,43.78000000,0.22500000,44.12
1749261103,43.77000000,2.66300000,44.12
1749261103,43.76000000,2.49100000,44.12
1749261103,43.75000000,2.85300000,44.12
1749261103,43.74000000,13.28800000,44.12
1749261103,43.73000000,1.39500000,44.12
1749261103,43.72000000,72.33000000,44.12
1749261103,43.71000000,0.77400000,44.12
1749261103,43.70000000,0.86200000,44.12
1749261103,43.69000000,2.66400000,44.12
1749261103,43.68000000,60.92400000,44.12
1749261103,43.67000000,13.62500000,44.12
1749261103,43.66000000,0.56200000,44.12
1749261103,43.65000000,0.62700000,44.12
1749261103,43.64000000,23.00400000,44.12
1749261103,43.63000000,0.39700000,44.12
1749261103,43.62000000,3.92400000,44.12
1749261103,43.61000000,0.67700000,44.12
1749261103,43.60000000,13.28900000,44.12
1749261103,43.59000000,0.35400000,44.12
1749261103,43.58000000,0.22600000,44.12
1749261103,43.57000000,14.18500000,44.12
1749261103,43.56000000,56.59500000,44.12
1749261103,43.55000000,2.97600000,44.12
1749261103,43.54000000,0.22600000,44.12
1749261103,43.53000000,13.28900000,44.12
1749261103,43.52000000,32.16100000,44.12
1749261103,43.51000000,0.22600000,44.12
1749261103,43.50000000,107.81900000,44.12
1749261103,43.49000000,0.22600000,44.12
1749261103,43.48000000,0.22700000,44.12
1749261103,43.47000000,0.22700000,44.12
1749261103,43.46000000,13.29000000,44.12
1749261103,43.45000000,0.61300000,44.12
1749261103,43.44000000,0.22700000,44.12
1749261103,43.43000000,13.29000000,44.12
1749261103,43.42000000,12.37900000,44.12
1749261103,43.41000000,0.22700000,44.12
1749261103,43.40000000,0.41400000,44.12
1749261103,43.39000000,0.22700000,44.12
1749261103,43.38000000,4.29900000,44.12
1749261103,43.37000000,0.22700000,44.12
1749261103,43.36000000,2.30600000,44.12
1749261103,43.33000000,0.29500000,44.12
1749261103,43.32000000,72.48000000,44.12
1749261103,43.31000000,169.80600000,44.12
1749261103,43.30000000,2.04600000,44.12
1749261103,43.29000000,1.84800000,44.12
1749261103,43.26000000,41.19200000,44.12
1749261103,43.25000000,31.30500000,44.12
1749261103,43.24000000,0.69300000,44.12
1749261103,43.21000000,20.69100000,44.12
1749261103,43.20000000,28.25500000,44.12
1749261103,43.18000000,0.13900000,44.12
1749261103,43.17000000,27.05400000,44.12
1749261103,43.15000000,30.71200000,44.12
1749261103,43.14000000,0.23200000,44.12
1749261103,43.12000000,0.36600000,44.12
1749261103,43.10000000,10.25500000,44.12
1749261103,43.09000000,87.89900000,44.12
1749261103,43.08000000,260.11100000,44.12
1749261103,43.07000000,26.44600000,44.12
1749261103,43.06000000,0.67400000,44.12
1749261103,43.05000000,0.20000000,44.12
1749261103,43.02000000,103.63900000,44.12
1749261103,43.00000000,280.03400000,44.12
1749261416,44.23000000,13.23100000,44.24
1749261416,44.22000000,30.39900000,44.24
1749261416,44.21000000,136.76800000,44.24
1749261416,44.20000000,246.14500000,44.24
1749261416,44.19000000,306.24300000,44.24
1749261416,44.18000000,221.85000000,44.24
1749261416,44.17000000,99.57300000,44.24
1749261416,44.16000000,286.33500000,44.24
1749261416,44.15000000,316.05600000,44.24
1749261416,44.14000000,175.26100000,44.24
1749261416,44.13000000,14.61500000,44.24
1749261416,44.12000000,29.49800000,44.24
1749261416,44.11000000,23.53000000,44.24
1749261416,44.10000000,15.07300000,44.24
1749261416,44.09000000,66.48500000,44.24
1749261416,44.08000000,27.88300000,44.24
1749261416,44.07000000,17.19300000,44.24
1749261416,44.06000000,13.99700000,44.24
1749261416,44.05000000,54.69800000,44.24
1749261416,44.04000000,17.20800000,44.24
1749261416,44.03000000,36.11900000,44.24
1749261416,44.02000000,49.42500000,44.24
1749261416,44.01000000,12.56000000,44.24
1749261416,44.00000000,128.13100000,44.24
1749261416,43.99000000,71.41800000,44.24
1749261416,43.98000000,27.60800000,44.24
1749261416,43.97000000,10.29400000,44.24
1749261416,43.96000000,25.44800000,44.24
1749261416,43.95000000,84.96600000,44.24
1749261416,43.94000000,12.52200000,44.24
1749261416,43.93000000,31.42900000,44.24
1749261416,43.92000000,4.13100000,44.24
1749261416,43.91000000,10.29400000,44.24
1749261416,43.90000000,89.18200000,44.24
1749261416,43.89000000,3.24600000,44.24
1749261416,43.88000000,23.61600000,44.24
1749261416,43.87000000,19.07300000,44.24
1749261416,43.86000000,70.57500000,44.24
1749261416,43.85000000,4.83700000,44.24
1749261416,43.84000000,23.86200000,44.24
1749261416,43.83000000,54.56800000,44.24
1749261416,43.82000000,0.22500000,44.24
1749261416,43.81000000,13.83300000,44.24
1749261416,43.80000000,45.90900000,44.24
1749261416,43.79000000,0.52600000,44.24
1749261416,43.78000000,0.22500000,44.24
1749261416,43.77000000,0.39500000,44.24
1749261416,43.76000000,0.22500000,44.24
1749261416,43.75000000,0.67000000,44.24
1749261416,43.74000000,13.28800000,44.24
1749261416,43.73000000,1.39500000,44.24
1749261416,43.72000000,72.45600000,44.24
1749261416,43.71000000,3.71800000,44.24
1749261416,43.70000000,15.18900000,44.24
1749261416,43.69000000,0.39600000,44.24
1749261416,43.68000000,0.22500000,44.24
1749261416,43.67000000,13.62500000,44.24
1749261416,43.66000000,0.56200000,44.24
1749261416,43.65000000,0.62700000,44.24
1749261416,43.64000000,23.00400000,44.24
1749261416,43.63000000,0.39700000,44.24
1749261416,43.62000000,11.04200000,44.24
1749261416,43.61000000,1.82100000,44.24
1749261416,43.60000000,13.28900000,44.24
1749261416,43.59000000,0.35400000,44.24
1749261416,43.58000000,0.22600000,44.24
1749261416,43.57000000,0.22600000,44.24
1749261416,43.56000000,0.49400000,44.24
1749261416,43.55000000,3.63500000,44.24
1749261416,43.54000000,0.22600000,44.24
1749261416,43.53000000,13.28900000,44.24
1749261416,43.52000000,32.16100000,44.24
1749261416,43.51000000,0.22600000,44.24
1749261416,43.50000000,107.81900000,44.24
1749261416,43.49000000,0.22600000,44.24
1749261416,43.48000000,5.74500000,44.24
1749261416,43.46000000,54.06600000,44.24
1749261416,43.45000000,0.38600000,44.24
1749261416,43.42000000,12.15200000,44.24
1749261416,43.40000000,0.18700000,44.24
1749261416,43.38000000,0.64900000,44.24
1749261416,43.36000000,2.30600000,44.24
1749261416,43.33000000,0.29500000,44.24
1749261416,43.32000000,81.96300000,44.24
1749261416,43.31000000,169.36800000,44.24
1749261416,43.30000000,2.04600000,44.24
1749261416,43.29000000,1.84800000,44.24
1749261416,43.25000000,31.30500000,44.24
1749261416,43.24000000,0.69300000,44.24
1749261416,43.23000000,23.26000000,44.24
1749261416,43.22000000,27.06600000,44.24
1749261416,43.21000000,10.72200000,44.24
1749261416,43.20000000,5.00000000,44.24
1749261416,43.18000000,30.84400000,44.24
1749261416,43.14000000,0.23200000,44.24
1749261416,43.12000000,0.36600000,44.24
1749261416,43.10000000,10.25500000,44.24
1749261416,43.09000000,89.02000000,44.24
1749261416,43.08000000,260.11100000,44.24
1749261416,43.07000000,26.44600000,44.24
1749261732,44.08000000,143.73800000,44.08
1749261732,44.07000000,38.27300000,44.08
1749261732,44.06000000,78.10400000,44.08
1749261732,44.05000000,61.62700000,44.08
1749261732,44.04000000,133.96200000,44.08
1749261732,44.03000000,162.30800000,44.08
1749261732,44.02000000,249.89600000,44.08
1749261732,44.01000000,250.06900000,44.08
1749261732,44.00000000,223.49900000,44.08
1749261732,43.99000000,189.26300000,44.08
1749261732,43.98000000,229.93000000,44.08
1749261732,43.97000000,109.12700000,44.08
1749261732,43.96000000,81.46400000,44.08
1749261732,43.95000000,12.18300000,44.08
1749261732,43.94000000,12.52200000,44.08
1749261732,43.93000000,23.35700000,44.08
1749261732,43.92000000,117.29400000,44.08
1749261732,43.91000000,10.29400000,44.08
1749261732,43.90000000,17.80800000,44.08
1749261732,43.89000000,13.14600000,44.08
1749261732,43.88000000,69.52800000,44.08
1749261732,43.87000000,29.04800000,44.08
1749261732,43.86000000,21.92000000,44.08
1749261732,43.85000000,4.83700000,44.08
1749261732,43.84000000,100.98200000,44.08
1749261732,43.83000000,0.39500000,44.08
1749261732,43.82000000,2.48600000,44.08
1749261732,43.81000000,23.73300000,44.08
1749261732,43.80000000,134.14700000,44.08
1749261732,43.79000000,0.52600000,44.08
1749261732,43.78000000,0.22500000,44.08
1749261732,43.77000000,0.39500000,44.08
1749261732,43.76000000,0.22500000,44.08
1749261732,43.75000000,73.43600000,44.08
1749261732,43.74000000,23.18800000,44.08
1749261732,43.73000000,3.66200000,44.08
1749261732,43.72000000,82.23000000,44.08
1749261732,43.71000000,3.04100000,44.08
1749261732,43.70000000,10.76200000,44.08
1749261732,43.69000000,0.39600000,44.08
1749261732,43.68000000,0.22500000,44.08
1749261732,43.67000000,23.52500000,44.08
1749261732,43.66000000,0.56200000,44.08
1749261732,43.65000000,55.02300000,44.08
1749261732,43.64000000,23.00400000,44.08
1749261732,43.63000000,0.39700000,44.08
1749261732,43.62000000,0.97400000,44.08
1749261732,43.61000000,3.62800000,44.08
1749261732,43.60000000,13.28900000,44.08
1749261732,43.59000000,0.35400000,44.08
1749261732,43.58000000,18.56900000,44.08
1749261732,43.57000000,5.95300000,44.08
1749261732,43.56000000,0.49400000,44.08
1749261732,43.55000000,3.63500000,44.08
1749261732,43.54000000,0.22600000,44.08
1749261732,43.53000000,13.28900000,44.08
1749261732,43.52000000,32.16100000,44.08
1749261732,43.51000000,0.22600000,44.08
1749261732,43.50000000,107.81900000,44.08
1749261732,43.49000000,0.22600000,44.08
1749261732,43.48000000,0.22700000,44.08
1749261732,43.47000000,0.22700000,44.08
1749261732,43.46000000,41.23000000,44.08
1749261732,43.45000000,0.61300000,44.08
1749261732,43.44000000,0.22700000,44.08
1749261732,43.43000000,0.22700000,44.08
1749261732,43.42000000,14.21800000,44.08
1749261732,43.41000000,0.22700000,44.08
1749261732,43.40000000,0.41400000,44.08
1749261732,43.39000000,0.22700000,44.08
1749261732,43.38000000,0.87600000,44.08
1749261732,43.37000000,0.22700000,44.08
1749261732,43.36000000,2.53300000,44.08
1749261732,43.35000000,0.22700000,44.08
1749261732,43.34000000,0.22700000,44.08
1749261732,43.33000000,0.52200000,44.08
1749261732,43.32000000,36.68100000,44.08
1749261732,43.31000000,169.36800000,44.08
1749261732,43.30000000,2.04600000,44.08
1749261732,43.29000000,33.12400000,44.08
1749261732,43.27000000,30.65500000,44.08
1749261732,43.25000000,54.45500000,44.08
1749261732,43.24000000,0.69300000,44.08
1749261732,43.22000000,27.06600000,44.08
1749261732,43.21000000,20.69100000,44.08
1749261732,43.20000000,5.00000000,44.08
1749261732,43.18000000,0.13900000,44.08
1749261732,43.14000000,0.23200000,44.08
1749261732,43.12000000,0.36600000,44.08
1749261732,43.10000000,10.25500000,44.08
1749261732,43.09000000,90.87900000,44.08
1749261732,43.08000000,260.11100000,44.08
1749261732,43.07000000,26.44600000,44.08
1749261732,43.06000000,0.67400000,44.08
1749261732,43.05000000,0.20000000,44.08
1749261732,43.02000000,103.63900000,44.08
1749261732,43.00000000,280.03400000,44.08
1749261732,42.96000000,0.51400000,44.08
1749261732,42.90000000,0.25000000,44.08
1749261732,42.87000000,0.13100000,44.08
1749262039,44.15000000,9.90000000,44.16
1749262039,44.14000000,30.44900000,44.16
1749262039,44.13000000,117.61800000,44.16
1749262039,44.12000000,387.59900000,44.16
1749262039,44.11000000,141.04500000,44.16
1749262039,44.10000000,197.91500000,44.16
1749262039,44.09000000,299.17900000,44.16
1749262039,44.08000000,294.93200000,44.16
1749262039,44.07000000,206.73200000,44.16
1749262039,44.06000000,256.33900000,44.16
1749262039,44.05000000,127.44500000,44.16
1749262039,44.04000000,57.03700000,44.16
1749262039,44.03000000,84.76700000,44.16
1749262039,44.02000000,23.99100000,44.16
1749262039,44.01000000,14.61600000,44.16
1749262039,44.00000000,45.82700000,44.16
1749262039,43.99000000,30.44500000,44.16
1749262039,43.98000000,12.01000000,44.16
1749262039,43.97000000,29.59100000,44.16
1749262039,43.96000000,91.50200000,44.16
1749262039,43.95000000,114.99800000,44.16
1749262039,43.94000000,12.52200000,44.16
1749262039,43.93000000,26.35700000,44.16
1749262039,43.92000000,18.54200000,44.16
1749262039,43.91000000,46.27500000,44.16
1749262039,43.90000000,11.02300000,44.16
1749262039,43.89000000,99.70500000,44.16
1749262039,43.88000000,23.61600000,44.16
1749262039,43.87000000,19.07300000,44.16
1749262039,43.86000000,0.22500000,44.16
1749262039,43.85000000,4.83700000,44.16
1749262039,43.84000000,26.12300000,44.16
1749262039,43.83000000,4.38400000,44.16
1749262039,43.82000000,90.69300000,44.16
1749262039,43.81000000,23.73300000,44.16
1749262039,43.80000000,116.34200000,44.16
1749262039,43.79000000,0.52600000,44.16
1749262039,43.78000000,0.22500000,44.16
1749262039,43.77000000,0.39500000,44.16
1749262039,43.76000000,0.22500000,44.16
1749262039,43.75000000,2.93400000,44.16
1749262039,43.74000000,23.18800000,44.16
1749262039,43.73000000,3.66200000,44.16
1749262039,43.72000000,72.33000000,44.16
1749262039,43.71000000,3.04100000,44.16
1749262039,43.70000000,14.88900000,44.16
1749262039,43.69000000,0.39600000,44.16
1749262039,43.68000000,0.22500000,44.16
1749262039,43.67000000,13.62500000,44.16
1749262039,43.66000000,0.68800000,44.16
1749262039,43.65000000,55.02300000,44.16
1749262039,43.64000000,23.00400000,44.16
1749262039,43.63000000,0.39700000,44.16
1749262039,43.62000000,0.97400000,44.16
1749262039,43.61000000,3.62800000,44.16
1749262039,43.60000000,16.03600000,44.16
1749262039,43.59000000,0.35400000,44.16
1749262039,43.58000000,1.82900000,44.16
1749262039,43.57000000,5.95300000,44.16
1749262039,43.56000000,0.49400000,44.16
1749262039,43.55000000,4.78100000,44.16
1749262039,43.54000000,0.22600000,44.16
1749262039,43.53000000,13.28900000,44.16
1749262039,43.52000000,1.05100000,44.16
1749262039,43.51000000,0.22600000,44.16
1749262039,43.50000000,107.81900000,44.16
1749262039,43.49000000,0.22600000,44.16
1749262039,43.48000000,0.22600000,44.16
1749262039,43.47000000,0.22600000,44.16
1749262039,43.46000000,31.37900000,44.16
1749262039,43.45000000,0.61300000,44.16
1749262039,43.44000000,41.24900000,44.16
1749262039,43.43000000,0.22700000,44.16
1749262039,43.42000000,12.37900000,44.16
1749262039,43.41000000,2.06600000,44.16
1749262039,43.40000000,0.41400000,44.16
1749262039,43.38000000,0.64900000,44.16
1749262039,43.37000000,5.53200000,44.16
1749262039,43.36000000,2.30600000,44.16
1749262039,43.33000000,0.29500000,44.16
1749262039,43.32000000,36.54200000,44.16
1749262039,43.31000000,169.36800000,44.16
1749262039,43.30000000,2.04600000,44.16
1749262039,43.29000000,1.84800000,44.16
1749262039,43.26000000,31.29700000,44.16
1749262039,43.25000000,85.10600000,44.16
1749262039,43.24000000,0.69300000,44.16
1749262039,43.22000000,10.40500000,44.16
1749262039,43.21000000,10.28400000,44.16
1749262039,43.20000000,5.00000000,44.16
1749262039,43.18000000,0.13900000,44.16
1749262039,43.17000000,26.96100000,44.16
1749262039,43.14000000,0.23200000,44.16
1749262039,43.12000000,0.36600000,44.16
1749262039,43.10000000,10.25500000,44.16
1749262039,43.09000000,90.87900000,44.16
1749262039,43.07000000,26.44600000,44.16
1749262039,43.06000000,0.67400000,44.16
1749262039,43.05000000,0.20000000,44.16
1749262039,43.02000000,103.63900000,44.16
1749262341,44.20000000,13.98100000,44.21
1749262341,44.19000000,56.37200000,44.21
1749262341,44.18000000,172.18400000,44.21
1749262341,44.17000000,77.09000000,44.21
1749262341,44.16000000,195.09200000,44.21
1749262341,44.15000000,390.06300000,44.21
1749262341,44.14000000,237.86700000,44.21
1749262341,44.13000000,128.27300000,44.21
1749262341,44.12000000,350.00300000,44.21
1749262341,44.11000000,298.60000000,44.21
1749262341,44.10000000,229.41700000,44.21
1749262341,44.09000000,172.03900000,44.21
1749262341,44.08000000,65.46800000,44.21
1749262341,44.07000000,53.59400000,44.21
1749262341,44.06000000,15.34800000,44.21
1749262341,44.05000000,31.56600000,44.21
1749262341,44.04000000,14.45200000,44.21
1749262341,44.03000000,66.61600000,44.21
1749262341,44.02000000,27.88900000,44.21
1749262341,44.01000000,15.73000000,44.21
1749262341,44.00000000,44.25300000,44.21
1749262341,43.99000000,136.08900000,44.21
1749262341,43.98000000,17.40700000,44.21
1749262341,43.97000000,63.97800000,44.21
1749262341,43.96000000,34.35700000,44.21
1749262341,43.95000000,88.37800000,44.21
1749262341,43.94000000,12.52200000,44.21
1749262341,43.93000000,23.35700000,44.21
1749262341,43.92000000,86.18100000,44.21
1749262341,43.91000000,0.39400000,44.21
1749262341,43.90000000,1.12300000,44.21
1749262341,43.89000000,87.92000000,44.21
1749262341,43.88000000,13.71600000,44.21
1749262341,43.87000000,9.17300000,44.21
1749262341,43.86000000,0.22500000,44.21
1749262341,43.85000000,4.83700000,44.21
1749262341,43.84000000,16.22300000,44.21
1749262341,43.83000000,0.39500000,44.21
1749262341,43.82000000,2.48600000,44.21
1749262341,43.81000000,13.83300000,44.21
1749262341,43.80000000,45.90900000,44.21
1749262341,43.79000000,0.52600000,44.21
1749262341,43.78000000,0.22500000,44.21
1749262341,43.77000000,0.39500000,44.21
1749262341,43.76000000,0.22500000,44.21
1749262341,43.75000000,2.93400000,44.21
1749262341,43.74000000,13.28800000,44.21
1749262341,43.73000000,3.66200000,44.21
1749262341,43.72000000,72.33000000,44.21
1749262341,43.71000000,3.04100000,44.21
1749262341,43.70000000,0.86200000,44.21
1749262341,43.69000000,0.39600000,44.21
1749262341,43.68000000,0.22500000,44.21
1749262341,43.67000000,27.79700000,44.21
1749262341,43.66000000,0.56200000,44.21
1749262341,43.65000000,55.02300000,44.21
1749262341,43.64000000,23.00400000,44.21
1749262341,43.63000000,10.46200000,44.21
1749262341,43.62000000,0.97400000,44.21
1749262341,43.61000000,3.62800000,44.21
1749262341,43.60000000,13.28900000,44.21
1749262341,43.59000000,0.35400000,44.21
1749262341,43.58000000,0.22600000,44.21
1749262341,43.57000000,0.22600000,44.21
1749262341,43.56000000,0.49400000,44.21
1749262341,43.55000000,34.72400000,44.21
1749262341,43.54000000,0.22600000,44.21
1749262341,43.53000000,13.28900000,44.21
1749262341,43.52000000,1.05100000,44.21
1749262341,43.51000000,0.22600000,44.21
1749262341,43.50000000,107.81900000,44.21
1749262341,43.49000000,0.22600000,44.21
1749262341,43.48000000,0.22600000,44.21
1749262341,43.47000000,0.22600000,44.21
1749262341,43.46000000,0.22600000,44.21
1749262341,43.45000000,0.61300000,44.21
1749262341,43.44000000,41.02200000,44.21
1749262341,43.42000000,12.15200000,44.21
1749262341,43.40000000,0.18700000,44.21
1749262341,43.38000000,0.64900000,44.21
1749262341,43.37000000,36.75000000,44.21
1749262341,43.36000000,2.30600000,44.21
1749262341,43.33000000,0.29500000,44.21
1749262341,43.32000000,36.54200000,44.21
1749262341,43.31000000,169.36800000,44.21
1749262341,43.30000000,2.04600000,44.21
1749262341,43.29000000,1.84800000,44.21
1749262341,43.26000000,23.09700000,44.21
1749262341,43.25000000,61.95600000,44.21
1749262341,43.24000000,0.69300000,44.21
1749262341,43.22000000,10.40500000,44.21
1749262341,43.21000000,10.28400000,44.21
1749262341,43.20000000,5.00000000,44.21
1749262341,43.18000000,0.13900000,44.21
1749262341,43.17000000,26.96100000,44.21
1749262341,43.14000000,0.23200000,44.21
1749262341,43.12000000,0.36600000,44.21
1749262341,43.10000000,10.25500000,44.21
1749262341,43.09000000,90.87900000,44.21
1749262341,43.07000000,26.44600000,44.21
1749262642,44.02000000,10.47700000,44.04
1749262642,44.01000000,30.38100000,44.04
1749262642,44.00000000,88.36900000,44.04
1749262642,43.99000000,177.82900000,44.04
1749262642,43.98000000,251.50900000,44.04
1749262642,43.97000000,77.09100000,44.04
1749262642,43.96000000,158.68700000,44.04
1749262642,43.95000000,282.29600000,44.04
1749262642,43.94000000,431.46500000,44.04
1749262642,43.93000000,119.20600000,44.04
1749262642,43.92000000,289.70100000,44.04
1749262642,43.91000000,155.59100000,44.04
1749262642,43.90000000,69.08100000,44.04
1749262642,43.89000000,15.03800000,44.04
1749262642,43.88000000,24.24600000,44.04
1749262642,43.87000000,19.07300000,44.04
1749262642,43.86000000,10.12500000,44.04
1749262642,43.85000000,15.55600000,44.04
1749262642,43.84000000,27.25200000,44.04
1749262642,43.83000000,18.18000000,44.04
1749262642,43.82000000,24.20300000,44.04
1749262642,43.81000000,38.30900000,44.04
1749262642,43.80000000,93.27200000,44.04
1749262642,43.79000000,88.79500000,44.04
1749262642,43.78000000,46.24200000,44.04
1749262642,43.77000000,2.65800000,44.04
1749262642,43.76000000,0.22500000,44.04
1749262642,43.75000000,2.93400000,44.04
1749262642,43.74000000,148.94000000,44.04
1749262642,43.73000000,3.66200000,44.04
1749262642,43.72000000,72.33000000,44.04
1749262642,43.71000000,3.04100000,44.04
1749262642,43.70000000,0.86200000,44.04
1749262642,43.69000000,0.39600000,44.04
1749262642,43.68000000,2.49400000,44.04
1749262642,43.67000000,13.62500000,44.04
1749262642,43.66000000,0.56200000,44.04
1749262642,43.65000000,55.02300000,44.04
1749262642,43.64000000,23.00400000,44.04
1749262642,43.63000000,0.39700000,44.04
1749262642,43.62000000,6.65900000,44.04
1749262642,43.61000000,0.67700000,44.04
1749262642,43.60000000,13.28900000,44.04
1749262642,43.59000000,0.35400000,44.04
1749262642,43.58000000,3.17800000,44.04
1749262642,43.57000000,1.37100000,44.04
1749262642,43.56000000,0.49400000,44.04
1749262642,43.55000000,31.31500000,44.04
1749262642,43.54000000,0.22600000,44.04
1749262642,43.53000000,16.04000000,44.04
1749262642,43.52000000,15.30300000,44.04
1749262642,43.51000000,5.96100000,44.04
1749262642,43.50000000,107.81900000,44.04
1749262642,43.49000000,0.22600000,44.04
1749262642,43.48000000,0.22600000,44.04
1749262642,43.47000000,2.98100000,44.04
1749262642,43.46000000,0.22600000,44.04
1749262642,43.45000000,0.61300000,44.04
1749262642,43.44000000,0.22700000,44.04
1749262642,43.43000000,0.22700000,44.04
1749262642,43.42000000,12.37900000,44.04
1749262642,43.41000000,0.22700000,44.04
1749262642,43.40000000,0.41400000,44.04
1749262642,43.39000000,0.22700000,44.04
1749262642,43.38000000,0.87600000,44.04
1749262642,43.37000000,3.65100000,44.04
1749262642,43.36000000,2.53300000,44.04
1749262642,43.35000000,0.22700000,44.04
1749262642,43.34000000,31.46700000,44.04
1749262642,43.33000000,0.52200000,44.04
1749262642,43.32000000,36.76900000,44.04
1749262642,43.31000000,175.13600000,44.04
1749262642,43.30000000,3.54500000,44.04
1749262642,43.29000000,2.07500000,44.04
1749262642,43.28000000,0.22800000,44.04
1749262642,43.27000000,0.22800000,44.04
1749262642,43.26000000,41.19200000,44.04
1749262642,43.24000000,0.69300000,44.04
1749262642,43.22000000,10.40500000,44.04
1749262642,43.21000000,40.97900000,44.04
1749262642,43.20000000,31.89200000,44.04
1749262642,43.18000000,23.26300000,44.04
1749262642,43.16000000,0.57400000,44.04
1749262642,43.14000000,31.61600000,44.04
1749262642,43.12000000,0.36600000,44.04
1749262642,43.10000000,10.25500000,44.04
1749262642,43.09000000,90.87900000,44.04
1749262642,43.07000000,26.44600000,44.04
1749262642,43.06000000,0.67400000,44.04
1749262642,43.05000000,0.20000000,44.04
1749262642,43.02000000,10.75100000,44.04
1749262642,43.00000000,280.03400000,44.04
1749262642,42.96000000,0.51400000,44.04
1749262642,42.90000000,0.25000000,44.04
1749262642,42.87000000,0.13100000,44.04
1749262642,42.82000000,233.53500000,44.04
1749262642,42.81000000,0.15000000,44.04
1749262642,42.80000000,60.00000000,44.04
1749262642,42.78000000,0.16400000,44.04
1749262642,42.77000000,0.82500000,44.04
1749262944,43.78000000,13.32100000,43.78
1749262944,43.77000000,132.33300000,43.78
1749262944,43.76000000,43.83000000,43.78
1749262944,43.75000000,160.95300000,43.78
1749262944,43.74000000,456.07800000,43.78
1749262944,43.73000000,147.12400000,43.78
1749262944,43.72000000,156.06300000,43.78
1749262944,43.71000000,154.96900000,43.78
1749262944,43.70000000,373.53600000,43.78
1749262944,43.69000000,103.57300000,43.78
1749262944,43.68000000,106.95000000,43.78
1749262944,43.67000000,144.98000000,43.78
1749262944,43.66000000,1.03100000,43.78
1749262944,43.65000000,0.57300000,43.78
1749262944,43.64000000,0.40100000,43.78
1749262944,43.63000000,69.65200000,43.78
1749262944,43.62000000,2.98700000,43.78
1749262944,43.61000000,6.16100000,43.78
1749262944,43.60000000,10.79600000,43.78
1749262944,43.59000000,2.59700000,43.78
1749262944,43.58000000,3.96700000,43.78
1749262944,43.57000000,14.88500000,43.78
1749262944,43.56000000,102.02000000,43.78
1749262944,43.55000000,14.08900000,43.78
1749262944,43.54000000,64.39500000,43.78
1749262944,43.53000000,2.68600000,43.78
1749262944,43.52000000,0.22900000,43.78
1749262944,43.51000000,15.74900000,43.78
1749262944,43.50000000,59.95100000,43.78
1749262944,43.49000000,0.39800000,43.78
1749262944,43.48000000,18.91400000,43.78
1749262944,43.47000000,0.39800000,43.78
1749262944,43.46000000,154.86200000,43.78
1749262944,43.45000000,3.07200000,43.78
1749262944,43.44000000,15.19500000,43.78
1749262944,43.43000000,2.68400000,43.78
1749262944,43.42000000,3.65500000,43.78
1749262944,43.41000000,13.46200000,43.78
1749262944,43.40000000,11.45400000,43.78
1749262944,43.39000000,2.68100000,43.78
1749262944,43.38000000,19.63500000,43.78
1749262944,43.37000000,2.68200000,43.78
1749262944,43.36000000,7.93700000,43.78
1749262944,43.35000000,13.46200000,43.78
1749262944,43.34000000,0.22700000,43.78
1749262944,43.33000000,0.69400000,43.78
1749262944,43.32000000,183.82000000,43.78
1749262944,43.31000000,169.43400000,43.78
1749262944,43.30000000,1.70100000,43.78
1749262944,43.29000000,25.38900000,43.78
1749262944,43.28000000,13.29000000,43.78
1749262944,43.27000000,31.68900000,43.78
1749262944,43.26000000,0.22700000,43.78
1749262944,43.25000000,14.07500000,43.78
1749262944,43.24000000,0.22700000,43.78
1749262944,43.23000000,2.53600000,43.78
1749262944,43.22000000,19.00700000,43.78
1749262944,43.21000000,14.90000000,43.78
1749262944,43.20000000,6.84400000,43.78
1749262944,43.19000000,18.33000000,43.78
1749262944,43.18000000,3.34600000,43.78
1749262944,43.17000000,0.22700000,43.78
1749262944,43.16000000,27.94300000,43.78
1749262944,43.15000000,195.88000000,43.78
1749262944,43.14000000,0.45900000,43.78
1749262944,43.13000000,239.33800000,43.78
1749262944,43.12000000,82.77600000,43.78
1749262944,43.11000000,0.22900000,43.78
1749262944,43.10000000,65.58100000,43.78
1749262944,43.09000000,91.10800000,43.78
1749262944,43.08000000,14.13200000,43.78
1749262944,43.07000000,33.65600000,43.78
1749262944,43.06000000,12.48200000,43.78
1749262944,43.05000000,4.31600000,43.78
1749262944,43.04000000,4.86700000,43.78
1749262944,43.03000000,0.22900000,43.78
1749262944,43.02000000,21.20400000,43.78
1749262944,43.00000000,285.61400000,43.78
1749262944,42.98000000,31.50100000,43.78
1749262944,42.96000000,0.51400000,43.78
1749262944,42.94000000,74.98200000,43.78
1749262944,42.92000000,116.26800000,43.78
1749262944,42.91000000,30.89900000,43.78
1749262944,42.90000000,41.91500000,43.78
1749262944,42.89000000,27.07700000,43.78
1749262944,42.88000000,2.32800000,43.78
1749262944,42.87000000,0.13100000,43.78
1749262944,42.84000000,23.29700000,43.78
1749262944,42.82000000,1.00300000,43.78
1749262944,42.81000000,0.15000000,43.78
1749262944,42.80000000,71.66100000,43.78
1749262944,42.78000000,0.16400000,43.78
1749262944,42.77000000,0.82500000,43.78
1749262944,42.76000000,6.70000000,43.78
1749262944,42.74000000,2.93300000,43.78
1749262944,42.71000000,0.16500000,43.78
1749262944,42.69000000,2.34200000,43.78
1749262944,42.67000000,3.05500000,43.78
1749262944,42.66000000,258.64000000,43.78
1749262944,42.64000000,0.13100000,43.78
1749263250,43.85000000,131.89000000,43.85
1749263250,43.84000000,33.20600000,43.85
1749263250,43.83000000,50.11600000,43.85
1749263250,43.82000000,35.56300000,43.85
1749263250,43.81000000,72.89100000,43.85
1749263250,43.80000000,255.70000000,43.85
1749263250,43.79000000,258.72900000,43.85
1749263250,43.78000000,128.69900000,43.85
1749263250,43.77000000,247.59200000,43.85
1749263250,43.76000000,459.94800000,43.85
1749263250,43.75000000,199.67700000,43.85
1749263250,43.74000000,80.93900000,43.85
1749263250,43.73000000,10.47300000,43.85
1749263250,43.72000000,21.71300000,43.85
1749263250,43.71000000,12.37400000,43.85
1749263250,43.70000000,70.40400000,43.85
1749263250,43.69000000,0.57300000,43.85
1749263250,43.68000000,3.03900000,43.85
1749263250,43.67000000,16.23900000,43.85
1749263250,43.66000000,3.00400000,43.85
1749263250,43.65000000,3.17400000,43.85
1749263250,43.64000000,1.66100000,43.85
1749263250,43.63000000,69.48000000,43.85
1749263250,43.62000000,8.12800000,43.85
1749263250,43.61000000,127.05200000,43.85
1749263250,43.60000000,54.71700000,43.85
1749263250,43.59000000,2.68300000,43.85
1749263250,43.58000000,9.25100000,43.85
1749263250,43.57000000,13.46400000,43.85
1749263250,43.56000000,156.78500000,43.85
1749263250,43.55000000,6.05300000,43.85
1749263250,43.54000000,18.14500000,43.85
1749263250,43.53000000,2.68600000,43.85
1749263250,43.52000000,61.16100000,43.85
1749263250,43.51000000,15.74900000,43.85
1749263250,43.50000000,59.95100000,43.85
1749263250,43.49000000,0.39800000,43.85
1749263250,43.48000000,13.28900000,43.85
1749263250,43.47000000,0.39800000,43.85
1749263250,43.46000000,1.52600000,43.85
1749263250,43.45000000,3.07200000,43.85
1749263250,43.44000000,15.19500000,43.85
1749263250,43.43000000,0.39900000,43.85
1749263250,43.42000000,11.26200000,43.85
1749263250,43.41000000,13.46200000,43.85
1749263250,43.40000000,0.41400000,43.85
1749263250,43.39000000,0.39900000,43.85
1749263250,43.38000000,88.06800000,43.85
1749263250,43.37000000,0.39900000,43.85
1749263250,43.36000000,7.93700000,43.85
1749263250,43.35000000,20.33100000,43.85
1749263250,43.34000000,1.83900000,43.85
1749263250,43.33000000,0.69400000,43.85
1749263250,43.32000000,122.60700000,43.85
1749263250,43.31000000,169.69500000,43.85
1749263250,43.30000000,2.31500000,43.85
1749263250,43.29000000,25.38900000,43.85
1749263250,43.28000000,13.29000000,43.85
1749263250,43.27000000,36.27700000,43.85
1749263250,43.26000000,17.09500000,43.85
1749263250,43.25000000,0.22700000,43.85
1749263250,43.24000000,0.22700000,43.85
1749263250,43.23000000,0.22700000,43.85
1749263250,43.22000000,13.29000000,43.85
1749263250,43.21000000,10.51100000,43.85
1749263250,43.20000000,82.24400000,43.85
1749263250,43.19000000,18.20200000,43.85
1749263250,43.18000000,256.90800000,43.85
1749263250,43.17000000,0.22700000,43.85
1749263250,43.16000000,31.59700000,43.85
1749263250,43.15000000,472.99400000,43.85
1749263250,43.14000000,0.45900000,43.85
1749263250,43.13000000,0.22700000,43.85
1749263250,43.12000000,79.30400000,43.85
1749263250,43.11000000,0.69300000,43.85
1749263250,43.10000000,10.48400000,43.85
1749263250,43.09000000,90.87900000,43.85
1749263250,43.08000000,13.90300000,43.85
1749263250,43.07000000,42.24600000,43.85
1749263250,43.06000000,0.67400000,43.85
1749263250,43.05000000,4.08700000,43.85
1749263250,43.04000000,4.63800000,43.85
1749263250,43.02000000,21.20400000,43.85
1749263250,43.00000000,285.61400000,43.85
1749263250,42.99000000,74.81600000,43.85
1749263250,42.98000000,31.50100000,43.85
1749263250,42.97000000,116.13300000,43.85
1749263250,42.96000000,0.51400000,43.85
1749263250,42.94000000,0.69800000,43.85
1749263250,42.93000000,2.32500000,43.85
1749263250,42.92000000,13.95400000,43.85
1749263250,42.91000000,30.89900000,43.85
1749263250,42.90000000,0.37700000,43.85
1749263250,42.89000000,27.65500000,43.85
1749263250,42.87000000,0.13100000,43.85
1749263250,42.84000000,23.29700000,43.85
1749263250,42.82000000,1.00300000,43.85
1749263250,42.81000000,0.15000000,43.85
1749263250,42.80000000,60.00000000,43.85
1749263250,42.78000000,0.16400000,43.85
1749263552,43.80000000,7.84700000,43.8
1749263552,43.79000000,146.27600000,43.8
1749263552,43.78000000,44.14200000,43.8
1749263552,43.77000000,107.73200000,43.8
1749263552,43.76000000,340.53000000,43.8
1749263552,43.75000000,272.55600000,43.8
1749263552,43.74000000,217.02400000,43.8
1749263552,43.73000000,261.34500000,43.8
1749263552,43.72000000,318.82300000,43.8
1749263552,43.71000000,213.39300000,43.8
1749263552,43.70000000,97.41700000,43.8
1749263552,43.69000000,39.39400000,43.8
1749263552,43.68000000,10.12900000,43.8
1749263552,43.67000000,25.66500000,43.8
1749263552,43.66000000,12.59300000,43.8
1749263552,43.65000000,14.46600000,43.8
1749263552,43.64000000,4.20700000,43.8
1749263552,43.63000000,79.38000000,43.8
1749263552,43.62000000,117.18400000,43.8
1749263552,43.61000000,0.40100000,43.8
1749263552,43.60000000,20.14500000,43.8
1749263552,43.59000000,0.40100000,43.8
1749263552,43.58000000,6.96700000,43.8
1749263552,43.57000000,87.66700000,43.8
1749263552,43.56000000,156.78500000,43.8
1749263552,43.55000000,24.29100000,43.8
1749263552,43.54000000,13.29200000,43.8
1749263552,43.53000000,2.68600000,43.8
1749263552,43.52000000,61.16100000,43.8
1749263552,43.51000000,15.74900000,43.8
1749263552,43.50000000,59.95100000,43.8
1749263552,43.49000000,0.39800000,43.8
1749263552,43.48000000,13.28900000,43.8
1749263552,43.47000000,0.39800000,43.8
1749263552,43.46000000,0.38400000,43.8
1749263552,43.45000000,3.06400000,43.8
1749263552,43.44000000,15.19500000,43.8
1749263552,43.43000000,3.82100000,43.8
1749263552,43.42000000,11.26200000,43.8
1749263552,43.41000000,13.46200000,43.8
1749263552,43.40000000,1.02700000,43.8
1749263552,43.39000000,2.68000000,43.8
1749263552,43.38000000,56.58600000,43.8
1749263552,43.37000000,5.80300000,43.8
1749263552,43.36000000,5.50100000,43.8
1749263552,43.35000000,103.13600000,43.8
1749263552,43.34000000,0.22700000,43.8
1749263552,43.33000000,0.69400000,43.8
1749263552,43.32000000,122.60700000,43.8
1749263552,43.31000000,74.46900000,43.8
1749263552,43.30000000,1.70100000,43.8
1749263552,43.29000000,25.38900000,43.8
1749263552,43.28000000,13.29000000,43.8
1749263552,43.27000000,0.39900000,43.8
1749263552,43.26000000,45.62300000,43.8
1749263552,43.25000000,13.96100000,43.8
1749263552,43.24000000,1.84300000,43.8
1749263552,43.23000000,12.41400000,43.8
1749263552,43.22000000,16.06100000,43.8
1749263552,43.21000000,15.09300000,43.8
1749263552,43.20000000,6.34400000,43.8
1749263552,43.19000000,5.98600000,43.8
1749263552,43.18000000,88.66600000,43.8
1749263552,43.17000000,2.53900000,43.8
1749263552,43.16000000,92.72000000,43.8
1749263552,43.15000000,463.29000000,43.8
1749263552,43.14000000,98.55700000,43.8
1749263552,43.13000000,0.22800000,43.8
1749263552,43.12000000,95.74700000,43.8
1749263552,43.11000000,0.22800000,43.8
1749263552,43.10000000,10.48300000,43.8
1749263552,43.09000000,3.20900000,43.8
1749263552,43.08000000,0.22900000,43.8
1749263552,43.07000000,73.91000000,43.8
1749263552,43.06000000,0.90300000,43.8
1749263552,43.05000000,4.31600000,43.8
1749263552,43.03000000,0.57600000,43.8
1749263552,43.02000000,23.52400000,43.8
1749263552,43.00000000,276.53800000,43.8
1749263552,42.98000000,31.50100000,43.8
1749263552,42.96000000,0.51400000,43.8
1749263552,42.94000000,81.93500000,43.8
1749263552,42.91000000,2.32600000,43.8
1749263552,42.90000000,0.37700000,43.8
1749263552,42.87000000,0.13100000,43.8
1749263552,42.81000000,0.15000000,43.8
1749263552,42.80000000,60.00000000,43.8
1749263552,42.78000000,0.16400000,43.8
1749263552,42.77000000,0.82500000,43.8
1749263552,42.76000000,9.03400000,43.8
1749263552,42.74000000,2.35300000,43.8
1749263552,42.72000000,1.37900000,43.8
1749263552,42.71000000,0.16500000,43.8
1749263552,42.70000000,2.33700000,43.8
1749263552,42.69000000,2.34200000,43.8
1749263552,42.67000000,4.38700000,43.8
1749263552,42.66000000,258.64000000,43.8
1749263552,42.64000000,0.13100000,43.8
1749263552,42.63000000,26.01300000,43.8
1749263552,42.61000000,0.13100000,43.8
1749263853,43.77000000,0.06700000,43.77
1749263853,43.76000000,6.13700000,43.77
1749263853,43.75000000,45.89900000,43.77
1749263853,43.74000000,98.84900000,43.77
1749263853,43.73000000,52.03300000,43.77
1749263853,43.72000000,164.48600000,43.77
1749263853,43.71000000,344.61200000,43.77
1749263853,43.70000000,342.98300000,43.77
1749263853,43.69000000,413.16800000,43.77
1749263853,43.68000000,320.19800000,43.77
1749263853,43.67000000,40.64900000,43.77
1749263853,43.66000000,1.03100000,43.77
1749263853,43.65000000,14.46600000,43.77
1749263853,43.64000000,2.77500000,43.77
1749263853,43.63000000,79.38000000,43.77
1749263853,43.62000000,15.83400000,43.77
1749263853,43.61000000,24.28600000,43.77
1749263853,43.60000000,2.13100000,43.77
1749263853,43.59000000,13.30100000,43.77
1749263853,43.58000000,111.59600000,43.77
1749263853,43.57000000,24.79500000,43.77
1749263853,43.56000000,173.21600000,43.77
1749263853,43.55000000,0.40100000,43.77
1749263853,43.54000000,90.87800000,43.77
1749263853,43.53000000,2.68600000,43.77
1749263853,43.52000000,61.16100000,43.77
1749263853,43.51000000,15.74900000,43.77
1749263853,43.50000000,59.95100000,43.77
1749263853,43.49000000,0.39800000,43.77
1749263853,43.48000000,19.03800000,43.77
1749263853,43.47000000,0.39800000,43.77
1749263853,43.46000000,0.38400000,43.77
1749263853,43.45000000,3.06400000,43.77
1749263853,43.44000000,15.19500000,43.77
1749263853,43.43000000,2.67900000,43.77
1749263853,43.42000000,0.22700000,43.77
1749263853,43.41000000,15.74600000,43.77
1749263853,43.40000000,1.55400000,43.77
1749263853,43.39000000,0.39900000,43.77
1749263853,43.38000000,55.86500000,43.77
1749263853,43.37000000,2.68300000,43.77
1749263853,43.36000000,7.78500000,43.77
1749263853,43.35000000,101.06400000,43.77
1749263853,43.34000000,0.22700000,43.77
1749263853,43.33000000,0.69400000,43.77
1749263853,43.32000000,122.60700000,43.77
1749263853,43.31000000,74.46900000,43.77
1749263853,43.30000000,1.70100000,43.77
1749263853,43.29000000,25.38900000,43.77
1749263853,43.28000000,13.29000000,43.77
1749263853,43.27000000,0.39900000,43.77
1749263853,43.26000000,45.62300000,43.77
1749263853,43.25000000,13.96100000,43.77
1749263853,43.24000000,0.22700000,43.77
1749263853,43.23000000,16.80000000,43.77
1749263853,43.22000000,13.29000000,43.77
1749263853,43.21000000,15.09300000,43.77
1749263853,43.20000000,5.22700000,43.77
1749263853,43.19000000,0.22700000,43.77
1749263853,43.18000000,78.96800000,43.77
1749263853,43.17000000,0.22700000,43.77
1749263853,43.16000000,11.04700000,43.77
1749263853,43.15000000,13.29000000,43.77
1749263853,43.14000000,0.45900000,43.77
1749263853,43.13000000,0.22800000,43.77
1749263853,43.12000000,95.74700000,43.77
1749263853,43.11000000,0.22800000,43.77
1749263853,43.10000000,460.48300000,43.77
1749263853,43.09000000,3.20800000,43.77
1749263853,43.08000000,0.22900000,43.77
1749263853,43.07000000,73.91000000,43.77
1749263853,43.06000000,0.90300000,43.77
1749263853,43.05000000,4.31600000,43.77
1749263853,43.04000000,0.22900000,43.77
1749263853,43.03000000,0.80500000,43.77
1749263853,43.02000000,21.43300000,43.77
1749263853,43.00000000,293.74200000,43.77
1749263853,42.98000000,31.50100000,43.77
1749263853,42.96000000,0.51400000,43.77
1749263853,42.94000000,23.97400000,43.77
1749263853,42.90000000,31.29800000,43.77
1749263853,42.87000000,0.13100000,43.77
1749263853,42.81000000,0.15000000,43.77
1749263853,42.80000000,60.00000000,43.77
1749263853,42.78000000,0.16400000,43.77
1749263853,42.77000000,0.82500000,43.77
1749263853,42.76000000,9.03400000,43.77
1749263853,42.74000000,2.35300000,43.77
1749263853,42.71000000,0.16500000,43.77
1749263853,42.69000000,2.34200000,43.77
1749263853,42.67000000,4.38700000,43.77
1749263853,42.66000000,258.64000000,43.77
1749263853,42.64000000,0.13100000,43.77
1749263853,42.63000000,26.01300000,43.77
1749263853,42.61000000,0.13100000,43.77
1749263853,42.60000000,7.42300000,43.77
1749263853,42.57000000,14.06900000,43.77
1749263853,42.56000000,17.44700000,43.77
1749263853,42.53000000,42.39500000,43.77
1749263853,42.50000000,39.56200000,43.77
1749264155,43.77000000,137.79500000,43.77
1749264155,43.76000000,44.82200000,43.77
1749264155,43.75000000,25.68700000,43.77
1749264155,43.74000000,68.72700000,43.77
1749264155,43.73000000,172.68700000,43.77
1749264155,43.72000000,297.85700000,43.77
1749264155,43.71000000,262.15400000,43.77
1749264155,43.70000000,278.52900000,43.77
1749264155,43.69000000,273.94700000,43.77
1749264155,43.68000000,276.86100000,43.77
1749264155,43.67000000,99.88200000,43.77
1749264155,43.66000000,21.72300000,43.77
1749264155,43.65000000,23.53600000,43.77
1749264155,43.64000000,13.35700000,43.77
1749264155,43.63000000,66.48900000,43.77
1749264155,43.62000000,24.17700000,43.77
1749264155,43.61000000,21.89500000,43.77
1749264155,43.60000000,28.06700000,43.77
1749264155,43.59000000,13.27400000,43.77
1749264155,43.58000000,16.04500000,43.77
1749264155,43.57000000,80.80500000,43.77
1749264155,43.56000000,10.26000000,43.77
1749264155,43.55000000,103.86100000,43.77
1749264155,43.54000000,36.86900000,43.77
1749264155,43.53000000,2.68600000,43.77
1749264155,43.52000000,5.51400000,43.77
1749264155,43.51000000,59.74600000,43.77
1749264155,43.50000000,59.89800000,43.77
1749264155,43.49000000,2.68600000,43.77
1749264155,43.48000000,30.35500000,43.77
1749264155,43.47000000,0.39800000,43.77
1749264155,43.46000000,0.38400000,43.77
1749264155,43.45000000,10.54900000,43.77
1749264155,43.44000000,15.19500000,43.77
1749264155,43.43000000,2.67900000,43.77
1749264155,43.42000000,75.85000000,43.77
1749264155,43.41000000,94.84000000,43.77
1749264155,43.40000000,0.41400000,43.77
1749264155,43.39000000,3.82300000,43.77
1749264155,43.38000000,55.86500000,43.77
1749264155,43.37000000,2.68300000,43.77
1749264155,43.36000000,63.69000000,43.77
1749264155,43.35000000,100.83400000,43.77
1749264155,43.34000000,0.22700000,43.77
1749264155,43.33000000,0.69400000,43.77
1749264155,43.32000000,122.60700000,43.77
1749264155,43.31000000,74.46900000,43.77
1749264155,43.30000000,1.70100000,43.77
1749264155,43.29000000,25.38900000,43.77
1749264155,43.28000000,13.29000000,43.77
1749264155,43.27000000,0.39900000,43.77
1749264155,43.26000000,0.22700000,43.77
1749264155,43.25000000,3.20200000,43.77
1749264155,43.24000000,0.22700000,43.77
1749264155,43.23000000,0.22700000,43.77
1749264155,43.22000000,13.29000000,43.77
1749264155,43.21000000,10.51100000,43.77
1749264155,43.20000000,5.22700000,43.77
1749264155,43.19000000,0.22700000,43.77
1749264155,43.18000000,1.98400000,43.77
1749264155,43.17000000,0.22700000,43.77
1749264155,43.16000000,0.22700000,43.77
1749264155,43.15000000,58.93500000,43.77
1749264155,43.14000000,3.23500000,43.77
1749264155,43.13000000,0.22800000,43.77
1749264155,43.12000000,107.96500000,43.77
1749264155,43.11000000,0.22800000,43.77
1749264155,43.10000000,461.60200000,43.77
1749264155,43.09000000,3.20800000,43.77
1749264155,43.08000000,0.22900000,43.77
1749264155,43.07000000,1.10100000,43.77
1749264155,43.06000000,0.90300000,43.77
1749264155,43.05000000,4.31600000,43.77
1749264155,43.04000000,0.22900000,43.77
1749264155,43.03000000,9.96000000,43.77
1749264155,43.02000000,21.43300000,43.77
1749264155,43.00000000,339.79200000,43.77
1749264155,42.98000000,63.00200000,43.77
1749264155,42.96000000,0.51400000,43.77
1749264155,42.94000000,0.69800000,43.77
1749264155,42.90000000,0.95400000,43.77
1749264155,42.89000000,30.95300000,43.77
1749264155,42.88000000,68.46200000,43.77
1749264155,42.87000000,0.13100000,43.77
1749264155,42.86000000,23.29000000,43.77
1749264155,42.81000000,0.15000000,43.77
1749264155,42.80000000,60.00000000,43.77
1749264155,42.78000000,0.16400000,43.77
1749264155,42.77000000,0.82500000,43.77
1749264155,42.76000000,9.03400000,43.77
1749264155,42.74000000,2.35300000,43.77
1749264155,42.71000000,0.16500000,43.77
1749264155,42.69000000,2.34200000,43.77
1749264155,42.67000000,4.38700000,43.77
1749264155,42.66000000,258.64000000,43.77
1749264155,42.64000000,0.13100000,43.77
1749264155,42.63000000,26.01300000,43.77
1749264155,42.61000000,0.13100000,43.77
1749264155,42.60000000,7.42300000,43.77
1749264155,42.57000000,28.25600000,43.77
1749264457,43.72000000,128.24900000,43.72
1749264457,43.71000000,55.52100000,43.72
1749264457,43.70000000,124.51100000,43.72
1749264457,43.69000000,116.00900000,43.72
1749264457,43.68000000,188.45300000,43.72
1749264457,43.67000000,206.55600000,43.72
1749264457,43.66000000,217.90200000,43.72
1749264457,43.65000000,345.53900000,43.72
1749264457,43.64000000,167.02700000,43.72
1749264457,43.63000000,214.42800000,43.72
1749264457,43.62000000,109.63900000,43.72
1749264457,43.61000000,21.89500000,43.72
1749264457,43.60000000,39.49800000,43.72
1749264457,43.59000000,13.27400000,43.72
1749264457,43.58000000,13.29000000,43.72
1749264457,43.57000000,183.42700000,43.72
1749264457,43.56000000,10.26000000,43.72
1749264457,43.55000000,12.20600000,43.72
1749264457,43.54000000,23.19200000,43.72
1749264457,43.53000000,0.40100000,43.72
1749264457,43.52000000,13.12900000,43.72
1749264457,43.51000000,25.59300000,43.72
1749264457,43.50000000,72.97100000,43.72
1749264457,43.49000000,26.23300000,43.72
1749264457,43.48000000,30.40700000,43.72
1749264457,43.47000000,0.39800000,43.72
1749264457,43.46000000,46.71900000,43.72
1749264457,43.45000000,3.06400000,43.72
1749264457,43.44000000,15.19500000,43.72
1749264457,43.43000000,2.67900000,43.72
1749264457,43.42000000,75.85000000,43.72
1749264457,43.41000000,94.84000000,43.72
1749264457,43.40000000,0.41400000,43.72
1749264457,43.39000000,2.68300000,43.72
1749264457,43.38000000,55.86500000,43.72
1749264457,43.37000000,2.68300000,43.72
1749264457,43.36000000,65.97500000,43.72
1749264457,43.35000000,101.97400000,43.72
1749264457,43.34000000,0.22700000,43.72
1749264457,43.33000000,0.69400000,43.72
1749264457,43.32000000,122.60700000,43.72
1749264457,43.31000000,74.46900000,43.72
1749264457,43.30000000,1.70100000,43.72
1749264457,43.29000000,25.38900000,43.72
1749264457,43.28000000,13.29000000,43.72
1749264457,43.27000000,0.39900000,43.72
1749264457,43.26000000,0.22700000,43.72
1749264457,43.25000000,3.20200000,43.72
1749264457,43.24000000,0.22700000,43.72
1749264457,43.23000000,0.22700000,43.72
1749264457,43.22000000,13.29000000,43.72
1749264457,43.21000000,10.51100000,43.72
1749264457,43.20000000,5.22700000,43.72
1749264457,43.19000000,0.22700000,43.72
1749264457,43.18000000,1.98400000,43.72
1749264457,43.17000000,3.00100000,43.72
1749264457,43.16000000,0.22700000,43.72
1749264457,43.15000000,58.93500000,43.72
1749264457,43.14000000,0.45900000,43.72
1749264457,43.13000000,0.22800000,43.72
1749264457,43.12000000,107.96500000,43.72
1749264457,43.11000000,0.22800000,43.72
1749264457,43.10000000,461.60200000,43.72
1749264457,43.09000000,26.37400000,43.72
1749264457,43.08000000,0.22900000,43.72
1749264457,43.07000000,1.10100000,43.72
1749264457,43.06000000,0.90300000,43.72
1749264457,43.05000000,14.04300000,43.72
1749264457,43.04000000,0.22900000,43.72
1749264457,43.03000000,0.22900000,43.72
1749264457,43.02000000,21.43300000,43.72
1749264457,43.01000000,0.22900000,43.72
1749264457,43.00000000,293.97100000,43.72
1749264457,42.99000000,0.22900000,43.72
1749264457,42.98000000,31.73000000,43.72
1749264457,42.97000000,0.22900000,43.72
1749264457,42.96000000,0.51400000,43.72
1749264457,42.94000000,0.69800000,43.72
1749264457,42.90000000,0.95400000,43.72
1749264457,42.89000000,62.52000000,43.72
1749264457,42.88000000,68.46200000,43.72
1749264457,42.87000000,0.13100000,43.72
1749264457,42.86000000,23.29000000,43.72
1749264457,42.81000000,0.15000000,43.72
1749264457,42.80000000,60.00000000,43.72
1749264457,42.78000000,0.16400000,43.72
1749264457,42.77000000,0.82500000,43.72
1749264457,42.76000000,6.70000000,43.72
1749264457,42.74000000,2.35300000,43.72
1749264457,42.71000000,0.16500000,43.72
1749264457,42.69000000,2.34200000,43.72
1749264457,42.67000000,4.38700000,43.72
1749264457,42.66000000,258.64000000,43.72
1749264457,42.65000000,2.34000000,43.72
1749264457,42.64000000,0.13100000,43.72
1749264457,42.63000000,26.01300000,43.72
1749264457,42.61000000,0.13100000,43.72
1749264457,42.60000000,7.42300000,43.72
1749264457,42.57000000,28.25600000,43.72
1749264457,42.56000000,17.44700000,43.72
1749264758,43.90000000,18.39200000,43.93
1749264758,43.89000000,67.63100000,43.93
1749264758,43.88000000,114.34800000,43.93
1749264758,43.87000000,208.82500000,43.93
1749264758,43.86000000,214.77600000,43.93
1749264758,43.85000000,238.12100000,43.93
1749264758,43.84000000,197.51400000,43.93
1749264758,43.83000000,257.70900000,43.93
1749264758,43.82000000,153.83800000,43.93
1749264758,43.81000000,61.30800000,43.93
1749264758,43.80000000,42.37500000,43.93
1749264758,43.79000000,14.99100000,43.93
1749264758,43.78000000,10.93100000,43.93
1749264758,43.77000000,23.53600000,43.93
1749264758,43.76000000,77.11100000,43.93
1749264758,43.75000000,10.47300000,43.93
1749264758,43.74000000,23.36400000,43.93
1749264758,43.73000000,10.30100000,43.93
1749264758,43.72000000,9.64000000,43.93
1749264758,43.71000000,31.62500000,43.93
1749264758,43.70000000,113.15400000,43.93
1749264758,43.69000000,56.29700000,43.93
1749264758,43.68000000,23.19200000,43.93
1749264758,43.67000000,10.30100000,43.93
1749264758,43.66000000,114.64200000,43.93
1749264758,43.65000000,23.36400000,43.93
1749264758,43.64000000,12.40900000,43.93
1749264758,43.63000000,85.56600000,43.93
1749264758,43.62000000,18.07100000,43.93
1749264758,43.61000000,10.30100000,43.93
1749264758,43.60000000,23.19200000,43.93
1749264758,43.59000000,12.58300000,43.93
1749264758,43.58000000,12.89600000,43.93
1749264758,43.57000000,30.56400000,43.93
1749264758,43.56000000,12.54300000,43.93
1749264758,43.55000000,71.19100000,43.93
1749264758,43.54000000,25.47700000,43.93
1749264758,43.53000000,72.85900000,43.93
1749264758,43.52000000,4.73500000,43.93
1749264758,43.51000000,13.46400000,43.93
1749264758,43.50000000,57.66600000,43.93
1749264758,43.49000000,1.54000000,43.93
1749264758,43.48000000,13.28900000,43.93
1749264758,43.47000000,0.39800000,43.93
1749264758,43.46000000,0.38400000,43.93
1749264758,43.45000000,0.78500000,43.93
1749264758,43.44000000,15.19500000,43.93
1749264758,43.43000000,0.39900000,43.93
1749264758,43.42000000,0.22700000,43.93
1749264758,43.41000000,13.46200000,43.93
1749264758,43.40000000,0.41400000,43.93
1749264758,43.39000000,0.39900000,43.93
1749264758,43.38000000,55.86500000,43.93
1749264758,43.37000000,0.39900000,43.93
1749264758,43.36000000,2.53300000,43.93
1749264758,43.35000000,101.98500000,43.93
1749264758,43.34000000,0.22700000,43.93
1749264758,43.33000000,0.69400000,43.93
1749264758,43.32000000,49.83200000,43.93
1749264758,43.31000000,74.46900000,43.93
1749264758,43.30000000,1.70100000,43.93
1749264758,43.29000000,25.38900000,43.93
1749264758,43.28000000,103.83200000,43.93
1749264758,43.27000000,2.01300000,43.93
1749264758,43.26000000,0.22700000,43.93
1749264758,43.25000000,453.20200000,43.93
1749264758,43.24000000,32.69300000,43.93
1749264758,43.23000000,35.31400000,43.93
1749264758,43.22000000,0.22700000,43.93
1749264758,43.21000000,10.51100000,43.93
1749264758,43.20000000,6.34400000,43.93
1749264758,43.19000000,5.78300000,43.93
1749264758,43.18000000,31.58300000,43.93
1749264758,43.17000000,0.22800000,43.93
1749264758,43.16000000,0.22800000,43.93
1749264758,43.15000000,0.22800000,43.93
1749264758,43.14000000,0.23200000,43.93
1749264758,43.12000000,95.51900000,43.93
1749264758,43.10000000,10.25500000,43.93
1749264758,43.09000000,1.85900000,43.93
1749264758,43.07000000,10.59400000,43.93
1749264758,43.06000000,42.05800000,43.93
1749264758,43.05000000,4.08700000,43.93
1749264758,43.04000000,41.97900000,43.93
1749264758,43.02000000,21.20400000,43.93
1749264758,43.01000000,31.47900000,43.93
1749264758,43.00000000,293.74200000,43.93
1749264758,42.96000000,0.51400000,43.93
1749264758,42.94000000,0.69800000,43.93
1749264758,42.90000000,0.37700000,43.93
1749264758,42.87000000,0.13100000,43.93
1749264758,42.86000000,48.94900000,43.93
1749264758,42.83000000,57.87400000,43.93
1749264758,42.81000000,0.15000000,43.93
1749264758,42.80000000,60.00000000,43.93
1749264758,42.78000000,0.16400000,43.93
1749264758,42.77000000,0.82500000,43.93
1749264758,42.76000000,6.70000000,43.93
1749264758,42.74000000,2.35300000,43.93
1749264758,42.71000000,0.16500000,43.93
1749265060,44.04000000,71.59400000,44.04
1749265060,44.03000000,162.46300000,44.04
1749265060,44.02000000,72.80100000,44.04
1749265060,44.01000000,196.14100000,44.04
1749265060,44.00000000,69.47300000,44.04
1749265060,43.99000000,93.46800000,44.04
1749265060,43.98000000,236.87700000,44.04
1749265060,43.97000000,301.17100000,44.04
1749265060,43.96000000,177.00700000,44.04
1749265060,43.95000000,53.96900000,44.04
1749265060,43.94000000,84.51200000,44.04
1749265060,43.93000000,79.92600000,44.04
1749265060,43.92000000,25.38600000,44.04
1749265060,43.91000000,45.38300000,44.04
1749265060,43.90000000,78.31200000,44.04
1749265060,43.89000000,10.47000000,44.04
1749265060,43.88000000,23.36200000,44.04
1749265060,43.87000000,10.47000000,44.04
1749265060,43.86000000,21.66600000,44.04
1749265060,43.85000000,26.85500000,44.04
1749265060,43.84000000,110.85000000,44.04
1749265060,43.83000000,10.30100000,44.04
1749265060,43.82000000,32.86500000,44.04
1749265060,43.81000000,56.65900000,44.04
1749265060,43.80000000,47.77300000,44.04
1749265060,43.79000000,13.43200000,44.04
1749265060,43.78000000,88.56800000,44.04
1749265060,43.77000000,25.63600000,44.04
1749265060,43.76000000,97.84100000,44.04
1749265060,43.75000000,10.30100000,44.04
1749265060,43.74000000,25.46400000,44.04
1749265060,43.73000000,21.13400000,44.04
1749265060,43.72000000,11.91600000,44.04
1749265060,43.71000000,23.36400000,44.04
1749265060,43.70000000,12.55200000,44.04
1749265060,43.69000000,21.57300000,44.04
1749265060,43.68000000,17.28700000,44.04
1749265060,43.67000000,74.76700000,44.04
1749265060,43.66000000,13.87200000,44.04
1749265060,43.65000000,14.60600000,44.04
1749265060,43.64000000,2.50900000,44.04
1749265060,43.63000000,0.40100000,44.04
1749265060,43.62000000,54.67600000,44.04
1749265060,43.61000000,0.67300000,44.04
1749265060,43.60000000,13.29200000,44.04
1749265060,43.59000000,0.40100000,44.04
1749265060,43.58000000,0.71300000,44.04
1749265060,43.57000000,13.46400000,44.04
1749265060,43.56000000,31.44200000,44.04
1749265060,43.55000000,0.40100000,44.04
1749265060,43.54000000,13.29200000,44.04
1749265060,43.53000000,72.85900000,44.04
1749265060,43.52000000,0.22900000,44.04
1749265060,43.51000000,13.46400000,44.04
1749265060,43.50000000,59.96000000,44.04
1749265060,43.49000000,0.39800000,44.04
1749265060,43.48000000,36.33000000,44.04
1749265060,43.47000000,0.39800000,44.04
1749265060,43.46000000,10.33100000,44.04
1749265060,43.45000000,0.78500000,44.04
1749265060,43.44000000,13.29000000,44.04
1749265060,43.43000000,0.39900000,44.04
1749265060,43.42000000,0.22700000,44.04
1749265060,43.41000000,0.39900000,44.04
1749265060,43.40000000,14.73700000,44.04
1749265060,43.39000000,0.39900000,44.04
1749265060,43.38000000,3.17700000,44.04
1749265060,43.37000000,31.61700000,44.04
1749265060,43.36000000,2.53300000,44.04
1749265060,43.35000000,87.77100000,44.04
1749265060,43.34000000,38.19400000,44.04
1749265060,43.33000000,0.69400000,44.04
1749265060,43.32000000,36.76900000,44.04
1749265060,43.31000000,74.46900000,44.04
1749265060,43.30000000,2.81500000,44.04
1749265060,43.29000000,11.92100000,44.04
1749265060,43.27000000,0.17200000,44.04
1749265060,43.24000000,41.21100000,44.04
1749265060,43.23000000,3.43500000,44.04
1749265060,43.21000000,10.28400000,44.04
1749265060,43.20000000,5.00000000,44.04
1749265060,43.19000000,5.55600000,44.04
1749265060,43.14000000,0.23200000,44.04
1749265060,43.13000000,10.42600000,44.04
1749265060,43.12000000,98.52900000,44.04
1749265060,43.11000000,31.40600000,44.04
1749265060,43.10000000,10.25500000,44.04
1749265060,43.09000000,1.85900000,44.04
1749265060,43.07000000,0.87200000,44.04
1749265060,43.06000000,0.67400000,44.04
1749265060,43.05000000,0.63800000,44.04
1749265060,43.04000000,0.57600000,44.04
1749265060,43.03000000,57.66600000,44.04
1749265060,43.02000000,10.75100000,44.04
1749265060,43.00000000,293.74200000,44.04
1749265060,42.96000000,0.51400000,44.04
1749265060,42.94000000,2.32400000,44.04
1749265060,42.90000000,0.37700000,44.04
1749265060,42.88000000,23.14300000,44.04
1749265060,42.87000000,0.13100000,44.04
1749265370,44.08000000,18.80100000,44.08
1749265370,44.07000000,236.86200000,44.08
1749265370,44.06000000,137.22000000,44.08
1749265370,44.05000000,187.30600000,44.08
1749265370,44.04000000,120.29100000,44.08
1749265370,44.03000000,121.37700000,44.08
1749265370,44.02000000,190.19900000,44.08
1749265370,44.01000000,442.86000000,44.08
1749265370,44.00000000,298.06800000,44.08
1749265370,43.99000000,93.26600000,44.08
1749265370,43.98000000,184.24300000,44.08
1749265370,43.97000000,68.78100000,44.08
1749265370,43.96000000,71.99600000,44.08
1749265370,43.95000000,10.47000000,44.08
1749265370,43.94000000,10.29900000,44.08
1749265370,43.93000000,11.10000000,44.08
1749265370,43.92000000,34.72100000,44.08
1749265370,43.91000000,10.47000000,44.08
1749265370,43.90000000,66.31500000,44.08
1749265370,43.89000000,23.53300000,44.08
1749265370,43.88000000,15.97200000,44.08
1749265370,43.87000000,13.29900000,44.08
1749265370,43.86000000,41.65300000,44.08
1749265370,43.85000000,11.73300000,44.08
1749265370,43.84000000,32.52700000,44.08
1749265370,43.83000000,23.36400000,44.08
1749265370,43.82000000,79.85600000,44.08
1749265370,43.81000000,18.25100000,44.08
1749265370,43.80000000,23.19200000,44.08
1749265370,43.79000000,111.28500000,44.08
1749265370,43.78000000,90.83900000,44.08
1749265370,43.77000000,23.36400000,44.08
1749265370,43.76000000,100.13200000,44.08
1749265370,43.75000000,10.30100000,44.08
1749265370,43.74000000,15.56400000,44.08
1749265370,43.73000000,0.40100000,44.08
1749265370,43.72000000,2.50400000,44.08
1749265370,43.71000000,13.46400000,44.08
1749265370,43.70000000,2.65100000,44.08
1749265370,43.69000000,11.67300000,44.08
1749265370,43.68000000,15.06300000,44.08
1749265370,43.67000000,75.90900000,44.08
1749265370,43.66000000,13.87200000,44.08
1749265370,43.65000000,13.46400000,44.08
1749265370,43.64000000,0.22900000,44.08
1749265370,43.63000000,0.40100000,44.08
1749265370,43.62000000,54.67600000,44.08
1749265370,43.61000000,0.67300000,44.08
1749265370,43.60000000,13.29200000,44.08
1749265370,43.59000000,0.40100000,44.08
1749265370,43.58000000,0.71300000,44.08
1749265370,43.57000000,13.46400000,44.08
1749265370,43.56000000,0.36000000,44.08
1749265370,43.55000000,0.40100000,44.08
1749265370,43.54000000,13.29200000,44.08
1749265370,43.53000000,72.85900000,44.08
1749265370,43.52000000,14.60000000,44.08
1749265370,43.51000000,13.46400000,44.08
1749265370,43.50000000,62.02500000,44.08
1749265370,43.49000000,0.39800000,44.08
1749265370,43.48000000,13.28900000,44.08
1749265370,43.47000000,0.39800000,44.08
1749265370,43.46000000,31.37900000,44.08
1749265370,43.45000000,0.78500000,44.08
1749265370,43.44000000,13.29000000,44.08
1749265370,43.43000000,3.36100000,44.08
1749265370,43.42000000,0.22700000,44.08
1749265370,43.41000000,0.39900000,44.08
1749265370,43.40000000,0.41400000,44.08
1749265370,43.39000000,0.39900000,44.08
1749265370,43.38000000,0.87600000,44.08
1749265370,43.37000000,31.61700000,44.08
1749265370,43.36000000,2.53300000,44.08
1749265370,43.35000000,87.77100000,44.08
1749265370,43.34000000,35.22500000,44.08
1749265370,43.33000000,6.23200000,44.08
1749265370,43.32000000,36.54200000,44.08
1749265370,43.31000000,75.35600000,44.08
1749265370,43.30000000,1.47400000,44.08
1749265370,43.29000000,2.02000000,44.08
1749265370,43.28000000,9.67500000,44.08
1749265370,43.27000000,0.17200000,44.08
1749265370,43.24000000,51.61100000,44.08
1749265370,43.23000000,3.43500000,44.08
1749265370,43.21000000,10.28400000,44.08
1749265370,43.20000000,5.00000000,44.08
1749265370,43.18000000,0.57400000,44.08
1749265370,43.14000000,0.23200000,44.08
1749265370,43.12000000,96.21400000,44.08
1749265370,43.11000000,31.40600000,44.08
1749265370,43.10000000,67.83700000,44.08
1749265370,43.09000000,1.85900000,44.08
1749265370,43.07000000,23.90800000,44.08
1749265370,43.06000000,0.67400000,44.08
1749265370,43.05000000,0.63800000,44.08
1749265370,43.02000000,10.75100000,44.08
1749265370,43.00000000,293.74200000,44.08
1749265370,42.96000000,0.51400000,44.08
1749265370,42.90000000,0.37700000,44.08
1749265370,42.87000000,0.13100000,44.08
1749265671,44.04000000,23.06100000,44.05
1749265671,44.03000000,196.45700000,44.05
1749265671,44.02000000,186.69600000,44.05
1749265671,44.01000000,335.42100000,44.05
1749265671,44.00000000,162.66500000,44.05
1749265671,43.99000000,86.30000000,44.05
1749265671,43.98000000,130.32300000,44.05
1749265671,43.97000000,289.48400000,44.05
1749265671,43.96000000,277.45400000,44.05
1749265671,43.95000000,71.68300000,44.05
1749265671,43.94000000,33.33100000,44.05
1749265671,43.93000000,33.50200000,44.05
1749265671,43.92000000,34.72100000,44.05
1749265671,43.91000000,10.47000000,44.05
1749265671,43.90000000,68.20600000,44.05
1749265671,43.89000000,23.99200000,44.05
1749265671,43.88000000,10.12800000,44.05
1749265671,43.87000000,13.29900000,44.05
1749265671,43.86000000,34.55800000,44.05
1749265671,43.85000000,13.62600000,44.05
1749265671,43.84000000,10.12900000,44.05
1749265671,43.83000000,23.36400000,44.05
1749265671,43.82000000,127.96000000,44.05
1749265671,43.81000000,16.34200000,44.05
1749265671,43.80000000,69.16700000,44.05
1749265671,43.79000000,53.76100000,44.05
1749265671,43.78000000,88.56800000,44.05
1749265671,43.77000000,25.63500000,44.05
1749265671,43.76000000,100.13100000,44.05
1749265671,43.75000000,10.30100000,44.05
1749265671,43.74000000,25.46400000,44.05
1749265671,43.73000000,0.40100000,44.05
1749265671,43.72000000,2.50400000,44.05
1749265671,43.71000000,23.36400000,44.05
1749265671,43.70000000,2.65100000,44.05
1749265671,43.69000000,21.57300000,44.05
1749265671,43.68000000,24.96300000,44.05
1749265671,43.67000000,14.03400000,44.05
1749265671,43.66000000,12.72900000,44.05
1749265671,43.65000000,13.46400000,44.05
1749265671,43.64000000,2.50000000,44.05
1749265671,43.63000000,61.17900000,44.05
1749265671,43.62000000,54.67600000,44.05
1749265671,43.61000000,0.67300000,44.05
1749265671,43.60000000,13.29200000,44.05
1749265671,43.59000000,31.46100000,44.05
1749265671,43.58000000,0.71300000,44.05
1749265671,43.57000000,13.46400000,44.05
1749265671,43.56000000,0.36000000,44.05
1749265671,43.55000000,0.40100000,44.05
1749265671,43.54000000,15.58400000,44.05
1749265671,43.53000000,72.85900000,44.05
1749265671,43.52000000,17.55700000,44.05
1749265671,43.51000000,13.46400000,44.05
1749265671,43.50000000,88.79100000,44.05
1749265671,43.49000000,0.39800000,44.05
1749265671,43.48000000,0.22600000,44.05
1749265671,43.47000000,4.76000000,44.05
1749265671,43.46000000,0.22600000,44.05
1749265671,43.45000000,12.91100000,44.05
1749265671,43.44000000,0.22700000,44.05
1749265671,43.43000000,0.39900000,44.05
1749265671,43.42000000,0.22700000,44.05
1749265671,43.41000000,0.39900000,44.05
1749265671,43.40000000,0.41400000,44.05
1749265671,43.39000000,0.39900000,44.05
1749265671,43.38000000,0.87600000,44.05
1749265671,43.37000000,0.39900000,44.05
1749265671,43.36000000,2.53300000,44.05
1749265671,43.35000000,87.77100000,44.05
1749265671,43.34000000,23.06900000,44.05
1749265671,43.33000000,0.69400000,44.05
1749265671,43.32000000,36.76900000,44.05
1749265671,43.31000000,74.46900000,44.05
1749265671,43.30000000,1.70100000,44.05
1749265671,43.29000000,2.07600000,44.05
1749265671,43.24000000,62.41100000,44.05
1749265671,43.23000000,3.43500000,44.05
1749265671,43.21000000,10.28400000,44.05
1749265671,43.20000000,5.00000000,44.05
1749265671,43.18000000,0.57400000,44.05
1749265671,43.16000000,2.31200000,44.05
1749265671,43.14000000,0.23200000,44.05
1749265671,43.13000000,57.53600000,44.05
1749265671,43.12000000,96.21400000,44.05
1749265671,43.11000000,31.40600000,44.05
1749265671,43.10000000,10.25500000,44.05
1749265671,43.09000000,1.85900000,44.05
1749265671,43.07000000,23.90800000,44.05
1749265671,43.06000000,0.67400000,44.05
1749265671,43.05000000,0.63800000,44.05
1749265671,43.02000000,10.75100000,44.05
1749265671,43.00000000,293.74200000,44.05
1749265671,42.96000000,0.51400000,44.05
1749265671,42.90000000,0.37700000,44.05
1749265671,42.87000000,0.13100000,44.05
1749265671,42.86000000,27.98800000,44.05
1749265671,42.81000000,0.15000000,44.05
1749265671,42.80000000,60.00000000,44.05
1749265671,42.78000000,0.16400000,44.05
1749265973,44.29000000,9.90000000,44.34
1749265973,44.28000000,65.91700000,44.34
1749265973,44.27000000,45.68100000,44.34
1749265973,44.26000000,102.44400000,44.34
1749265973,44.25000000,264.76600000,44.34
1749265973,44.24000000,286.56200000,44.34
1749265973,44.23000000,160.34100000,44.34
1749265973,44.22000000,137.31400000,44.34
1749265973,44.21000000,94.61000000,44.34
1749265973,44.20000000,97.09200000,44.34
1749265973,44.19000000,10.46700000,44.34
1749265973,44.18000000,32.16400000,44.34
1749265973,44.17000000,34.25900000,44.34
1749265973,44.16000000,66.94300000,44.34
1749265973,44.15000000,10.46700000,44.34
1749265973,44.14000000,25.58200000,44.34
1749265973,44.13000000,10.29700000,44.34
1749265973,44.12000000,10.12700000,44.34
1749265973,44.11000000,33.06300000,44.34
1749265973,44.10000000,10.12700000,44.34
1749265973,44.09000000,66.08500000,44.34
1749265973,44.08000000,24.61100000,44.34
1749265973,44.07000000,10.29800000,44.34
1749265973,44.06000000,10.12700000,44.34
1749265973,44.05000000,15.11800000,44.34
1749265973,44.04000000,10.12700000,44.34
1749265973,44.03000000,12.68900000,44.34
1749265973,44.02000000,90.39800000,44.34
1749265973,44.01000000,123.54700000,44.34
1749265973,44.00000000,111.72300000,44.34
1749265973,43.99000000,14.71500000,44.34
1749265973,43.98000000,23.19100000,44.34
1749265973,43.97000000,10.29900000,44.34
1749265973,43.96000000,12.39300000,44.34
1749265973,43.95000000,23.36200000,44.34
1749265973,43.94000000,12.53000000,44.34
1749265973,43.93000000,10.29900000,44.34
1749265973,43.92000000,14.93700000,44.34
1749265973,43.91000000,0.39900000,44.34
1749265973,43.90000000,60.63300000,44.34
1749265973,43.89000000,16.86100000,44.34
1749265973,43.88000000,0.22800000,44.34
1749265973,43.87000000,0.39900000,44.34
1749265973,43.86000000,67.44100000,44.34
1749265973,43.85000000,0.40000000,44.34
1749265973,43.84000000,0.50100000,44.34
1749265973,43.83000000,13.46400000,44.34
1749265973,43.82000000,0.22900000,44.34
1749265973,43.81000000,0.40100000,44.34
1749265973,43.80000000,13.29200000,44.34
1749265973,43.79000000,0.53200000,44.34
1749265973,43.78000000,0.22900000,44.34
1749265973,43.77000000,29.97400000,44.34
1749265973,43.76000000,77.10600000,44.34
1749265973,43.75000000,0.40100000,44.34
1749265973,43.74000000,13.29200000,44.34
1749265973,43.73000000,31.36200000,44.34
1749265973,43.72000000,0.22900000,44.34
1749265973,43.71000000,13.46400000,44.34
1749265973,43.70000000,0.22900000,44.34
1749265973,43.69000000,31.29500000,44.34
1749265973,43.68000000,1.82800000,44.34
1749265973,43.67000000,0.40100000,44.34
1749265973,43.66000000,8.68800000,44.34
1749265973,43.65000000,0.40100000,44.34
1749265973,43.64000000,0.22900000,44.34
1749265973,43.63000000,0.40100000,44.34
1749265973,43.62000000,0.22900000,44.34
1749265973,43.61000000,3.35100000,44.34
1749265973,43.60000000,22.93500000,44.34
1749265973,43.59000000,0.40100000,44.34
1749265973,43.58000000,0.71000000,44.34
1749265973,43.57000000,0.39800000,44.34
1749265973,43.56000000,12.45200000,44.34
1749265973,43.55000000,0.39800000,44.34
1749265973,43.53000000,0.17200000,44.34
1749265973,43.52000000,0.82500000,44.34
1749265973,43.50000000,57.44000000,44.34
1749265973,43.45000000,0.38600000,44.34
1749265973,43.44000000,41.02200000,44.34
1749265973,43.41000000,3.42000000,44.34
1749265973,43.40000000,0.18700000,44.34
1749265973,43.38000000,0.64900000,44.34
1749265973,43.37000000,10.36900000,44.34
1749265973,43.36000000,2.87700000,44.34
1749265973,43.35000000,87.37200000,44.34
1749265973,43.33000000,0.29500000,44.34
1749265973,43.32000000,37.23400000,44.34
1749265973,43.31000000,74.07000000,44.34
1749265973,43.30000000,1.47400000,44.34
1749265973,43.29000000,1.84800000,44.34
1749265973,43.21000000,10.28400000,44.34
1749265973,43.20000000,36.34100000,44.34
1749265973,43.16000000,22.98000000,44.34
1749265973,43.14000000,0.23200000,44.34
1749265973,43.13000000,57.53600000,44.34
1749265973,43.12000000,95.51900000,44.34
1749265973,43.10000000,10.25500000,44.34
1749265973,43.09000000,1.85900000,44.34
1749265973,43.08000000,26.19700000,44.34
1749266279,44.21000000,121.37300000,44.21
1749266279,44.20000000,83.26600000,44.21
1749266279,44.19000000,61.19400000,44.21
1749266279,44.18000000,166.47900000,44.21
1749266279,44.17000000,272.51400000,44.21
1749266279,44.16000000,158.90800000,44.21
1749266279,44.15000000,98.54100000,44.21
1749266279,44.14000000,107.33400000,44.21
1749266279,44.13000000,154.48500000,44.21
1749266279,44.12000000,142.51900000,44.21
1749266279,44.11000000,33.23300000,44.21
1749266279,44.10000000,27.41000000,44.21
1749266279,44.09000000,66.48400000,44.21
1749266279,44.08000000,23.82000000,44.21
1749266279,44.07000000,10.29800000,44.21
1749266279,44.06000000,112.37500000,44.21
1749266279,44.05000000,16.92100000,44.21
1749266279,44.04000000,27.69100000,44.21
1749266279,44.03000000,13.43000000,44.21
1749266279,44.02000000,88.13900000,44.21
1749266279,44.01000000,34.14100000,44.21
1749266279,44.00000000,38.97400000,44.21
1749266279,43.99000000,17.16800000,44.21
1749266279,43.98000000,68.97800000,44.21
1749266279,43.97000000,106.05000000,44.21
1749266279,43.96000000,12.38900000,44.21
1749266279,43.95000000,23.36200000,44.21
1749266279,43.94000000,0.36500000,44.21
1749266279,43.93000000,4.86800000,44.21
1749266279,43.92000000,24.83700000,44.21
1749266279,43.91000000,6.08000000,44.21
1749266279,43.90000000,70.53300000,44.21
1749266279,43.89000000,23.36200000,44.21
1749266279,43.88000000,0.22800000,44.21
1749266279,43.87000000,2.65600000,44.21
1749266279,43.86000000,77.34100000,44.21
1749266279,43.85000000,2.66000000,44.21
1749266279,43.84000000,13.79400000,44.21
1749266279,43.83000000,54.25400000,44.21
1749266279,43.82000000,74.48600000,44.21
1749266279,43.81000000,12.56000000,44.21
1749266279,43.80000000,25.47100000,44.21
1749266279,43.79000000,0.53200000,44.21
1749266279,43.78000000,0.22900000,44.21
1749266279,43.77000000,23.36400000,44.21
1749266279,43.76000000,5.02900000,44.21
1749266279,43.75000000,10.30100000,44.21
1749266279,43.74000000,0.22900000,44.21
1749266279,43.73000000,10.30100000,44.21
1749266279,43.72000000,1.82700000,44.21
1749266279,43.71000000,0.40100000,44.21
1749266279,43.70000000,34.15600000,44.21
1749266279,43.69000000,0.30600000,44.21
1749266279,43.68000000,0.22900000,44.21
1749266279,43.67000000,0.40100000,44.21
1749266279,43.66000000,0.22900000,44.21
1749266279,43.65000000,17.04900000,44.21
1749266279,43.64000000,8.69100000,44.21
1749266279,43.63000000,0.39800000,44.21
1749266279,43.62000000,0.22600000,44.21
1749266279,43.61000000,0.39800000,44.21
1749266279,43.60000000,22.93200000,44.21
1749266279,43.59000000,0.39800000,44.21
1749266279,43.58000000,4.11700000,44.21
1749266279,43.57000000,0.22600000,44.21
1749266279,43.56000000,12.45200000,44.21
1749266279,43.55000000,0.22600000,44.21
1749266279,43.54000000,0.22600000,44.21
1749266279,43.53000000,0.22600000,44.21
1749266279,43.52000000,1.05100000,44.21
1749266279,43.51000000,0.22600000,44.21
1749266279,43.50000000,57.66600000,44.21
1749266279,43.49000000,10.56600000,44.21
1749266279,43.48000000,0.22600000,44.21
1749266279,43.47000000,8.55200000,44.21
1749266279,43.46000000,261.19000000,44.21
1749266279,43.45000000,0.38600000,44.21
1749266279,43.44000000,41.02200000,44.21
1749266279,43.42000000,2.29900000,44.21
1749266279,43.40000000,0.18700000,44.21
1749266279,43.38000000,0.64900000,44.21
1749266279,43.36000000,33.51000000,44.21
1749266279,43.35000000,118.60400000,44.21
1749266279,43.33000000,26.91100000,44.21
1749266279,43.32000000,37.23400000,44.21
1749266279,43.31000000,99.88100000,44.21
1749266279,43.30000000,1.47400000,44.21
1749266279,43.29000000,1.84800000,44.21
1749266279,43.25000000,22.95200000,44.21
1749266279,43.21000000,10.28400000,44.21
1749266279,43.20000000,5.00000000,44.21
1749266279,43.14000000,0.23200000,44.21
1749266279,43.12000000,109.52500000,44.21
1749266279,43.10000000,10.25500000,44.21
1749266279,43.09000000,1.85900000,44.21
1749266279,43.07000000,0.87200000,44.21
1749266279,43.06000000,0.67400000,44.21
1749266279,43.05000000,0.20000000,44.21
1749266279,43.02000000,10.75100000,44.21
1749266279,43.01000000,23.45700000,44.21
1749266581,44.15000000,4.54800000,44.15
1749266581,44.14000000,156.20100000,44.15
1749266581,44.13000000,27.27400000,44.15
1749266581,44.12000000,80.14700000,44.15
1749266581,44.11000000,149.24600000,44.15
1749266581,44.10000000,194.81400000,44.15
1749266581,44.09000000,332.59300000,44.15
1749266581,44.08000000,193.28700000,44.15
1749266581,44.07000000,138.61400000,44.15
1749266581,44.06000000,136.71600000,44.15
1749266581,44.05000000,189.49000000,44.15
1749266581,44.04000000,52.52900000,44.15
1749266581,44.03000000,72.39100000,44.15
1749266581,44.02000000,25.94800000,44.15
1749266581,44.01000000,23.53200000,44.15
1749266581,44.00000000,37.89100000,44.15
1749266581,43.99000000,11.45600000,44.15
1749266581,43.98000000,28.18900000,44.15
1749266581,43.97000000,12.47600000,44.15
1749266581,43.96000000,66.14400000,44.15
1749266581,43.95000000,28.24800000,44.15
1749266581,43.94000000,21.06700000,44.15
1749266581,43.93000000,10.29900000,44.15
1749266581,43.92000000,24.83700000,44.15
1749266581,43.91000000,88.50600000,44.15
1749266581,43.90000000,112.53700000,44.15
1749266581,43.89000000,42.59400000,44.15
1749266581,43.88000000,77.75900000,44.15
1749266581,43.87000000,2.66500000,44.15
1749266581,43.86000000,25.40900000,44.15
1749266581,43.85000000,2.66000000,44.15
1749266581,43.84000000,18.27500000,44.15
1749266581,43.83000000,98.29200000,44.15
1749266581,43.82000000,72.20800000,44.15
1749266581,43.81000000,12.56000000,44.15
1749266581,43.80000000,23.19200000,44.15
1749266581,43.79000000,56.09200000,44.15
1749266581,43.78000000,2.49100000,44.15
1749266581,43.77000000,23.36400000,44.15
1749266581,43.76000000,18.32400000,44.15
1749266581,43.75000000,70.91500000,44.15
1749266581,43.74000000,2.49200000,44.15
1749266581,43.73000000,10.30100000,44.15
1749266581,43.72000000,31.19700000,44.15
1749266581,43.71000000,2.66700000,44.15
1749266581,43.70000000,57.52100000,44.15
1749266581,43.69000000,0.30600000,44.15
1749266581,43.68000000,2.51400000,44.15
1749266581,43.67000000,0.40100000,44.15
1749266581,43.66000000,0.22900000,44.15
1749266581,43.65000000,14.76300000,44.15
1749266581,43.64000000,0.22900000,44.15
1749266581,43.63000000,0.39800000,44.15
1749266581,43.62000000,0.22600000,44.15
1749266581,43.61000000,0.39800000,44.15
1749266581,43.60000000,0.22600000,44.15
1749266581,43.59000000,0.39800000,44.15
1749266581,43.58000000,0.71000000,44.15
1749266581,43.57000000,31.30100000,44.15
1749266581,43.56000000,14.05600000,44.15
1749266581,43.55000000,8.70600000,44.15
1749266581,43.54000000,0.22600000,44.15
1749266581,43.53000000,0.22600000,44.15
1749266581,43.52000000,1.05100000,44.15
1749266581,43.51000000,0.22600000,44.15
1749266581,43.50000000,57.66600000,44.15
1749266581,43.49000000,22.98900000,44.15
1749266581,43.48000000,0.22600000,44.15
1749266581,43.47000000,8.39200000,44.15
1749266581,43.46000000,263.48600000,44.15
1749266581,43.45000000,0.61300000,44.15
1749266581,43.44000000,41.24900000,44.15
1749266581,43.43000000,5.75200000,44.15
1749266581,43.42000000,0.22700000,44.15
1749266581,43.41000000,0.22700000,44.15
1749266581,43.40000000,3.83500000,44.15
1749266581,43.38000000,0.64900000,44.15
1749266581,43.37000000,10.36900000,44.15
1749266581,43.36000000,2.87700000,44.15
1749266581,43.35000000,87.37200000,44.15
1749266581,43.33000000,0.29500000,44.15
1749266581,43.32000000,37.23400000,44.15
1749266581,43.31000000,74.07000000,44.15
1749266581,43.30000000,1.47400000,44.15
1749266581,43.29000000,1.84800000,44.15
1749266581,43.25000000,31.30500000,44.15
1749266581,43.23000000,53.64500000,44.15
1749266581,43.22000000,26.58300000,44.15
1749266581,43.21000000,10.28400000,44.15
1749266581,43.20000000,5.00000000,44.15
1749266581,43.14000000,0.23200000,44.15
1749266581,43.12000000,95.51900000,44.15
1749266581,43.10000000,10.25500000,44.15
1749266581,43.08000000,26.31300000,44.15
1749266581,43.07000000,0.87200000,44.15
1749266581,43.06000000,0.67400000,44.15
1749266581,43.05000000,0.20000000,44.15
1749266581,43.02000000,10.75100000,44.15
1749266581,43.01000000,25.21400000,44.15
1749266581,43.00000000,293.74200000,44.15
1749266883,44.27000000,24.98400000,44.27
1749266883,44.26000000,160.57700000,44.27
1749266883,44.25000000,26.98000000,44.27
1749266883,44.24000000,76.46900000,44.27
1749266883,44.23000000,196.07400000,44.27
1749266883,44.22000000,171.73000000,44.27
1749266883,44.21000000,251.86800000,44.27
1749266883,44.20000000,197.74500000,44.27
1749266883,44.19000000,213.66300000,44.27
1749266883,44.18000000,142.55500000,44.27
1749266883,44.17000000,90.68700000,44.27
1749266883,44.16000000,101.33100000,44.27
1749266883,44.15000000,8.49300000,44.27
1749266883,44.14000000,10.29700000,44.27
1749266883,44.13000000,23.53000000,44.27
1749266883,44.12000000,32.58700000,44.27
1749266883,44.11000000,20.46700000,44.27
1749266883,44.10000000,10.29800000,44.27
1749266883,44.09000000,68.69200000,44.27
1749266883,44.08000000,19.45700000,44.27
1749266883,44.07000000,23.36100000,44.27
1749266883,44.06000000,14.65400000,44.27
1749266883,44.05000000,17.00200000,44.27
1749266883,44.04000000,23.19000000,44.27
1749266883,44.03000000,156.30500000,44.27
1749266883,44.02000000,24.41100000,44.27
1749266883,44.01000000,71.11100000,44.27
1749266883,44.00000000,39.35000000,44.27
1749266883,43.99000000,6.70700000,44.27
1749266883,43.98000000,28.93400000,44.27
1749266883,43.97000000,10.29900000,44.27
1749266883,43.96000000,91.60400000,44.27
1749266883,43.95000000,23.36200000,44.27
1749266883,43.94000000,10.26500000,44.27
1749266883,43.93000000,12.56200000,44.27
1749266883,43.92000000,27.10100000,44.27
1749266883,43.91000000,88.50600000,44.27
1749266883,43.90000000,0.22800000,44.27
1749266883,43.89000000,25.62600000,44.27
1749266883,43.88000000,0.22800000,44.27
1749266883,43.87000000,3.79700000,44.27
1749266883,43.86000000,15.50900000,44.27
1749266883,43.85000000,0.40000000,44.27
1749266883,43.84000000,0.50100000,44.27
1749266883,43.83000000,13.46400000,44.27
1749266883,43.82000000,72.20800000,44.27
1749266883,43.81000000,31.30500000,44.27
1749266883,43.80000000,13.29200000,44.27
1749266883,43.79000000,0.53200000,44.27
1749266883,43.78000000,0.22900000,44.27
1749266883,43.77000000,13.46400000,44.27
1749266883,43.76000000,5.02900000,44.27
1749266883,43.75000000,0.40100000,44.27
1749266883,43.74000000,54.52600000,44.27
1749266883,43.73000000,0.40100000,44.27
1749266883,43.72000000,0.22900000,44.27
1749266883,43.71000000,0.40100000,44.27
1749266883,43.70000000,5.91500000,44.27
1749266883,43.69000000,40.89000000,44.27
1749266883,43.68000000,0.22900000,44.27
1749266883,43.67000000,0.40100000,44.27
1749266883,43.66000000,0.22900000,44.27
1749266883,43.65000000,14.76300000,44.27
1749266883,43.64000000,0.22900000,44.27
1749266883,43.63000000,0.39800000,44.27
1749266883,43.62000000,22.92200000,44.27
1749266883,43.61000000,0.39800000,44.27
1749266883,43.60000000,0.22600000,44.27
1749266883,43.59000000,0.39800000,44.27
1749266883,43.58000000,0.71000000,44.27
1749266883,43.57000000,0.22600000,44.27
1749266883,43.56000000,12.45200000,44.27
1749266883,43.55000000,0.22600000,44.27
1749266883,43.54000000,0.22600000,44.27
1749266883,43.53000000,0.22600000,44.27
1749266883,43.52000000,1.05100000,44.27
1749266883,43.50000000,57.44000000,44.27
1749266883,43.47000000,8.67700000,44.27
1749266883,43.46000000,260.96300000,44.27
1749266883,43.45000000,0.38600000,44.27
1749266883,43.44000000,41.02200000,44.27
1749266883,43.40000000,3.60800000,44.27
1749266883,43.38000000,0.64900000,44.27
1749266883,43.37000000,10.36900000,44.27
1749266883,43.36000000,2.87700000,44.27
1749266883,43.35000000,87.37200000,44.27
1749266883,43.33000000,0.29500000,44.27
1749266883,43.32000000,37.23400000,44.27
1749266883,43.31000000,74.07000000,44.27
1749266883,43.30000000,1.47400000,44.27
1749266883,43.29000000,1.84800000,44.27
1749266883,43.25000000,31.30500000,44.27
1749266883,43.23000000,53.64500000,44.27
1749266883,43.22000000,26.58300000,44.27
1749266883,43.21000000,10.28400000,44.27
1749266883,43.20000000,5.00000000,44.27
1749266883,43.14000000,0.23200000,44.27
1749266883,43.12000000,95.51900000,44.27
1749266883,43.10000000,10.25500000,44.27
1749266883,43.08000000,26.31300000,44.27
1749267184,44.32000000,25.54800000,44.33
1749267184,44.31000000,86.06600000,44.33
1749267184,44.30000000,185.02600000,44.33
1749267184,44.29000000,123.51000000,44.33
1749267184,44.28000000,216.90100000,44.33
1749267184,44.27000000,208.30200000,44.33
1749267184,44.26000000,160.06800000,44.33
1749267184,44.25000000,175.71000000,44.33
1749267184,44.24000000,147.23900000,44.33
1749267184,44.23000000,154.52500000,44.33
1749267184,44.22000000,62.12400000,44.33
1749267184,44.21000000,21.49500000,44.33
1749267184,44.20000000,17.74800000,44.33
1749267184,44.19000000,23.53000000,44.33
1749267184,44.18000000,10.29700000,44.33
1749267184,44.17000000,13.46700000,44.33
1749267184,44.16000000,101.00600000,44.33
1749267184,44.15000000,11.96600000,44.33
1749267184,44.14000000,10.12700000,44.33
1749267184,44.13000000,23.36000000,44.33
1749267184,44.12000000,10.12700000,44.33
1749267184,44.11000000,20.29700000,44.33
1749267184,44.10000000,18.49500000,44.33
1749267184,44.09000000,84.78900000,44.33
1749267184,44.08000000,58.06600000,44.33
1749267184,44.07000000,123.37400000,44.33
1749267184,44.06000000,12.38400000,44.33
1749267184,44.05000000,16.02200000,44.33
1749267184,44.04000000,70.85800000,44.33
1749267184,44.03000000,88.44900000,44.33
1749267184,44.02000000,10.12800000,44.33
1749267184,44.01000000,85.87600000,44.33
1749267184,44.00000000,39.35000000,44.33
1749267184,43.99000000,6.70700000,44.33
1749267184,43.98000000,23.19100000,44.33
1749267184,43.97000000,0.39900000,44.33
1749267184,43.96000000,2.48900000,44.33
1749267184,43.95000000,23.36200000,44.33
1749267184,43.94000000,0.36500000,44.33
1749267184,43.93000000,2.66200000,44.33
1749267184,43.92000000,25.96900000,44.33
1749267184,43.91000000,0.39900000,44.33
1749267184,43.90000000,0.22800000,44.33
1749267184,43.89000000,13.46200000,44.33
1749267184,43.88000000,0.22800000,44.33
1749267184,43.87000000,0.39900000,44.33
1749267184,43.86000000,15.50900000,44.33
1749267184,43.85000000,0.40000000,44.33
1749267184,43.84000000,0.50100000,44.33
1749267184,43.83000000,13.46400000,44.33
1749267184,43.82000000,72.20800000,44.33
1749267184,43.81000000,31.30500000,44.33
1749267184,43.80000000,13.29200000,44.33
1749267184,43.79000000,3.47000000,44.33
1749267184,43.78000000,0.22900000,44.33
1749267184,43.77000000,27.70100000,44.33
1749267184,43.76000000,5.02900000,44.33
1749267184,43.75000000,0.40100000,44.33
1749267184,43.74000000,56.12300000,44.33
1749267184,43.73000000,8.84600000,44.33
1749267184,43.72000000,0.22900000,44.33
1749267184,43.71000000,0.40100000,44.33
1749267184,43.70000000,0.22900000,44.33
1749267184,43.69000000,31.29500000,44.33
1749267184,43.68000000,0.22900000,44.33
1749267184,43.67000000,0.40100000,44.33
1749267184,43.66000000,0.22900000,44.33
1749267184,43.65000000,0.40100000,44.33
1749267184,43.64000000,0.22900000,44.33
1749267184,43.63000000,0.39800000,44.33
1749267184,43.62000000,22.92200000,44.33
1749267184,43.61000000,0.39800000,44.33
1749267184,43.60000000,0.22600000,44.33
1749267184,43.59000000,5.90300000,44.33
1749267184,43.58000000,4.11700000,44.33
1749267184,43.57000000,0.22600000,44.33
1749267184,43.56000000,12.22600000,44.33
1749267184,43.52000000,0.82500000,44.33
1749267184,43.50000000,57.44000000,44.33
1749267184,43.49000000,0.57000000,44.33
1749267184,43.48000000,10.34200000,44.33
1749267184,43.47000000,9.77800000,44.33
1749267184,43.46000000,260.96300000,44.33
1749267184,43.45000000,0.38600000,44.33
1749267184,43.44000000,41.02200000,44.33
1749267184,43.40000000,0.18700000,44.33
1749267184,43.38000000,57.78200000,44.33
1749267184,43.36000000,2.30600000,44.33
1749267184,43.35000000,118.60400000,44.33
1749267184,43.33000000,0.29500000,44.33
1749267184,43.32000000,37.23400000,44.33
1749267184,43.31000000,96.87600000,44.33
1749267184,43.30000000,1.47400000,44.33
1749267184,43.29000000,1.84800000,44.33
1749267184,43.21000000,10.28400000,44.33
1749267184,43.20000000,5.00000000,44.33
1749267184,43.14000000,0.23200000,44.33
1749267184,43.12000000,95.51900000,44.33
1749267184,43.10000000,10.25500000,44.33
1749267184,43.08000000,26.31300000,44.33
1749267491,44.26000000,5.94600000,44.27
1749267491,44.25000000,141.58000000,44.27
1749267491,44.24000000,67.47200000,44.27
1749267491,44.23000000,96.16100000,44.27
1749267491,44.22000000,148.62000000,44.27
1749267491,44.21000000,141.52500000,44.27
1749267491,44.20000000,175.50900000,44.27
1749267491,44.19000000,191.88500000,44.27
1749267491,44.18000000,285.06200000,44.27
1749267491,44.17000000,199.35600000,44.27
1749267491,44.16000000,164.46600000,44.27
1749267491,44.15000000,111.82500000,44.27
1749267491,44.14000000,16.72700000,44.27
1749267491,44.13000000,15.18900000,44.27
1749267491,44.12000000,36.67900000,44.27
1749267491,44.11000000,28.25600000,44.27
1749267491,44.10000000,38.61800000,44.27
1749267491,44.09000000,66.48500000,44.27
1749267491,44.08000000,25.39900000,44.27
1749267491,44.07000000,11.69700000,44.27
1749267491,44.06000000,13.26300000,44.27
1749267491,44.05000000,17.84500000,44.27
1749267491,44.04000000,23.19000000,44.27
1749267491,44.03000000,31.39800000,44.27
1749267491,44.02000000,156.17000000,44.27
1749267491,44.01000000,68.85200000,44.27
1749267491,44.00000000,112.74000000,44.27
1749267491,43.99000000,8.96700000,44.27
1749267491,43.98000000,28.93700000,44.27
1749267491,43.97000000,10.29900000,44.27
1749267491,43.96000000,16.89800000,44.27
1749267491,43.95000000,23.36200000,44.27
1749267491,43.94000000,85.01000000,44.27
1749267491,43.93000000,12.56300000,44.27
1749267491,43.92000000,27.09800000,44.27
1749267491,43.91000000,10.29900000,44.27
1749267491,43.90000000,12.39300000,44.27
1749267491,43.89000000,23.36200000,44.27
1749267491,43.88000000,62.92900000,44.27
1749267491,43.87000000,0.39900000,44.27
1749267491,43.86000000,13.29200000,44.27
1749267491,43.85000000,1.53300000,44.27
1749267491,43.84000000,0.50100000,44.27
1749267491,43.83000000,13.46400000,44.27
1749267491,43.82000000,2.44800000,44.27
1749267491,43.81000000,0.40100000,44.27
1749267491,43.80000000,13.29200000,44.27
1749267491,43.79000000,2.79200000,44.27
1749267491,43.78000000,0.22900000,44.27
1749267491,43.77000000,13.46400000,44.27
1749267491,43.76000000,0.22900000,44.27
1749267491,43.75000000,0.40100000,44.27
1749267491,43.74000000,54.52600000,44.27
1749267491,43.73000000,0.40100000,44.27
1749267491,43.72000000,31.19700000,44.27
1749267491,43.71000000,1.99900000,44.27
1749267491,43.70000000,16.03300000,44.27
1749267491,43.69000000,72.50000000,44.27
1749267491,43.68000000,0.22900000,44.27
1749267491,43.67000000,0.40100000,44.27
1749267491,43.66000000,3.17600000,44.27
1749267491,43.65000000,0.40100000,44.27
1749267491,43.64000000,0.22900000,44.27
1749267491,43.63000000,13.46100000,44.27
1749267491,43.62000000,113.37200000,44.27
1749267491,43.61000000,0.39800000,44.27
1749267491,43.60000000,0.22600000,44.27
1749267491,43.59000000,6.12300000,44.27
1749267491,43.58000000,0.83600000,44.27
1749267491,43.57000000,0.22600000,44.27
1749267491,43.56000000,12.45200000,44.27
1749267491,43.55000000,0.22600000,44.27
1749267491,43.54000000,0.22600000,44.27
1749267491,43.53000000,0.22600000,44.27
1749267491,43.52000000,32.16100000,44.27
1749267491,43.51000000,5.74100000,44.27
1749267491,43.50000000,85.29600000,44.27
1749267491,43.45000000,1.53400000,44.27
1749267491,43.44000000,10.35200000,44.27
1749267491,43.43000000,41.03100000,44.27
1749267491,43.40000000,4.04600000,44.27
1749267491,43.39000000,41.06900000,44.27
1749267491,43.38000000,0.64900000,44.27
1749267491,43.36000000,2.30600000,44.27
1749267491,43.35000000,87.37200000,44.27
1749267491,43.33000000,0.86700000,44.27
1749267491,43.32000000,37.23400000,44.27
1749267491,43.31000000,74.07000000,44.27
1749267491,43.30000000,1.47400000,44.27
1749267491,43.29000000,59.12300000,44.27
1749267491,43.27000000,22.83100000,44.27
1749267491,43.24000000,31.31200000,44.27
1749267491,43.21000000,10.28400000,44.27
1749267491,43.20000000,5.00000000,44.27
1749267491,43.19000000,9.88600000,44.27
1749267491,43.18000000,263.44400000,44.27
1749267491,43.14000000,0.23200000,44.27
1749267491,43.12000000,95.51900000,44.27
1749267491,43.10000000,10.25500000,44.27
1749267491,43.08000000,26.31300000,44.27
1749267792,44.26000000,41.62600000,44.26
1749267792,44.25000000,87.96500000,44.26
1749267792,44.24000000,177.14300000,44.26
1749267792,44.23000000,197.96200000,44.26
1749267792,44.22000000,299.24100000,44.26
1749267792,44.21000000,113.30100000,44.26
1749267792,44.20000000,99.91200000,44.26
1749267792,44.19000000,228.11900000,44.26
1749267792,44.18000000,285.92100000,44.26
1749267792,44.17000000,105.86300000,44.26
1749267792,44.16000000,83.34000000,44.26
1749267792,44.15000000,35.18300000,44.26
1749267792,44.14000000,23.36000000,44.26
1749267792,44.13000000,10.46700000,44.26
1749267792,44.12000000,23.23900000,44.26
1749267792,44.11000000,28.73500000,44.26
1749267792,44.10000000,62.81500000,44.26
1749267792,44.09000000,68.52100000,44.26
1749267792,44.08000000,27.77200000,44.26
1749267792,44.07000000,16.66700000,44.26
1749267792,44.06000000,117.86500000,44.26
1749267792,44.05000000,17.00400000,44.26
1749267792,44.04000000,27.72000000,44.26
1749267792,44.03000000,22.65500000,44.26
1749267792,44.02000000,55.87300000,44.26
1749267792,44.01000000,23.36200000,44.26
1749267792,44.00000000,149.44800000,44.26
1749267792,43.99000000,8.96600000,44.26
1749267792,43.98000000,28.93700000,44.26
1749267792,43.97000000,10.29900000,44.26
1749267792,43.96000000,12.38800000,44.26
1749267792,43.95000000,23.36200000,44.26
1749267792,43.94000000,10.26500000,44.26
1749267792,43.93000000,77.42500000,44.26
1749267792,43.92000000,27.09800000,44.26
1749267792,43.91000000,0.39900000,44.26
1749267792,43.90000000,12.39300000,44.26
1749267792,43.89000000,23.36200000,44.26
1749267792,43.88000000,70.56300000,44.26
1749267792,43.87000000,2.65500000,44.26
1749267792,43.86000000,26.54400000,44.26
1749267792,43.85000000,2.65800000,44.26
1749267792,43.84000000,2.75900000,44.26
1749267792,43.83000000,85.42700000,44.26
1749267792,43.82000000,0.22900000,44.26
1749267792,43.81000000,31.30500000,44.26
1749267792,43.80000000,13.29200000,44.26
1749267792,43.79000000,0.53200000,44.26
1749267792,43.78000000,0.22900000,44.26
1749267792,43.77000000,13.46400000,44.26
1749267792,43.76000000,2.51000000,44.26
1749267792,43.75000000,5.62300000,44.26
1749267792,43.74000000,68.67900000,44.26
1749267792,43.73000000,0.40100000,44.26
1749267792,43.72000000,0.22900000,44.26
1749267792,43.71000000,0.40100000,44.26
1749267792,43.70000000,13.29200000,44.26
1749267792,43.69000000,0.30600000,44.26
1749267792,43.68000000,2.97100000,44.26
1749267792,43.67000000,2.00100000,44.26
1749267792,43.66000000,5.94500000,44.26
1749267792,43.65000000,0.40100000,44.26
1749267792,43.64000000,0.22900000,44.26
1749267792,43.63000000,13.46100000,44.26
1749267792,43.62000000,53.96100000,44.26
1749267792,43.61000000,0.39800000,44.26
1749267792,43.60000000,0.22600000,44.26
1749267792,43.59000000,0.39800000,44.26
1749267792,43.58000000,4.11700000,44.26
1749267792,43.57000000,0.22600000,44.26
1749267792,43.56000000,12.45200000,44.26
1749267792,43.55000000,0.22600000,44.26
1749267792,43.54000000,0.22600000,44.26
1749267792,43.53000000,0.22600000,44.26
1749267792,43.52000000,1.05100000,44.26
1749267792,43.51000000,5.74100000,44.26
1749267792,43.50000000,85.29600000,44.26
1749267792,43.46000000,0.57000000,44.26
1749267792,43.45000000,0.38600000,44.26
1749267792,43.44000000,10.35200000,44.26
1749267792,43.43000000,41.03100000,44.26
1749267792,43.40000000,0.62500000,44.26
1749267792,43.38000000,0.64900000,44.26
1749267792,43.36000000,2.30600000,44.26
1749267792,43.35000000,87.37200000,44.26
1749267792,43.34000000,31.24000000,44.26
1749267792,43.33000000,0.86700000,44.26
1749267792,43.32000000,37.23400000,44.26
1749267792,43.31000000,74.07000000,44.26
1749267792,43.30000000,1.47400000,44.26
1749267792,43.29000000,59.12300000,44.26
1749267792,43.27000000,22.83100000,44.26
1749267792,43.21000000,10.28400000,44.26
1749267792,43.20000000,5.00000000,44.26
1749267792,43.19000000,11.78200000,44.26
1749267792,43.18000000,263.44400000,44.26
1749267792,43.14000000,0.23200000,44.26
1749267792,43.12000000,95.51900000,44.26
