timestamp,price,volume,current_price
1749258478,0.36790000,142.40000000,0.368
1749258478,0.36780000,25873.30000000,0.368
1749258478,0.36770000,5095.00000000,0.368
1749258478,0.36760000,3090.80000000,0.368
1749258478,0.36750000,5710.40000000,0.368
1749258478,0.36740000,9495.70000000,0.368
1749258478,0.36730000,5597.00000000,0.368
1749258478,0.36720000,18817.90000000,0.368
1749258478,0.36710000,29385.90000000,0.368
1749258478,0.36700000,9245.60000000,0.368
1749258478,0.36690000,1514.30000000,0.368
1749258478,0.36680000,4354.90000000,0.368
1749258478,0.36670000,1639.30000000,0.368
1749258478,0.36660000,2325.90000000,0.368
1749258478,0.36650000,7176.20000000,0.368
1749258478,0.36640000,1409.80000000,0.368
1749258478,0.36630000,1497.80000000,0.368
1749258478,0.36620000,1410.40000000,0.368
1749258478,0.36610000,8760.10000000,0.368
1749258478,0.36600000,5073.00000000,0.368
1749258478,0.36590000,1427.10000000,0.368
1749258478,0.36580000,5899.10000000,0.368
1749258478,0.36570000,4628.50000000,0.368
1749258478,0.36560000,3626.70000000,0.368
1749258478,0.36550000,4233.30000000,0.368
1749258478,0.36540000,721.70000000,0.368
1749258478,0.36530000,678.00000000,0.368
1749258478,0.36520000,3582.70000000,0.368
1749258478,0.36510000,678.00000000,0.368
1749258478,0.36500000,991.90000000,0.368
1749258478,0.36490000,4233.30000000,0.368
1749258478,0.36480000,3633.30000000,0.368
1749258478,0.36470000,48.10000000,0.368
1749258478,0.36460000,4212.80000000,0.368
1749258478,0.36450000,48.10000000,0.368
1749258478,0.36440000,3334.70000000,0.368
1749258478,0.36430000,3603.40000000,0.368
1749258478,0.36420000,27.50000000,0.368
1749258478,0.36410000,48.10000000,0.368
1749258478,0.36400000,3597.20000000,0.368
1749258478,0.36390000,48.10000000,0.368
1749258478,0.36380000,3252.90000000,0.368
1749258478,0.36370000,48.20000000,0.368
1749258478,0.36360000,27.50000000,0.368
1749258478,0.36350000,3603.60000000,0.368
1749258478,0.36340000,27.60000000,0.368
1749258478,0.36330000,48.30000000,0.368
1749258478,0.36320000,3582.90000000,0.368
1749258478,0.36310000,114.90000000,0.368
1749258478,0.36300000,27.60000000,0.368
1749258478,0.36290000,3603.60000000,0.368
1749258478,0.36280000,27.60000000,0.368
1749258478,0.36270000,48.30000000,0.368
1749258478,0.36260000,3582.90000000,0.368
1749258478,0.36250000,48.30000000,0.368
1749258478,0.36240000,27.60000000,0.368
1749258478,0.36230000,3603.60000000,0.368
1749258478,0.36220000,2760.90000000,0.368
1749258478,0.36210000,48.40000000,0.368
1749258478,0.36200000,3583.00000000,0.368
1749258478,0.36190000,48.50000000,0.368
1749258478,0.36180000,188.00000000,0.368
1749258478,0.36170000,3603.80000000,0.368
1749258478,0.36160000,27.70000000,0.368
1749258478,0.36150000,1930.20000000,0.368
1749258478,0.36140000,3583.00000000,0.368
1749258478,0.36130000,48.50000000,0.368
1749258478,0.36120000,147.20000000,0.368
1749258478,0.36110000,3603.80000000,0.368
1749258478,0.36100000,27.70000000,0.368
1749258478,0.36090000,404.50000000,0.368
1749258478,0.36080000,6810.70000000,0.368
1749258478,0.36070000,48.00000000,0.368
1749258478,0.36060000,27.20000000,0.368
1749258478,0.36050000,48.00000000,0.368
1749258478,0.36040000,27.20000000,0.368
1749258478,0.36000000,65.50000000,0.368
1749258478,0.35980000,277.40000000,0.368
1749258478,0.35820000,344.10000000,0.368
1749258478,0.35710000,83.90000000,0.368
1749258478,0.35530000,13770.30000000,0.368
1749258478,0.35520000,3402.00000000,0.368
1749258478,0.35500000,127.30000000,0.368
1749258478,0.35470000,15.00000000,0.368
1749258478,0.35370000,57.00000000,0.368
1749258478,0.35280000,562.40000000,0.368
1749258478,0.35270000,127.50000000,0.368
1749258478,0.35200000,255.80000000,0.368
1749258478,0.35030000,930.40000000,0.368
1749258478,0.35000000,1580.90000000,0.368
1749258478,0.34940000,97.60000000,0.368
1749258478,0.34920000,30.80000000,0.368
1749258478,0.34850000,55.90000000,0.368
1749258478,0.34800000,2873.50000000,0.368
1749258478,0.34750000,214.60000000,0.368
1749258478,0.34560000,69.80000000,0.368
1749258478,0.34510000,27820.30000000,0.368
1749258478,0.34500000,3305.80000000,0.368
1749258478,0.34460000,75.80000000,0.368
1749258478,0.34420000,29.20000000,0.368
1749258839,0.36920000,20.40000000,0.3693
1749258839,0.36910000,698.00000000,0.3693
1749258839,0.36900000,2529.00000000,0.3693
1749258839,0.36890000,5200.00000000,0.3693
1749258839,0.36880000,1724.50000000,0.3693
1749258839,0.36870000,4043.60000000,0.3693
1749258839,0.36860000,15160.90000000,0.3693
1749258839,0.36850000,9094.60000000,0.3693
1749258839,0.36840000,11463.30000000,0.3693
1749258839,0.36830000,8631.10000000,0.3693
1749258839,0.36820000,16496.60000000,0.3693
1749258839,0.36810000,10969.10000000,0.3693
1749258839,0.36800000,7696.10000000,0.3693
1749258839,0.36790000,2803.50000000,0.3693
1749258839,0.36780000,2321.70000000,0.3693
1749258839,0.36770000,5189.30000000,0.3693
1749258839,0.36760000,1427.90000000,0.3693
1749258839,0.36750000,1448.40000000,0.3693
1749258839,0.36740000,5306.90000000,0.3693
1749258839,0.36730000,4590.60000000,0.3693
1749258839,0.36720000,1779.80000000,0.3693
1749258839,0.36710000,8695.00000000,0.3693
1749258839,0.36700000,2010.30000000,0.3693
1749258839,0.36690000,5300.50000000,0.3693
1749258839,0.36680000,4964.40000000,0.3693
1749258839,0.36670000,1429.60000000,0.3693
1749258839,0.36660000,1477.80000000,0.3693
1749258839,0.36650000,5741.20000000,0.3693
1749258839,0.36640000,657.30000000,0.3693
1749258839,0.36630000,677.80000000,0.3693
1749258839,0.36620000,657.30000000,0.3693
1749258839,0.36610000,7198.30000000,0.3693
1749258839,0.36600000,725.30000000,0.3693
1749258839,0.36590000,677.90000000,0.3693
1749258839,0.36580000,4212.70000000,0.3693
1749258839,0.36570000,677.90000000,0.3693
1749258839,0.36560000,27.40000000,0.3693
1749258839,0.36550000,4233.30000000,0.3693
1749258839,0.36540000,95.40000000,0.3693
1749258839,0.36530000,48.00000000,0.3693
1749258839,0.36520000,3582.70000000,0.3693
1749258839,0.36510000,48.00000000,0.3693
1749258839,0.36500000,3001.60000000,0.3693
1749258839,0.36490000,3603.30000000,0.3693
1749258839,0.36480000,95.50000000,0.3693
1749258839,0.36470000,321.80000000,0.3693
1749258839,0.36460000,3582.80000000,0.3693
1749258839,0.36450000,48.10000000,0.3693
1749258839,0.36440000,3334.70000000,0.3693
1749258839,0.36430000,3603.40000000,0.3693
1749258839,0.36420000,161.90000000,0.3693
1749258839,0.36410000,48.10000000,0.3693
1749258839,0.36400000,3597.20000000,0.3693
1749258839,0.36390000,48.10000000,0.3693
1749258839,0.36380000,3311.40000000,0.3693
1749258839,0.36370000,48.20000000,0.3693
1749258839,0.36360000,2818.20000000,0.3693
1749258839,0.36350000,3603.60000000,0.3693
1749258839,0.36340000,27.60000000,0.3693
1749258839,0.36330000,48.30000000,0.3693
1749258839,0.36320000,3582.90000000,0.3693
1749258839,0.36310000,48.30000000,0.3693
1749258839,0.36300000,95.60000000,0.3693
1749258839,0.36290000,3763.40000000,0.3693
1749258839,0.36280000,1916.70000000,0.3693
1749258839,0.36270000,48.30000000,0.3693
1749258839,0.36260000,3582.90000000,0.3693
1749258839,0.36250000,48.30000000,0.3693
1749258839,0.36240000,1439.10000000,0.3693
1749258839,0.36230000,3603.60000000,0.3693
1749258839,0.36220000,27.70000000,0.3693
1749258839,0.36210000,48.40000000,0.3693
1749258839,0.36200000,3583.00000000,0.3693
1749258839,0.36190000,48.50000000,0.3693
1749258839,0.36180000,27.70000000,0.3693
1749258839,0.36170000,3958.90000000,0.3693
1749258839,0.36150000,20.80000000,0.3693
1749258839,0.36130000,20.80000000,0.3693
1749258839,0.36000000,282.20000000,0.3693
1749258839,0.35820000,126.30000000,0.3693
1749258839,0.35750000,83.80000000,0.3693
1749258839,0.35650000,16.80000000,0.3693
1749258839,0.35540000,615.20000000,0.3693
1749258839,0.35530000,13770.30000000,0.3693
1749258839,0.35520000,3402.00000000,0.3693
1749258839,0.35500000,127.30000000,0.3693
1749258839,0.35470000,15.00000000,0.3693
1749258839,0.35370000,584.60000000,0.3693
1749258839,0.35280000,33.70000000,0.3693
1749258839,0.35200000,255.80000000,0.3693
1749258839,0.35000000,1580.90000000,0.3693
1749258839,0.34940000,97.60000000,0.3693
1749258839,0.34920000,30.80000000,0.3693
1749258839,0.34850000,55.90000000,0.3693
1749258839,0.34800000,2873.50000000,0.3693
1749258839,0.34750000,28.70000000,0.3693
1749258839,0.34560000,69.80000000,0.3693
1749258839,0.34540000,26.10000000,0.3693
1749258839,0.34520000,789.40000000,0.3693
1749258839,0.34510000,27820.30000000,0.3693
1749259146,0.36780000,772.40000000,0.3679
1749259146,0.36770000,2299.10000000,0.3679
1749259146,0.36760000,4911.60000000,0.3679
1749259146,0.36750000,12677.00000000,0.3679
1749259146,0.36740000,12760.50000000,0.3679
1749259146,0.36730000,9581.00000000,0.3679
1749259146,0.36720000,5974.90000000,0.3679
1749259146,0.36710000,5708.90000000,0.3679
1749259146,0.36700000,2078.30000000,0.3679
1749259146,0.36690000,6066.50000000,0.3679
1749259146,0.36680000,19332.40000000,0.3679
1749259146,0.36670000,6236.50000000,0.3679
1749259146,0.36660000,1617.80000000,0.3679
1749259146,0.36650000,6399.90000000,0.3679
1749259146,0.36640000,2663.30000000,0.3679
1749259146,0.36630000,2957.90000000,0.3679
1749259146,0.36620000,1427.40000000,0.3679
1749259146,0.36610000,4253.60000000,0.3679
1749259146,0.36600000,1495.40000000,0.3679
1749259146,0.36590000,2245.90000000,0.3679
1749259146,0.36580000,4233.20000000,0.3679
1749259146,0.36570000,1428.60000000,0.3679
1749259146,0.36560000,2333.00000000,0.3679
1749259146,0.36550000,4233.30000000,0.3679
1749259146,0.36540000,1476.50000000,0.3679
1749259146,0.36530000,5147.10000000,0.3679
1749259146,0.36520000,4964.40000000,0.3679
1749259146,0.36510000,1429.60000000,0.3679
1749259146,0.36500000,8978.00000000,0.3679
1749259146,0.36490000,4233.30000000,0.3679
1749259146,0.36480000,725.50000000,0.3679
1749259146,0.36470000,678.10000000,0.3679
1749259146,0.36460000,4212.80000000,0.3679
1749259146,0.36450000,48.10000000,0.3679
1749259146,0.36440000,3964.70000000,0.3679
1749259146,0.36430000,4233.40000000,0.3679
1749259146,0.36420000,95.50000000,0.3679
1749259146,0.36410000,48.10000000,0.3679
1749259146,0.36400000,3597.20000000,0.3679
1749259146,0.36390000,48.10000000,0.3679
1749259146,0.36380000,3252.90000000,0.3679
1749259146,0.36370000,48.20000000,0.3679
1749259146,0.36360000,95.50000000,0.3679
1749259146,0.36350000,3603.60000000,0.3679
1749259146,0.36340000,27.60000000,0.3679
1749259146,0.36330000,48.30000000,0.3679
1749259146,0.36320000,3582.90000000,0.3679
1749259146,0.36310000,48.30000000,0.3679
1749259146,0.36300000,3086.20000000,0.3679
1749259146,0.36290000,3603.60000000,0.3679
1749259146,0.36280000,54027.60000000,0.3679
1749259146,0.36270000,48.30000000,0.3679
1749259146,0.36260000,3582.90000000,0.3679
1749259146,0.36250000,554.90000000,0.3679
1749259146,0.36240000,95.40000000,0.3679
1749259146,0.36230000,3603.60000000,0.3679
1749259146,0.36220000,27.70000000,0.3679
1749259146,0.36210000,48.40000000,0.3679
1749259146,0.36200000,3583.00000000,0.3679
1749259146,0.36190000,48.50000000,0.3679
1749259146,0.36180000,79.60000000,0.3679
1749259146,0.36170000,2784.90000000,0.3679
1749259146,0.36160000,27.20000000,0.3679
1749259146,0.36150000,1945.70000000,0.3679
1749259146,0.36140000,27.10000000,0.3679
1749259146,0.36130000,205.80000000,0.3679
1749259146,0.36120000,27.20000000,0.3679
1749259146,0.36110000,27.20000000,0.3679
1749259146,0.36100000,27.20000000,0.3679
1749259146,0.36090000,27.20000000,0.3679
1749259146,0.36080000,27.20000000,0.3679
1749259146,0.36070000,27.20000000,0.3679
1749259146,0.36060000,27.20000000,0.3679
1749259146,0.36050000,304.10000000,0.3679
1749259146,0.36040000,27.20000000,0.3679
1749259146,0.36030000,27.20000000,0.3679
1749259146,0.36000000,65.50000000,0.3679
1749259146,0.35890000,220.10000000,0.3679
1749259146,0.35820000,126.30000000,0.3679
1749259146,0.35710000,83.90000000,0.3679
1749259146,0.35650000,16.80000000,0.3679
1749259146,0.35540000,634.60000000,0.3679
1749259146,0.35530000,13770.30000000,0.3679
1749259146,0.35520000,3402.00000000,0.3679
1749259146,0.35500000,127.30000000,0.3679
1749259146,0.35470000,15.00000000,0.3679
1749259146,0.35370000,584.90000000,0.3679
1749259146,0.35280000,33.70000000,0.3679
1749259146,0.35200000,255.80000000,0.3679
1749259146,0.35000000,1580.90000000,0.3679
1749259146,0.34940000,97.60000000,0.3679
1749259146,0.34920000,30.80000000,0.3679
1749259146,0.34850000,55.90000000,0.3679
1749259146,0.34800000,2873.50000000,0.3679
1749259146,0.34750000,28.70000000,0.3679
1749259146,0.34560000,69.80000000,0.3679
1749259146,0.34540000,26.10000000,0.3679
1749259146,0.34520000,653.40000000,0.3679
1749259146,0.34510000,27820.30000000,0.3679
1749259146,0.34500000,3305.80000000,0.3679
