timestamp,price,volume,current_price
1749260860,0.36660000,1816.50000000,0.3666
1749260860,0.36650000,6076.50000000,0.3666
1749260860,0.36640000,5194.70000000,0.3666
1749260860,0.36630000,3413.00000000,0.3666
1749260860,0.36620000,5689.20000000,0.3666
1749260860,0.36610000,9479.20000000,0.3666
1749260860,0.36600000,22516.40000000,0.3666
1749260860,0.36590000,24420.80000000,0.3666
1749260860,0.36580000,7749.60000000,0.3666
1749260860,0.36570000,4749.00000000,0.3666
1749260860,0.36560000,10608.70000000,0.3666
1749260860,0.36550000,1390.10000000,0.3666
1749260860,0.36540000,1432.80000000,0.3666
1749260860,0.36530000,4378.70000000,0.3666
1749260860,0.36520000,1433.00000000,0.3666
1749260860,0.36510000,1454.00000000,0.3666
1749260860,0.36500000,4988.70000000,0.3666
1749260860,0.36490000,1453.50000000,0.3666
1749260860,0.36480000,803.50000000,0.3666
1749260860,0.36470000,5010.30000000,0.3666
1749260860,0.36460000,4699.80000000,0.3666
1749260860,0.36450000,8191.00000000,0.3666
1749260860,0.36440000,5289.50000000,0.3666
1749260860,0.36430000,1435.60000000,0.3666
1749260860,0.36420000,5788.70000000,0.3666
1749260860,0.36410000,4990.90000000,0.3666
1749260860,0.36400000,1414.50000000,0.3666
1749260860,0.36390000,3493.30000000,0.3666
1749260860,0.36380000,3582.80000000,0.3666
1749260860,0.36370000,678.20000000,0.3666
1749260860,0.36360000,657.50000000,0.3666
1749260860,0.36350000,4233.60000000,0.3666
1749260860,0.36340000,657.60000000,0.3666
1749260860,0.36330000,678.30000000,0.3666
1749260860,0.36320000,7142.70000000,0.3666
1749260860,0.36310000,678.30000000,0.3666
1749260860,0.36300000,3648.20000000,0.3666
1749260860,0.36290000,4233.60000000,0.3666
1749260860,0.36280000,657.60000000,0.3666
1749260860,0.36270000,48.30000000,0.3666
1749260860,0.36260000,3582.90000000,0.3666
1749260860,0.36250000,48.30000000,0.3666
1749260860,0.36240000,27.60000000,0.3666
1749260860,0.36230000,3603.60000000,0.3666
1749260860,0.36220000,27.70000000,0.3666
1749260860,0.36210000,48.40000000,0.3666
1749260860,0.36200000,3583.00000000,0.3666
1749260860,0.36190000,48.50000000,0.3666
1749260860,0.36180000,27.70000000,0.3666
1749260860,0.36170000,47.90000000,0.3666
1749260860,0.36160000,3582.50000000,0.3666
1749260860,0.36150000,124.90000000,0.3666
1749260860,0.36140000,27.10000000,0.3666
1749260860,0.36130000,48.00000000,0.3666
1749260860,0.36120000,3582.50000000,0.3666
1749260860,0.36110000,47.80000000,0.3666
1749260860,0.36100000,27.20000000,0.3666
1749260860,0.36090000,47.80000000,0.3666
1749260860,0.36080000,4094.30000000,0.3666
1749260860,0.36070000,4218.30000000,0.3666
1749260860,0.36060000,2772.60000000,0.3666
1749260860,0.36050000,47.80000000,0.3666
1749260860,0.36040000,3582.50000000,0.3666
1749260860,0.36030000,1946.40000000,0.3666
1749260860,0.36020000,27.20000000,0.3666
1749260860,0.36010000,47.80000000,0.3666
1749260860,0.36000000,3648.00000000,0.3666
1749260860,0.35990000,47.90000000,0.3666
1749260860,0.35980000,27.20000000,0.3666
1749260860,0.35970000,48.00000000,0.3666
1749260860,0.35960000,27.30000000,0.3666
1749260860,0.35950000,48.00000000,0.3666
1749260860,0.35940000,27.30000000,0.3666
1749260860,0.35930000,27.30000000,0.3666
1749260860,0.35920000,27.30000000,0.3666
1749260860,0.35910000,3050.30000000,0.3666
1749260860,0.35650000,241.20000000,0.3666
1749260860,0.35640000,126.70000000,0.3666
1749260860,0.35570000,84.20000000,0.3666
1749260860,0.35500000,127.30000000,0.3666
1749260860,0.35470000,15.00000000,0.3666
1749260860,0.35370000,57.00000000,0.3666
1749260860,0.35280000,234.40000000,0.3666
1749260860,0.35270000,13770.30000000,0.3666
1749260860,0.35260000,3436.10000000,0.3666
1749260860,0.35200000,3025.80000000,0.3666
1749260860,0.35190000,341.90000000,0.3666
1749260860,0.35180000,531.00000000,0.3666
1749260860,0.35000000,1580.90000000,0.3666
1749260860,0.34940000,97.60000000,0.3666
1749260860,0.34920000,30.80000000,0.3666
1749260860,0.34850000,55.90000000,0.3666
1749260860,0.34800000,2873.50000000,0.3666
1749260860,0.34750000,28.70000000,0.3666
1749260860,0.34560000,69.80000000,0.3666
1749260860,0.34540000,26.10000000,0.3666
1749260860,0.34520000,233.20000000,0.3666
1749260860,0.34510000,27820.30000000,0.3666
1749260860,0.34500000,3305.80000000,0.3666
1749260860,0.34460000,75.80000000,0.3666
1749261187,0.36780000,27.20000000,0.3679
1749261187,0.36770000,646.30000000,0.3679
1749261187,0.36760000,2627.40000000,0.3679
1749261187,0.36750000,3957.60000000,0.3679
1749261187,0.36740000,9406.50000000,0.3679
1749261187,0.36730000,11548.50000000,0.3679
1749261187,0.36720000,9483.60000000,0.3679
1749261187,0.36710000,16333.90000000,0.3679
1749261187,0.36700000,5628.60000000,0.3679
1749261187,0.36690000,12192.90000000,0.3679
1749261187,0.36680000,8755.00000000,0.3679
1749261187,0.36670000,1450.20000000,0.3679
1749261187,0.36660000,5173.50000000,0.3679
1749261187,0.36650000,5191.50000000,0.3679
1749261187,0.36640000,1430.50000000,0.3679
1749261187,0.36630000,821.20000000,0.3679
1749261187,0.36620000,7945.10000000,0.3679
1749261187,0.36610000,3551.30000000,0.3679
1749261187,0.36600000,5022.60000000,0.3679
1749261187,0.36590000,6371.00000000,0.3679
1749261187,0.36580000,1411.30000000,0.3679
1749261187,0.36570000,5635.00000000,0.3679
1749261187,0.36560000,4966.20000000,0.3679
1749261187,0.36550000,2038.00000000,0.3679
1749261187,0.36540000,1412.20000000,0.3679
1749261187,0.36530000,4358.10000000,0.3679
1749261187,0.36520000,657.40000000,0.3679
1749261187,0.36510000,1424.40000000,0.3679
1749261187,0.36500000,4212.70000000,0.3679
1749261187,0.36490000,678.10000000,0.3679
1749261187,0.36480000,657.50000000,0.3679
1749261187,0.36470000,4233.40000000,0.3679
1749261187,0.36460000,657.50000000,0.3679
1749261187,0.36450000,678.10000000,0.3679
1749261187,0.36440000,4212.80000000,0.3679
1749261187,0.36430000,678.10000000,0.3679
1749261187,0.36420000,657.50000000,0.3679
1749261187,0.36410000,4233.40000000,0.3679
1749261187,0.36400000,657.50000000,0.3679
1749261187,0.36390000,678.10000000,0.3679
1749261187,0.36380000,6566.80000000,0.3679
1749261187,0.36370000,678.20000000,0.3679
1749261187,0.36360000,734.80000000,0.3679
1749261187,0.36350000,3603.60000000,0.3679
1749261187,0.36340000,27.60000000,0.3679
1749261187,0.36330000,63.50000000,0.3679
1749261187,0.36320000,3582.90000000,0.3679
1749261187,0.36310000,48.30000000,0.3679
1749261187,0.36300000,27.60000000,0.3679
1749261187,0.36290000,3603.60000000,0.3679
1749261187,0.36280000,27.60000000,0.3679
1749261187,0.36270000,48.30000000,0.3679
1749261187,0.36260000,3582.90000000,0.3679
1749261187,0.36250000,208.30000000,0.3679
1749261187,0.36240000,382.70000000,0.3679
1749261187,0.36230000,3603.60000000,0.3679
1749261187,0.36220000,27.70000000,0.3679
1749261187,0.36210000,48.40000000,0.3679
1749261187,0.36200000,3583.00000000,0.3679
1749261187,0.36190000,48.50000000,0.3679
1749261187,0.36180000,27.70000000,0.3679
1749261187,0.36170000,47.90000000,0.3679
1749261187,0.36160000,8191.20000000,0.3679
1749261187,0.36150000,47.90000000,0.3679
1749261187,0.36140000,27.10000000,0.3679
1749261187,0.36130000,48.00000000,0.3679
1749261187,0.36120000,6588.00000000,0.3679
1749261187,0.36110000,47.80000000,0.3679
1749261187,0.36100000,27.20000000,0.3679
1749261187,0.36090000,47.80000000,0.3679
1749261187,0.36080000,3582.50000000,0.3679
1749261187,0.36070000,47.80000000,0.3679
1749261187,0.36060000,27.20000000,0.3679
1749261187,0.36050000,47.80000000,0.3679
1749261187,0.36040000,3582.50000000,0.3679
1749261187,0.36030000,47.80000000,0.3679
1749261187,0.36010000,20.60000000,0.3679
1749261187,0.36000000,3837.50000000,0.3679
1749261187,0.35990000,20.70000000,0.3679
1749261187,0.35900000,278.00000000,0.3679
1749261187,0.35880000,126.10000000,0.3679
1749261187,0.35740000,83.80000000,0.3679
1749261187,0.35650000,16.80000000,0.3679
1749261187,0.35530000,13770.30000000,0.3679
1749261187,0.35520000,3475.60000000,0.3679
1749261187,0.35500000,127.30000000,0.3679
1749261187,0.35470000,15.00000000,0.3679
1749261187,0.35370000,57.00000000,0.3679
1749261187,0.35300000,2770.00000000,0.3679
1749261187,0.35280000,763.90000000,0.3679
1749261187,0.35200000,255.80000000,0.3679
1749261187,0.35190000,341.90000000,0.3679
1749261187,0.35000000,1580.90000000,0.3679
1749261187,0.34940000,97.60000000,0.3679
1749261187,0.34920000,30.80000000,0.3679
1749261187,0.34850000,55.90000000,0.3679
1749261187,0.34800000,2873.50000000,0.3679
1749261187,0.34750000,28.70000000,0.3679
1749261187,0.34560000,69.80000000,0.3679
1749261187,0.34540000,26.10000000,0.3679
1749261501,0.36830000,142.40000000,0.3683
1749261501,0.36820000,3231.40000000,0.3683
1749261501,0.36810000,5999.40000000,0.3683
1749261501,0.36800000,5555.60000000,0.3683
1749261501,0.36790000,4662.20000000,0.3683
1749261501,0.36780000,4375.30000000,0.3683
1749261501,0.36770000,14013.10000000,0.3683
1749261501,0.36760000,21678.10000000,0.3683
1749261501,0.36750000,13044.90000000,0.3683
1749261501,0.36740000,6531.10000000,0.3683
1749261501,0.36730000,5434.80000000,0.3683
1749261501,0.36720000,1478.20000000,0.3683
1749261501,0.36710000,7458.50000000,0.3683
1749261501,0.36700000,984.60000000,0.3683
1749261501,0.36690000,818.50000000,0.3683
1749261501,0.36680000,4353.30000000,0.3683
1749261501,0.36670000,1448.50000000,0.3683
1749261501,0.36660000,5171.60000000,0.3683
1749261501,0.36650000,4253.60000000,0.3683
1749261501,0.36640000,1428.00000000,0.3683
1749261501,0.36630000,5324.80000000,0.3683
1749261501,0.36620000,11323.50000000,0.3683
1749261501,0.36610000,3526.90000000,0.3683
1749261501,0.36600000,2141.60000000,0.3683
1749261501,0.36590000,6944.70000000,0.3683
1749261501,0.36580000,793.00000000,0.3683
1749261501,0.36570000,677.90000000,0.3683
1749261501,0.36560000,4212.70000000,0.3683
1749261501,0.36550000,678.00000000,0.3683
1749261501,0.36540000,657.40000000,0.3683
1749261501,0.36530000,3603.30000000,0.3683
1749261501,0.36520000,657.40000000,0.3683
1749261501,0.36510000,678.00000000,0.3683
1749261501,0.36500000,4212.70000000,0.3683
1749261501,0.36490000,678.10000000,0.3683
1749261501,0.36480000,657.50000000,0.3683
1749261501,0.36470000,4233.40000000,0.3683
1749261501,0.36460000,3634.90000000,0.3683
1749261501,0.36450000,678.10000000,0.3683
1749261501,0.36440000,4212.80000000,0.3683
1749261501,0.36430000,678.10000000,0.3683
1749261501,0.36420000,27.50000000,0.3683
1749261501,0.36410000,3603.40000000,0.3683
1749261501,0.36400000,27.50000000,0.3683
1749261501,0.36390000,48.10000000,0.3683
1749261501,0.36380000,3582.80000000,0.3683
1749261501,0.36370000,48.20000000,0.3683
1749261501,0.36360000,27.50000000,0.3683
1749261501,0.36350000,3603.60000000,0.3683
1749261501,0.36340000,104.70000000,0.3683
1749261501,0.36330000,48.30000000,0.3683
1749261501,0.36320000,3937.10000000,0.3683
1749261501,0.36310000,48.30000000,0.3683
1749261501,0.36300000,27.60000000,0.3683
1749261501,0.36290000,3603.60000000,0.3683
1749261501,0.36280000,27.60000000,0.3683
1749261501,0.36270000,48.30000000,0.3683
1749261501,0.36260000,6313.10000000,0.3683
1749261501,0.36250000,48.30000000,0.3683
1749261501,0.36240000,27.60000000,0.3683
1749261501,0.36230000,3603.60000000,0.3683
1749261501,0.36220000,3179.50000000,0.3683
1749261501,0.36210000,48.40000000,0.3683
1749261501,0.36200000,3583.00000000,0.3683
1749261501,0.36190000,48.50000000,0.3683
1749261501,0.36180000,27.70000000,0.3683
1749261501,0.36170000,181.30000000,0.3683
1749261501,0.36160000,5453.40000000,0.3683
1749261501,0.36150000,47.90000000,0.3683
1749261501,0.36140000,27.10000000,0.3683
1749261501,0.36130000,48.00000000,0.3683
1749261501,0.36120000,3582.50000000,0.3683
1749261501,0.36110000,47.80000000,0.3683
1749261501,0.36100000,27.20000000,0.3683
1749261501,0.36090000,47.80000000,0.3683
1749261501,0.36080000,3582.50000000,0.3683
1749261501,0.36070000,20.60000000,0.3683
1749261501,0.36050000,159.20000000,0.3683
1749261501,0.36040000,3555.30000000,0.3683
1749261501,0.36030000,20.60000000,0.3683
1749261501,0.36000000,65.50000000,0.3683
1749261501,0.35930000,500.50000000,0.3683
1749261501,0.35880000,126.10000000,0.3683
1749261501,0.35850000,83.60000000,0.3683
1749261501,0.35650000,16.80000000,0.3683
1749261501,0.35540000,225.00000000,0.3683
1749261501,0.35530000,13770.30000000,0.3683
1749261501,0.35520000,3475.60000000,0.3683
1749261501,0.35500000,127.30000000,0.3683
1749261501,0.35470000,15.00000000,0.3683
1749261501,0.35370000,585.10000000,0.3683
1749261501,0.35280000,234.40000000,0.3683
1749261501,0.35200000,255.80000000,0.3683
1749261501,0.35190000,341.90000000,0.3683
1749261501,0.35000000,1580.90000000,0.3683
1749261501,0.34940000,97.60000000,0.3683
1749261501,0.34920000,30.80000000,0.3683
1749261501,0.34850000,55.90000000,0.3683
1749261501,0.34800000,2873.50000000,0.3683
1749261501,0.34750000,28.70000000,0.3683
1749261812,0.36800000,1060.40000000,0.368
1749261812,0.36790000,3256.20000000,0.368
1749261812,0.36780000,4787.40000000,0.368
1749261812,0.36770000,10412.90000000,0.368
1749261812,0.36760000,9043.60000000,0.368
1749261812,0.36750000,10934.20000000,0.368
1749261812,0.36740000,12380.40000000,0.368
1749261812,0.36730000,11076.10000000,0.368
1749261812,0.36720000,17301.60000000,0.368
1749261812,0.36710000,5957.00000000,0.368
1749261812,0.36700000,5828.10000000,0.368
1749261812,0.36690000,1448.50000000,0.368
1749261812,0.36680000,4353.30000000,0.368
1749261812,0.36670000,4680.50000000,0.368
1749261812,0.36660000,3730.70000000,0.368
1749261812,0.36650000,5191.90000000,0.368
1749261812,0.36640000,1407.50000000,0.368
1749261812,0.36630000,1427.00000000,0.368
1749261812,0.36620000,6490.20000000,0.368
1749261812,0.36610000,2792.10000000,0.368
1749261812,0.36600000,6652.10000000,0.368
1749261812,0.36590000,7269.00000000,0.368
1749261812,0.36580000,5276.70000000,0.368
1749261812,0.36570000,1428.20000000,0.368
1749261812,0.36560000,4963.60000000,0.368
1749261812,0.36550000,1428.60000000,0.368
1749261812,0.36540000,1408.30000000,0.368
1749261812,0.36530000,3603.30000000,0.368
1749261812,0.36520000,657.40000000,0.368
1749261812,0.36510000,678.00000000,0.368
1749261812,0.36500000,4212.70000000,0.368
1749261812,0.36490000,48.10000000,0.368
1749261812,0.36480000,27.50000000,0.368
1749261812,0.36470000,4233.40000000,0.368
1749261812,0.36460000,27.50000000,0.368
1749261812,0.36450000,48.10000000,0.368
1749261812,0.36440000,4212.80000000,0.368
1749261812,0.36430000,48.10000000,0.368
1749261812,0.36420000,27.50000000,0.368
1749261812,0.36410000,4299.80000000,0.368
1749261812,0.36400000,27.50000000,0.368
1749261812,0.36390000,48.10000000,0.368
1749261812,0.36380000,7196.80000000,0.368
1749261812,0.36370000,48.20000000,0.368
1749261812,0.36360000,27.50000000,0.368
1749261812,0.36350000,3603.60000000,0.368
1749261812,0.36340000,104.70000000,0.368
1749261812,0.36330000,48.30000000,0.368
1749261812,0.36320000,3937.10000000,0.368
1749261812,0.36310000,48.30000000,0.368
1749261812,0.36300000,27.60000000,0.368
1749261812,0.36290000,3603.60000000,0.368
1749261812,0.36280000,27.60000000,0.368
1749261812,0.36270000,48.30000000,0.368
1749261812,0.36260000,6313.10000000,0.368
1749261812,0.36250000,181.40000000,0.368
1749261812,0.36240000,27.60000000,0.368
1749261812,0.36230000,3603.60000000,0.368
1749261812,0.36220000,27.70000000,0.368
1749261812,0.36210000,208.60000000,0.368
1749261812,0.36200000,3583.00000000,0.368
1749261812,0.36190000,48.50000000,0.368
1749261812,0.36180000,27.70000000,0.368
1749261812,0.36170000,47.90000000,0.368
1749261812,0.36160000,5453.40000000,0.368
1749261812,0.36150000,47.90000000,0.368
1749261812,0.36140000,27.10000000,0.368
1749261812,0.36130000,48.00000000,0.368
1749261812,0.36120000,6588.00000000,0.368
1749261812,0.36110000,47.80000000,0.368
1749261812,0.36100000,27.20000000,0.368
1749261812,0.36090000,47.80000000,0.368
1749261812,0.36080000,3582.50000000,0.368
1749261812,0.36070000,47.80000000,0.368
1749261812,0.36060000,27.20000000,0.368
1749261812,0.36050000,186.40000000,0.368
1749261812,0.36030000,125.60000000,0.368
1749261812,0.36000000,65.50000000,0.368
1749261812,0.35850000,217.60000000,0.368
1749261812,0.35800000,83.70000000,0.368
1749261812,0.35650000,16.80000000,0.368
1749261812,0.35540000,225.00000000,0.368
1749261812,0.35530000,13770.30000000,0.368
1749261812,0.35520000,3475.60000000,0.368
1749261812,0.35500000,127.30000000,0.368
1749261812,0.35470000,15.00000000,0.368
1749261812,0.35370000,585.10000000,0.368
1749261812,0.35280000,234.40000000,0.368
1749261812,0.35200000,255.80000000,0.368
1749261812,0.35190000,341.90000000,0.368
1749261812,0.35000000,1580.90000000,0.368
1749261812,0.34940000,97.60000000,0.368
1749261812,0.34920000,30.80000000,0.368
1749261812,0.34850000,55.90000000,0.368
1749261812,0.34800000,2873.50000000,0.368
1749261812,0.34750000,28.70000000,0.368
1749261812,0.34560000,69.80000000,0.368
1749261812,0.34540000,26.10000000,0.368
1749261812,0.34510000,27820.30000000,0.368
1749261812,0.34500000,3305.80000000,0.368
1749262114,0.36770000,772.40000000,0.3677
1749262114,0.36760000,1307.60000000,0.3677
1749262114,0.36750000,2504.20000000,0.3677
1749262114,0.36740000,6690.40000000,0.3677
1749262114,0.36730000,5225.80000000,0.3677
1749262114,0.36720000,3990.60000000,0.3677
1749262114,0.36710000,15202.80000000,0.3677
1749262114,0.36700000,10296.70000000,0.3677
1749262114,0.36690000,13002.60000000,0.3677
1749262114,0.36680000,19092.40000000,0.3677
1749262114,0.36670000,2647.10000000,0.3677
1749262114,0.36660000,9229.70000000,0.3677
1749262114,0.36650000,5003.00000000,0.3677
1749262114,0.36640000,1428.00000000,0.3677
1749262114,0.36630000,3609.20000000,0.3677
1749262114,0.36620000,7260.50000000,0.3677
1749262114,0.36610000,1447.80000000,0.3677
1749262114,0.36600000,5595.20000000,0.3677
1749262114,0.36590000,6346.20000000,0.3677
1749262114,0.36580000,2010.70000000,0.3677
1749262114,0.36570000,1428.20000000,0.3677
1749262114,0.36560000,8848.30000000,0.3677
1749262114,0.36550000,1747.90000000,0.3677
1749262114,0.36540000,1408.30000000,0.3677
1749262114,0.36530000,4984.40000000,0.3677
1749262114,0.36520000,2162.40000000,0.3677
1749262114,0.36510000,1429.30000000,0.3677
1749262114,0.36500000,4212.70000000,0.3677
1749262114,0.36490000,48.10000000,0.3677
1749262114,0.36480000,657.50000000,0.3677
1749262114,0.36470000,4233.40000000,0.3677
1749262114,0.36460000,27.50000000,0.3677
1749262114,0.36450000,678.10000000,0.3677
1749262114,0.36440000,4212.80000000,0.3677
1749262114,0.36430000,48.10000000,0.3677
1749262114,0.36420000,27.50000000,0.3677
1749262114,0.36410000,4233.40000000,0.3677
1749262114,0.36400000,27.50000000,0.3677
1749262114,0.36390000,48.10000000,0.3677
1749262114,0.36380000,6566.80000000,0.3677
1749262114,0.36370000,48.20000000,0.3677
1749262114,0.36360000,27.50000000,0.3677
1749262114,0.36350000,3603.60000000,0.3677
1749262114,0.36340000,104.70000000,0.3677
1749262114,0.36330000,48.30000000,0.3677
1749262114,0.36320000,3937.10000000,0.3677
1749262114,0.36310000,48.30000000,0.3677
1749262114,0.36300000,27.60000000,0.3677
1749262114,0.36290000,3603.60000000,0.3677
1749262114,0.36280000,27.60000000,0.3677
1749262114,0.36270000,48.30000000,0.3677
1749262114,0.36260000,3582.90000000,0.3677
1749262114,0.36250000,48.30000000,0.3677
1749262114,0.36240000,27.60000000,0.3677
1749262114,0.36230000,3603.60000000,0.3677
1749262114,0.36220000,27.70000000,0.3677
1749262114,0.36210000,48.40000000,0.3677
1749262114,0.36200000,3583.00000000,0.3677
1749262114,0.36190000,48.50000000,0.3677
1749262114,0.36180000,27.70000000,0.3677
1749262114,0.36170000,211.00000000,0.3677
1749262114,0.36160000,8191.20000000,0.3677
1749262114,0.36150000,47.90000000,0.3677
1749262114,0.36140000,27.10000000,0.3677
1749262114,0.36130000,48.00000000,0.3677
1749262114,0.36120000,6588.00000000,0.3677
1749262114,0.36110000,47.80000000,0.3677
1749262114,0.36100000,27.20000000,0.3677
1749262114,0.36090000,47.80000000,0.3677
1749262114,0.36080000,3582.50000000,0.3677
1749262114,0.36070000,47.80000000,0.3677
1749262114,0.36060000,27.20000000,0.3677
1749262114,0.36050000,186.40000000,0.3677
1749262114,0.36040000,27.20000000,0.3677
1749262114,0.36030000,152.80000000,0.3677
1749262114,0.36020000,27.20000000,0.3677
1749262114,0.36000000,65.50000000,0.3677
1749262114,0.35800000,215.10000000,0.3677
1749262114,0.35780000,83.70000000,0.3677
1749262114,0.35650000,16.80000000,0.3677
1749262114,0.35540000,225.00000000,0.3677
1749262114,0.35530000,13770.30000000,0.3677
1749262114,0.35520000,3475.60000000,0.3677
1749262114,0.35500000,127.30000000,0.3677
1749262114,0.35470000,15.00000000,0.3677
1749262114,0.35370000,585.10000000,0.3677
1749262114,0.35330000,2770.00000000,0.3677
1749262114,0.35280000,234.40000000,0.3677
1749262114,0.35200000,255.80000000,0.3677
1749262114,0.35190000,341.90000000,0.3677
1749262114,0.35000000,1580.90000000,0.3677
1749262114,0.34940000,97.60000000,0.3677
1749262114,0.34920000,30.80000000,0.3677
1749262114,0.34850000,55.90000000,0.3677
1749262114,0.34800000,2873.50000000,0.3677
1749262114,0.34750000,28.70000000,0.3677
1749262114,0.34560000,69.80000000,0.3677
1749262114,0.34540000,26.10000000,0.3677
1749262114,0.34510000,27820.30000000,0.3677
1749262114,0.34500000,3305.80000000,0.3677
1749262415,0.37200000,1132.80000000,0.372
1749262415,0.37190000,1969.00000000,0.372
1749262415,0.37180000,2273.70000000,0.372
1749262415,0.37170000,2464.30000000,0.372
1749262415,0.37160000,7924.50000000,0.372
1749262415,0.37150000,17071.70000000,0.372
1749262415,0.37140000,18688.90000000,0.372
1749262415,0.37130000,5809.00000000,0.372
1749262415,0.37120000,1420.20000000,0.372
1749262415,0.37110000,7164.80000000,0.372
1749262415,0.37100000,4976.20000000,0.372
1749262415,0.37090000,2012.70000000,0.372
1749262415,0.37080000,1421.10000000,0.372
1749262415,0.37070000,4366.70000000,0.372
1749262415,0.37060000,3170.30000000,0.372
1749262415,0.37050000,1442.10000000,0.372
1749262415,0.37040000,4347.10000000,0.372
1749262415,0.37030000,1442.50000000,0.372
1749262415,0.37020000,4841.80000000,0.372
1749262415,0.37010000,2116.90000000,0.372
1749262415,0.37000000,4327.70000000,0.372
1749262415,0.36990000,2012.00000000,0.372
1749262415,0.36980000,5570.20000000,0.372
1749262415,0.36970000,4978.40000000,0.372
1749262415,0.36960000,1403.10000000,0.372
1749262415,0.36950000,791.90000000,0.372
1749262415,0.36940000,4329.00000000,0.372
1749262415,0.36930000,794.20000000,0.372
1749262415,0.36920000,1527.30000000,0.372
1749262415,0.36910000,3732.10000000,0.372
1749262415,0.36900000,3582.40000000,0.372
1749262415,0.36890000,47.50000000,0.372
1749262415,0.36880000,27.10000000,0.372
1749262415,0.36870000,6490.30000000,0.372
1749262415,0.36860000,27.20000000,0.372
1749262415,0.36850000,47.60000000,0.372
1749262415,0.36840000,3582.50000000,0.372
1749262415,0.36830000,47.60000000,0.372
1749262415,0.36820000,27.20000000,0.372
1749262415,0.36810000,3602.90000000,0.372
1749262415,0.36800000,27.20000000,0.372
1749262415,0.36790000,47.60000000,0.372
1749262415,0.36780000,3582.50000000,0.372
1749262415,0.36770000,47.60000000,0.372
1749262415,0.36760000,61.00000000,0.372
1749262415,0.36750000,3602.90000000,0.372
1749262415,0.36740000,149.50000000,0.372
1749262415,0.36730000,47.80000000,0.372
1749262415,0.36720000,27.30000000,0.372
1749262415,0.36710000,3603.10000000,0.372
1749262415,0.36700000,3202.20000000,0.372
1749262415,0.36690000,61.50000000,0.372
1749262415,0.36680000,7961.50000000,0.372
1749262415,0.36670000,47.80000000,0.372
1749262415,0.36660000,3313.90000000,0.372
1749262415,0.36650000,3603.10000000,0.372
1749262415,0.36640000,27.30000000,0.372
1749262415,0.36630000,113.80000000,0.372
1749262415,0.36620000,9531.70000000,0.372
1749262415,0.36610000,47.90000000,0.372
1749262415,0.36600000,27.40000000,0.372
1749262415,0.36590000,3685.80000000,0.372
1749262415,0.36580000,2733.70000000,0.372
1749262415,0.36570000,1909.10000000,0.372
1749262415,0.36560000,3582.70000000,0.372
1749262415,0.36550000,48.00000000,0.372
1749262415,0.36540000,162.80000000,0.372
1749262415,0.36530000,11462.50000000,0.372
1749262415,0.36520000,27.40000000,0.372
1749262415,0.36510000,48.00000000,0.372
1749262415,0.36500000,3648.20000000,0.372
1749262415,0.36490000,7364.00000000,0.372
1749262415,0.36480000,27.50000000,0.372
1749262415,0.36470000,4742.10000000,0.372
1749262415,0.36460000,7490.00000000,0.372
1749262415,0.36450000,201.10000000,0.372
1749262415,0.36440000,3555.30000000,0.372
1749262415,0.36430000,3856.80000000,0.372
1749262415,0.36410000,294.70000000,0.372
1749262415,0.36400000,353.50000000,0.372
1749262415,0.36300000,1375.00000000,0.372
1749262415,0.36240000,124.90000000,0.372
1749262415,0.36090000,384.90000000,0.372
1749262415,0.36050000,138.60000000,0.372
1749262415,0.36000000,65.50000000,0.372
1749262415,0.35980000,82.60000000,0.372
1749262415,0.35880000,13770.30000000,0.372
1749262415,0.35870000,3339.50000000,0.372
1749262415,0.35840000,6629.50000000,0.372
1749262415,0.35830000,29.90000000,0.372
1749262415,0.35780000,3390.70000000,0.372
1749262415,0.35650000,16.80000000,0.372
1749262415,0.35560000,335.50000000,0.372
1749262415,0.35540000,225.00000000,0.372
1749262415,0.35500000,127.30000000,0.372
1749262415,0.35370000,585.10000000,0.372
1749262415,0.35280000,234.40000000,0.372
1749262415,0.35200000,255.80000000,0.372
1749262415,0.35000000,1580.90000000,0.372
1749262415,0.34940000,97.60000000,0.372
1749262721,0.37280000,1177.40000000,0.3729
1749262721,0.37270000,1667.00000000,0.3729
1749262721,0.37260000,5007.00000000,0.3729
1749262721,0.37250000,2337.30000000,0.3729
1749262721,0.37240000,5056.90000000,0.3729
1749262721,0.37230000,14655.40000000,0.3729
1749262721,0.37220000,7377.80000000,0.3729
1749262721,0.37210000,13905.60000000,0.3729
1749262721,0.37200000,12280.70000000,0.3729
1749262721,0.37190000,15096.70000000,0.3729
1749262721,0.37180000,2641.20000000,0.3729
1749262721,0.37170000,1438.10000000,0.3729
1749262721,0.37160000,4343.30000000,0.3729
1749262721,0.37150000,2431.20000000,0.3729
1749262721,0.37140000,1419.40000000,0.3729
1749262721,0.37130000,4994.90000000,0.3729
1749262721,0.37120000,1419.90000000,0.3729
1749262721,0.37110000,1440.20000000,0.3729
1749262721,0.37100000,5540.10000000,0.3729
1749262721,0.37090000,1420.50000000,0.3729
1749262721,0.37080000,4679.80000000,0.3729
1749262721,0.37070000,4976.40000000,0.3729
1749262721,0.37060000,1401.50000000,0.3729
1749262721,0.37050000,6014.90000000,0.3729
1749262721,0.37040000,4326.80000000,0.3729
1749262721,0.37030000,792.20000000,0.3729
1749262721,0.37020000,772.10000000,0.3729
1749262721,0.37010000,792.20000000,0.3729
1749262721,0.37000000,4327.70000000,0.3729
1749262721,0.36990000,793.00000000,0.3729
1749262721,0.36980000,772.70000000,0.3729
1749262721,0.36970000,4348.40000000,0.3729
1749262721,0.36960000,27.10000000,0.3729
1749262721,0.36950000,47.40000000,0.3729
1749262721,0.36940000,3703.00000000,0.3729
1749262721,0.36930000,47.40000000,0.3729
1749262721,0.36920000,27.10000000,0.3729
1749262721,0.36910000,2985.10000000,0.3729
1749262721,0.36900000,3582.40000000,0.3729
1749262721,0.36890000,47.50000000,0.3729
1749262721,0.36880000,216.50000000,0.3729
1749262721,0.36870000,3602.90000000,0.3729
1749262721,0.36860000,103.40000000,0.3729
1749262721,0.36850000,47.60000000,0.3729
1749262721,0.36840000,3582.50000000,0.3729
1749262721,0.36830000,113.20000000,0.3729
1749262721,0.36820000,54.30000000,0.3729
1749262721,0.36810000,3617.60000000,0.3729
1749262721,0.36800000,2977.10000000,0.3729
1749262721,0.36790000,47.60000000,0.3729
1749262721,0.36780000,3582.50000000,0.3729
1749262721,0.36770000,47.60000000,0.3729
1749262721,0.36760000,61.00000000,0.3729
1749262721,0.36750000,3602.90000000,0.3729
1749262721,0.36740000,27.30000000,0.3729
1749262721,0.36730000,115.30000000,0.3729
1749262721,0.36720000,27.30000000,0.3729
1749262721,0.36710000,3603.10000000,0.3729
1749262721,0.36700000,1956.10000000,0.3729
1749262721,0.36690000,47.80000000,0.3729
1749262721,0.36680000,6434.30000000,0.3729
1749262721,0.36670000,47.80000000,0.3729
1749262721,0.36660000,27.30000000,0.3729
1749262721,0.36650000,3603.10000000,0.3729
1749262721,0.36640000,27.30000000,0.3729
1749262721,0.36630000,3011.40000000,0.3729
1749262721,0.36620000,3582.70000000,0.3729
1749262721,0.36610000,47.90000000,0.3729
1749262721,0.36600000,163.70000000,0.3729
1749262721,0.36590000,3603.20000000,0.3729
1749262721,0.36580000,27.40000000,0.3729
1749262721,0.36570000,3869.40000000,0.3729
1749262721,0.36560000,3582.70000000,0.3729
1749262721,0.36550000,320.50000000,0.3729
1749262721,0.36540000,26.90000000,0.3729
1749262721,0.36530000,3602.80000000,0.3729
1749262721,0.36510000,20.60000000,0.3729
1749262721,0.36500000,3620.80000000,0.3729
1749262721,0.36490000,246.20000000,0.3729
1749262721,0.36480000,352.70000000,0.3729
1749262721,0.36450000,1588.80000000,0.3729
1749262721,0.36390000,124.40000000,0.3729
1749262721,0.36350000,272.30000000,0.3729
1749262721,0.36320000,14.70000000,0.3729
1749262721,0.36310000,136.40000000,0.3729
1749262721,0.36280000,82.60000000,0.3729
1749262721,0.36210000,161.40000000,0.3729
1749262721,0.36070000,13770.30000000,0.3729
1749262721,0.36060000,3321.90000000,0.3729
1749262721,0.36050000,138.60000000,0.3729
1749262721,0.36000000,65.50000000,0.3729
1749262721,0.35910000,332.30000000,0.3729
1749262721,0.35890000,1112.60000000,0.3729
1749262721,0.35870000,5565.90000000,0.3729
1749262721,0.35830000,29.90000000,0.3729
1749262721,0.35790000,2770.00000000,0.3729
1749262721,0.35780000,3390.70000000,0.3729
1749262721,0.35650000,16.80000000,0.3729
1749262721,0.35640000,524.10000000,0.3729
1749262721,0.35540000,2059.10000000,0.3729
1749263030,0.37130000,977.80000000,0.3713
1749263030,0.37120000,1287.00000000,0.3713
1749263030,0.37110000,2074.60000000,0.3713
1749263030,0.37100000,9338.80000000,0.3713
1749263030,0.37090000,11074.00000000,0.3713
1749263030,0.37080000,11421.80000000,0.3713
1749263030,0.37070000,5985.70000000,0.3713
1749263030,0.37060000,3728.50000000,0.3713
1749263030,0.37050000,10150.60000000,0.3713
1749263030,0.37040000,13168.80000000,0.3713
1749263030,0.37030000,15978.70000000,0.3713
1749263030,0.37020000,1564.70000000,0.3713
1749263030,0.37010000,1442.50000000,0.3713
1749263030,0.37000000,4348.00000000,0.3713
1749263030,0.36990000,3259.90000000,0.3713
1749263030,0.36980000,1402.70000000,0.3713
1749263030,0.36970000,4348.40000000,0.3713
1749263030,0.36960000,1400.40000000,0.3713
1749263030,0.36950000,1418.40000000,0.3713
1749263030,0.36940000,7709.90000000,0.3713
1749263030,0.36930000,1420.70000000,0.3713
1749263030,0.36920000,1400.40000000,0.3713
1749263030,0.36910000,5271.30000000,0.3713
1749263030,0.36900000,4212.40000000,0.3713
1749263030,0.36890000,47.50000000,0.3713
1749263030,0.36880000,1412.10000000,0.3713
1749263030,0.36870000,4232.90000000,0.3713
1749263030,0.36860000,103.40000000,0.3713
1749263030,0.36850000,4531.70000000,0.3713
1749263030,0.36840000,4212.50000000,0.3713
1749263030,0.36830000,677.60000000,0.3713
1749263030,0.36820000,27.20000000,0.3713
1749263030,0.36810000,4247.60000000,0.3713
1749263030,0.36800000,27.20000000,0.3713
1749263030,0.36790000,47.60000000,0.3713
1749263030,0.36780000,4270.30000000,0.3713
1749263030,0.36770000,47.60000000,0.3713
1749263030,0.36760000,61.00000000,0.3713
1749263030,0.36750000,4232.90000000,0.3713
1749263030,0.36740000,27.30000000,0.3713
1749263030,0.36730000,47.80000000,0.3713
1749263030,0.36720000,27.30000000,0.3713
1749263030,0.36710000,4260.20000000,0.3713
1749263030,0.36700000,913.60000000,0.3713
1749263030,0.36690000,3006.60000000,0.3713
1749263030,0.36680000,3582.60000000,0.3713
1749263030,0.36670000,183.90000000,0.3713
1749263030,0.36660000,27.30000000,0.3713
1749263030,0.36650000,3603.10000000,0.3713
1749263030,0.36640000,94.90000000,0.3713
1749263030,0.36630000,47.80000000,0.3713
1749263030,0.36620000,3582.70000000,0.3713
1749263030,0.36610000,47.90000000,0.3713
1749263030,0.36600000,27.40000000,0.3713
1749263030,0.36590000,3603.20000000,0.3713
1749263030,0.36580000,2733.70000000,0.3713
1749263030,0.36570000,47.90000000,0.3713
1749263030,0.36560000,4112.00000000,0.3713
1749263030,0.36550000,3017.50000000,0.3713
1749263030,0.36540000,1907.00000000,0.3713
1749263030,0.36530000,3602.80000000,0.3713
1749263030,0.36520000,26.90000000,0.3713
1749263030,0.36510000,203.60000000,0.3713
1749263030,0.36500000,3647.70000000,0.3713
1749263030,0.36490000,26.90000000,0.3713
1749263030,0.36480000,151.00000000,0.3713
1749263030,0.36470000,26.90000000,0.3713
1749263030,0.36460000,26.90000000,0.3713
1749263030,0.36450000,26.90000000,0.3713
1749263030,0.36440000,1533.50000000,0.3713
1749263030,0.36430000,26.90000000,0.3713
1749263030,0.36420000,3864.20000000,0.3713
1749263030,0.36410000,26.90000000,0.3713
1749263030,0.36400000,27.00000000,0.3713
1749263030,0.36390000,301.30000000,0.3713
1749263030,0.36380000,27.00000000,0.3713
1749263030,0.36340000,245.10000000,0.3713
1749263030,0.36320000,14.70000000,0.3713
1749263030,0.36210000,218.20000000,0.3713
1749263030,0.36180000,273.60000000,0.3713
1749263030,0.36150000,82.90000000,0.3713
1749263030,0.36120000,1810.20000000,0.3713
1749263030,0.36090000,161.90000000,0.3713
1749263030,0.36050000,138.60000000,0.3713
1749263030,0.36040000,276.90000000,0.3713
1749263030,0.36000000,13835.80000000,0.3713
1749263030,0.35990000,3328.40000000,0.3713
1749263030,0.35910000,332.30000000,0.3713
1749263030,0.35830000,29.90000000,0.3713
1749263030,0.35780000,8970.60000000,0.3713
1749263030,0.35770000,1638.40000000,0.3713
1749263030,0.35650000,16.80000000,0.3713
1749263030,0.35540000,225.00000000,0.3713
1749263030,0.35500000,127.30000000,0.3713
1749263030,0.35390000,1841.90000000,0.3713
1749263030,0.35370000,57.00000000,0.3713
1749263030,0.35280000,234.40000000,0.3713
1749263030,0.35230000,172.00000000,0.3713
1749263030,0.35200000,255.80000000,0.3713
1749263030,0.35000000,1580.90000000,0.3713
1749263338,0.37250000,184.30000000,0.3725
1749263338,0.37240000,47.10000000,0.3725
1749263338,0.37230000,697.30000000,0.3725
1749263338,0.37220000,2838.90000000,0.3725
1749263338,0.37210000,8024.90000000,0.3725
1749263338,0.37200000,13428.30000000,0.3725
1749263338,0.37190000,9784.40000000,0.3725
1749263338,0.37180000,2870.20000000,0.3725
1749263338,0.37170000,6458.90000000,0.3725
1749263338,0.37160000,5736.70000000,0.3725
1749263338,0.37150000,11670.60000000,0.3725
1749263338,0.37140000,6008.30000000,0.3725
1749263338,0.37130000,8187.60000000,0.3725
1749263338,0.37120000,1419.80000000,0.3725
1749263338,0.37110000,1440.40000000,0.3725
1749263338,0.37100000,6066.00000000,0.3725
1749263338,0.37090000,1420.70000000,0.3725
1749263338,0.37080000,4242.70000000,0.3725
1749263338,0.37070000,5264.00000000,0.3725
1749263338,0.37060000,1989.00000000,0.3725
1749263338,0.37050000,1421.80000000,0.3725
1749263338,0.37040000,5997.10000000,0.3725
1749263338,0.37030000,5589.50000000,0.3725
1749263338,0.37020000,1402.10000000,0.3725
1749263338,0.37010000,2171.20000000,0.3725
1749263338,0.37000000,3582.40000000,0.3725
1749263338,0.36990000,677.40000000,0.3725
1749263338,0.36980000,4497.70000000,0.3725
1749263338,0.36970000,3602.70000000,0.3725
1749263338,0.36960000,657.10000000,0.3725
1749263338,0.36950000,47.40000000,0.3725
1749263338,0.36940000,4212.40000000,0.3725
1749263338,0.36930000,47.40000000,0.3725
1749263338,0.36920000,27.10000000,0.3725
1749263338,0.36910000,3615.10000000,0.3725
1749263338,0.36900000,4212.40000000,0.3725
1749263338,0.36890000,47.50000000,0.3725
1749263338,0.36880000,27.10000000,0.3725
1749263338,0.36870000,4232.90000000,0.3725
1749263338,0.36860000,118.00000000,0.3725
1749263338,0.36850000,47.60000000,0.3725
1749263338,0.36840000,6529.20000000,0.3725
1749263338,0.36830000,47.60000000,0.3725
1749263338,0.36820000,27.20000000,0.3725
1749263338,0.36810000,3602.90000000,0.3725
1749263338,0.36800000,27.20000000,0.3725
1749263338,0.36790000,47.60000000,0.3725
1749263338,0.36780000,3649.90000000,0.3725
1749263338,0.36770000,47.60000000,0.3725
1749263338,0.36760000,27.20000000,0.3725
1749263338,0.36750000,3602.90000000,0.3725
1749263338,0.36740000,27.30000000,0.3725
1749263338,0.36730000,47.80000000,0.3725
1749263338,0.36720000,27.30000000,0.3725
1749263338,0.36710000,3603.10000000,0.3725
1749263338,0.36700000,2860.80000000,0.3725
1749263338,0.36690000,105.80000000,0.3725
1749263338,0.36680000,3582.60000000,0.3725
1749263338,0.36670000,1902.40000000,0.3725
1749263338,0.36660000,27.30000000,0.3725
1749263338,0.36650000,6565.10000000,0.3725
1749263338,0.36640000,378.50000000,0.3725
1749263338,0.36630000,47.80000000,0.3725
1749263338,0.36620000,3722.00000000,0.3725
1749263338,0.36610000,47.90000000,0.3725
1749263338,0.36600000,27.40000000,0.3725
1749263338,0.36590000,4339.80000000,0.3725
1749263338,0.36580000,27.40000000,0.3725
1749263338,0.36570000,47.90000000,0.3725
1749263338,0.36560000,3582.10000000,0.3725
1749263338,0.36550000,47.40000000,0.3725
1749263338,0.36540000,26.80000000,0.3725
1749263338,0.36530000,3602.80000000,0.3725
1749263338,0.36520000,270.80000000,0.3725
1749263338,0.36510000,47.50000000,0.3725
1749263338,0.36500000,92.40000000,0.3725
1749263338,0.36480000,124.10000000,0.3725
1749263338,0.36330000,272.50000000,0.3725
1749263338,0.36320000,14.70000000,0.3725
1749263338,0.36290000,82.60000000,0.3725
1749263338,0.36230000,1666.90000000,0.3725
1749263338,0.36050000,138.60000000,0.3725
1749263338,0.36020000,236.00000000,0.3725
1749263338,0.36000000,65.50000000,0.3725
1749263338,0.35910000,332.30000000,0.3725
1749263338,0.35850000,2770.00000000,0.3725
1749263338,0.35830000,29.90000000,0.3725
1749263338,0.35790000,13770.30000000,0.3725
1749263338,0.35780000,3390.70000000,0.3725
1749263338,0.35770000,522.00000000,0.3725
1749263338,0.35650000,16.80000000,0.3725
1749263338,0.35540000,225.00000000,0.3725
1749263338,0.35500000,127.30000000,0.3725
1749263338,0.35380000,1410.70000000,0.3725
1749263338,0.35370000,57.00000000,0.3725
1749263338,0.35280000,234.40000000,0.3725
1749263338,0.35200000,255.80000000,0.3725
1749263338,0.35000000,1580.90000000,0.3725
1749263338,0.34940000,97.60000000,0.3725
1749263338,0.34920000,30.80000000,0.3725
1749263640,0.37180000,142.40000000,0.3718
1749263640,0.37170000,67.30000000,0.3718
1749263640,0.37160000,677.10000000,0.3718
1749263640,0.37150000,2177.00000000,0.3718
1749263640,0.37140000,5912.90000000,0.3718
1749263640,0.37130000,9230.90000000,0.3718
1749263640,0.37120000,4757.90000000,0.3718
1749263640,0.37110000,6227.80000000,0.3718
1749263640,0.37100000,6369.80000000,0.3718
1749263640,0.37090000,2348.20000000,0.3718
1749263640,0.37080000,4376.20000000,0.3718
1749263640,0.37070000,19909.60000000,0.3718
1749263640,0.37060000,1421.70000000,0.3718
1749263640,0.37050000,1442.00000000,0.3718
1749263640,0.37040000,8380.50000000,0.3718
1749263640,0.37030000,5609.70000000,0.3718
1749263640,0.37020000,1402.10000000,0.3718
1749263640,0.37010000,2010.70000000,0.3718
1749263640,0.37000000,7253.70000000,0.3718
1749263640,0.36990000,1419.20000000,0.3718
1749263640,0.36980000,1721.00000000,0.3718
1749263640,0.36970000,4232.70000000,0.3718
1749263640,0.36960000,1398.90000000,0.3718
1749263640,0.36950000,2176.00000000,0.3718
1749263640,0.36940000,4955.20000000,0.3718
1749263640,0.36930000,47.40000000,0.3718
1749263640,0.36920000,4503.90000000,0.3718
1749263640,0.36910000,3615.10000000,0.3718
1749263640,0.36900000,4212.40000000,0.3718
1749263640,0.36890000,47.50000000,0.3718
1749263640,0.36880000,657.10000000,0.3718
1749263640,0.36870000,4232.90000000,0.3718
1749263640,0.36860000,103.40000000,0.3718
1749263640,0.36850000,677.60000000,0.3718
1749263640,0.36840000,4212.50000000,0.3718
1749263640,0.36830000,47.60000000,0.3718
1749263640,0.36820000,40.80000000,0.3718
1749263640,0.36810000,4232.90000000,0.3718
1749263640,0.36800000,27.20000000,0.3718
1749263640,0.36790000,47.60000000,0.3718
1749263640,0.36780000,4212.50000000,0.3718
1749263640,0.36770000,47.60000000,0.3718
1749263640,0.36760000,27.20000000,0.3718
1749263640,0.36750000,7186.80000000,0.3718
1749263640,0.36740000,27.30000000,0.3718
1749263640,0.36730000,47.80000000,0.3718
1749263640,0.36720000,418.70000000,0.3718
1749263640,0.36710000,3603.10000000,0.3718
1749263640,0.36700000,27.30000000,0.3718
1749263640,0.36690000,47.80000000,0.3718
1749263640,0.36680000,3582.60000000,0.3718
1749263640,0.36670000,115.40000000,0.3718
1749263640,0.36660000,27.30000000,0.3718
1749263640,0.36650000,3603.10000000,0.3718
1749263640,0.36640000,27.30000000,0.3718
1749263640,0.36630000,47.80000000,0.3718
1749263640,0.36620000,3582.70000000,0.3718
1749263640,0.36610000,47.90000000,0.3718
1749263640,0.36600000,27.40000000,0.3718
1749263640,0.36590000,6308.80000000,0.3718
1749263640,0.36580000,27.40000000,0.3718
1749263640,0.36570000,47.90000000,0.3718
1749263640,0.36560000,3582.10000000,0.3718
1749263640,0.36550000,200.60000000,0.3718
1749263640,0.36540000,4874.00000000,0.3718
1749263640,0.36530000,3602.80000000,0.3718
1749263640,0.36520000,26.90000000,0.3718
1749263640,0.36510000,47.50000000,0.3718
1749263640,0.36500000,92.40000000,0.3718
1749263640,0.36490000,26.90000000,0.3718
1749263640,0.36480000,151.00000000,0.3718
1749263640,0.36470000,26.90000000,0.3718
1749263640,0.36460000,26.90000000,0.3718
1749263640,0.36450000,26.90000000,0.3718
1749263640,0.36440000,26.90000000,0.3718
1749263640,0.36430000,26.90000000,0.3718
1749263640,0.36410000,246.70000000,0.3718
1749263640,0.36320000,14.70000000,0.3718
1749263640,0.36270000,495.80000000,0.3718
1749263640,0.36170000,82.80000000,0.3718
1749263640,0.36130000,1671.50000000,0.3718
1749263640,0.36050000,138.60000000,0.3718
1749263640,0.36000000,65.50000000,0.3718
1749263640,0.35910000,332.30000000,0.3718
1749263640,0.35830000,29.90000000,0.3718
1749263640,0.35800000,287.90000000,0.3718
1749263640,0.35790000,13770.30000000,0.3718
1749263640,0.35780000,3912.60000000,0.3718
1749263640,0.35730000,2770.00000000,0.3718
1749263640,0.35650000,16.80000000,0.3718
1749263640,0.35540000,225.00000000,0.3718
1749263640,0.35500000,127.30000000,0.3718
1749263640,0.35370000,57.00000000,0.3718
1749263640,0.35280000,234.40000000,0.3718
1749263640,0.35200000,255.80000000,0.3718
1749263640,0.35000000,1580.90000000,0.3718
1749263640,0.34940000,97.60000000,0.3718
1749263640,0.34920000,30.80000000,0.3718
1749263640,0.34850000,55.90000000,0.3718
1749263640,0.34800000,2873.50000000,0.3718
1749263947,0.37230000,26.90000000,0.3724
1749263947,0.37220000,1858.70000000,0.3724
1749263947,0.37210000,2800.70000000,0.3724
1749263947,0.37200000,6351.10000000,0.3724
1749263947,0.37190000,13705.20000000,0.3724
1749263947,0.37180000,4665.30000000,0.3724
1749263947,0.37170000,4186.40000000,0.3724
1749263947,0.37160000,15519.80000000,0.3724
1749263947,0.37150000,29174.80000000,0.3724
1749263947,0.37140000,6325.10000000,0.3724
1749263947,0.37130000,4551.20000000,0.3724
1749263947,0.37120000,6043.60000000,0.3724
1749263947,0.37110000,1440.60000000,0.3724
1749263947,0.37100000,6455.30000000,0.3724
1749263947,0.37090000,4148.90000000,0.3724
1749263947,0.37080000,1560.00000000,0.3724
1749263947,0.37070000,5584.40000000,0.3724
1749263947,0.37060000,1421.70000000,0.3724
1749263947,0.37050000,1442.00000000,0.3724
1749263947,0.37040000,4326.80000000,0.3724
1749263947,0.37030000,4242.60000000,0.3724
1749263947,0.37020000,1725.70000000,0.3724
1749263947,0.37010000,6010.40000000,0.3724
1749263947,0.37000000,7995.50000000,0.3724
1749263947,0.36990000,1419.20000000,0.3724
1749263947,0.36980000,1398.90000000,0.3724
1749263947,0.36970000,4232.70000000,0.3724
1749263947,0.36960000,1398.90000000,0.3724
1749263947,0.36950000,1420.20000000,0.3724
1749263947,0.36940000,4955.20000000,0.3724
1749263947,0.36930000,47.40000000,0.3724
1749263947,0.36920000,657.10000000,0.3724
1749263947,0.36910000,3615.10000000,0.3724
1749263947,0.36900000,4212.40000000,0.3724
1749263947,0.36890000,47.50000000,0.3724
1749263947,0.36880000,27.10000000,0.3724
1749263947,0.36870000,4232.90000000,0.3724
1749263947,0.36860000,103.40000000,0.3724
1749263947,0.36850000,47.60000000,0.3724
1749263947,0.36840000,3582.50000000,0.3724
1749263947,0.36830000,2995.10000000,0.3724
1749263947,0.36820000,40.80000000,0.3724
1749263947,0.36810000,3602.90000000,0.3724
1749263947,0.36800000,27.20000000,0.3724
1749263947,0.36790000,397.30000000,0.3724
1749263947,0.36780000,3582.50000000,0.3724
1749263947,0.36770000,47.60000000,0.3724
1749263947,0.36760000,27.20000000,0.3724
1749263947,0.36750000,3602.90000000,0.3724
1749263947,0.36740000,94.70000000,0.3724
1749263947,0.36730000,88.80000000,0.3724
1749263947,0.36720000,27.30000000,0.3724
1749263947,0.36710000,3603.10000000,0.3724
1749263947,0.36700000,27.30000000,0.3724
1749263947,0.36690000,47.80000000,0.3724
1749263947,0.36680000,3582.60000000,0.3724
1749263947,0.36670000,47.80000000,0.3724
1749263947,0.36660000,27.30000000,0.3724
1749263947,0.36650000,6696.70000000,0.3724
1749263947,0.36640000,27.30000000,0.3724
1749263947,0.36630000,200.70000000,0.3724
1749263947,0.36620000,3582.70000000,0.3724
1749263947,0.36610000,47.90000000,0.3724
1749263947,0.36600000,27.40000000,0.3724
1749263947,0.36590000,6308.80000000,0.3724
1749263947,0.36580000,27.40000000,0.3724
1749263947,0.36570000,47.90000000,0.3724
1749263947,0.36560000,3582.10000000,0.3724
1749263947,0.36550000,47.40000000,0.3724
1749263947,0.36540000,1903.10000000,0.3724
1749263947,0.36530000,3602.80000000,0.3724
1749263947,0.36520000,26.90000000,0.3724
1749263947,0.36510000,47.50000000,0.3724
1749263947,0.36500000,92.40000000,0.3724
1749263947,0.36490000,26.90000000,0.3724
1749263947,0.36480000,151.00000000,0.3724
1749263947,0.36450000,246.40000000,0.3724
1749263947,0.36330000,3208.30000000,0.3724
1749263947,0.36320000,14.70000000,0.3724
1749263947,0.36270000,275.20000000,0.3724
1749263947,0.36200000,82.80000000,0.3724
1749263947,0.36180000,1669.20000000,0.3724
1749263947,0.36050000,138.60000000,0.3724
1749263947,0.36000000,65.50000000,0.3724
1749263947,0.35910000,332.30000000,0.3724
1749263947,0.35830000,551.10000000,0.3724
1749263947,0.35800000,423.80000000,0.3724
1749263947,0.35790000,13770.30000000,0.3724
1749263947,0.35780000,3390.70000000,0.3724
1749263947,0.35650000,16.80000000,0.3724
1749263947,0.35540000,225.00000000,0.3724
1749263947,0.35500000,127.30000000,0.3724
1749263947,0.35450000,1407.90000000,0.3724
1749263947,0.35370000,57.00000000,0.3724
1749263947,0.35280000,234.40000000,0.3724
1749263947,0.35200000,255.80000000,0.3724
1749263947,0.35000000,1580.90000000,0.3724
1749263947,0.34940000,97.60000000,0.3724
1749263947,0.34920000,30.80000000,0.3724
1749263947,0.34850000,55.90000000,0.3724
1749264248,0.37040000,284.80000000,0.3705
1749264248,0.37030000,697.70000000,0.3705
1749264248,0.37020000,3141.90000000,0.3705
1749264248,0.37010000,8552.90000000,0.3705
1749264248,0.37000000,6801.40000000,0.3705
1749264248,0.36990000,9681.10000000,0.3705
1749264248,0.36980000,11618.80000000,0.3705
1749264248,0.36970000,7018.60000000,0.3705
1749264248,0.36960000,6059.60000000,0.3705
1749264248,0.36950000,13362.60000000,0.3705
1749264248,0.36940000,15269.40000000,0.3705
1749264248,0.36930000,2537.40000000,0.3705
1749264248,0.36920000,1566.00000000,0.3705
1749264248,0.36910000,4378.60000000,0.3705
1749264248,0.36900000,6006.00000000,0.3705
1749264248,0.36890000,1961.00000000,0.3705
1749264248,0.36880000,1400.90000000,0.3705
1749264248,0.36870000,4978.50000000,0.3705
1749264248,0.36860000,4759.80000000,0.3705
1749264248,0.36850000,1422.20000000,0.3705
1749264248,0.36840000,5277.70000000,0.3705
1749264248,0.36830000,2770.00000000,0.3705
1749264248,0.36820000,5259.90000000,0.3705
1749264248,0.36810000,4232.90000000,0.3705
1749264248,0.36800000,1402.80000000,0.3705
1749264248,0.36790000,1423.20000000,0.3705
1749264248,0.36780000,4212.50000000,0.3705
1749264248,0.36770000,677.60000000,0.3705
1749264248,0.36760000,657.20000000,0.3705
1749264248,0.36750000,4232.90000000,0.3705
1749264248,0.36740000,27.30000000,0.3705
1749264248,0.36730000,47.80000000,0.3705
1749264248,0.36720000,3613.70000000,0.3705
1749264248,0.36710000,3603.10000000,0.3705
1749264248,0.36700000,27.30000000,0.3705
1749264248,0.36690000,47.80000000,0.3705
1749264248,0.36680000,3582.60000000,0.3705
1749264248,0.36670000,47.80000000,0.3705
1749264248,0.36660000,27.30000000,0.3705
1749264248,0.36650000,3679.30000000,0.3705
1749264248,0.36640000,27.30000000,0.3705
1749264248,0.36630000,47.80000000,0.3705
1749264248,0.36620000,3934.00000000,0.3705
1749264248,0.36610000,47.90000000,0.3705
1749264248,0.36600000,54.60000000,0.3705
1749264248,0.36590000,3644.30000000,0.3705
1749264248,0.36580000,163.80000000,0.3705
1749264248,0.36570000,47.90000000,0.3705
1749264248,0.36560000,3582.10000000,0.3705
1749264248,0.36550000,115.20000000,0.3705
1749264248,0.36540000,26.80000000,0.3705
1749264248,0.36530000,3602.80000000,0.3705
1749264248,0.36520000,26.90000000,0.3705
1749264248,0.36510000,47.50000000,0.3705
1749264248,0.36500000,92.40000000,0.3705
1749264248,0.36490000,2739.90000000,0.3705
1749264248,0.36480000,26.90000000,0.3705
1749264248,0.36470000,1175.10000000,0.3705
1749264248,0.36460000,26.90000000,0.3705
1749264248,0.36450000,159.20000000,0.3705
1749264248,0.36440000,26.90000000,0.3705
1749264248,0.36430000,3006.80000000,0.3705
1749264248,0.36420000,26.90000000,0.3705
1749264248,0.36410000,2050.50000000,0.3705
1749264248,0.36400000,27.00000000,0.3705
1749264248,0.36390000,27.00000000,0.3705
1749264248,0.36380000,27.00000000,0.3705
1749264248,0.36370000,27.00000000,0.3705
1749264248,0.36360000,27.00000000,0.3705
1749264248,0.36350000,27.00000000,0.3705
1749264248,0.36340000,768.60000000,0.3705
1749264248,0.36330000,27.00000000,0.3705
1749264248,0.36320000,41.70000000,0.3705
1749264248,0.36310000,27.00000000,0.3705
1749264248,0.36300000,27.00000000,0.3705
1749264248,0.36290000,27.00000000,0.3705
1749264248,0.36280000,370.30000000,0.3705
1749264248,0.36220000,2997.20000000,0.3705
1749264248,0.36120000,274.00000000,0.3705
1749264248,0.36080000,213.40000000,0.3705
1749264248,0.36050000,221.70000000,0.3705
1749264248,0.36000000,65.50000000,0.3705
1749264248,0.35910000,332.30000000,0.3705
1749264248,0.35830000,29.90000000,0.3705
1749264248,0.35800000,423.80000000,0.3705
1749264248,0.35790000,13770.30000000,0.3705
1749264248,0.35780000,3390.70000000,0.3705
1749264248,0.35650000,16.80000000,0.3705
1749264248,0.35640000,524.10000000,0.3705
1749264248,0.35610000,2770.00000000,0.3705
1749264248,0.35540000,225.00000000,0.3705
1749264248,0.35500000,127.30000000,0.3705
1749264248,0.35370000,57.00000000,0.3705
1749264248,0.35300000,1413.90000000,0.3705
1749264248,0.35280000,234.40000000,0.3705
1749264248,0.35200000,255.80000000,0.3705
1749264248,0.35000000,1580.90000000,0.3705
1749264248,0.34940000,97.60000000,0.3705
1749264248,0.34920000,30.80000000,0.3705
1749264248,0.34850000,55.90000000,0.3705
1749264555,0.37050000,142.40000000,0.3705
1749264555,0.37040000,27.00000000,0.3705
1749264555,0.37030000,1780.90000000,0.3705
1749264555,0.37020000,2334.10000000,0.3705
1749264555,0.37010000,3929.10000000,0.3705
1749264555,0.37000000,16686.10000000,0.3705
1749264555,0.36990000,10039.50000000,0.3705
1749264555,0.36980000,6796.50000000,0.3705
1749264555,0.36970000,7364.00000000,0.3705
1749264555,0.36960000,5381.50000000,0.3705
1749264555,0.36950000,14193.30000000,0.3705
1749264555,0.36940000,15250.50000000,0.3705
1749264555,0.36930000,2351.40000000,0.3705
1749264555,0.36920000,1755.30000000,0.3705
1749264555,0.36910000,6536.20000000,0.3705
1749264555,0.36900000,4978.50000000,0.3705
1749264555,0.36890000,1980.60000000,0.3705
1749264555,0.36880000,1646.20000000,0.3705
1749264555,0.36870000,5553.30000000,0.3705
1749264555,0.36860000,3549.80000000,0.3705
1749264555,0.36850000,1422.20000000,0.3705
1749264555,0.36840000,4957.30000000,0.3705
1749264555,0.36830000,2338.60000000,0.3705
1749264555,0.36820000,1402.60000000,0.3705
1749264555,0.36810000,4232.90000000,0.3705
1749264555,0.36800000,5262.20000000,0.3705
1749264555,0.36790000,1423.20000000,0.3705
1749264555,0.36780000,4212.50000000,0.3705
1749264555,0.36770000,792.80000000,0.3705
1749264555,0.36760000,27.20000000,0.3705
1749264555,0.36750000,3602.90000000,0.3705
1749264555,0.36740000,27.30000000,0.3705
1749264555,0.36730000,47.80000000,0.3705
1749264555,0.36720000,2983.70000000,0.3705
1749264555,0.36710000,3603.10000000,0.3705
1749264555,0.36700000,27.30000000,0.3705
1749264555,0.36690000,47.80000000,0.3705
1749264555,0.36680000,3582.60000000,0.3705
1749264555,0.36670000,47.80000000,0.3705
1749264555,0.36660000,27.30000000,0.3705
1749264555,0.36650000,3679.30000000,0.3705
1749264555,0.36640000,27.30000000,0.3705
1749264555,0.36630000,47.80000000,0.3705
1749264555,0.36620000,3934.00000000,0.3705
1749264555,0.36610000,47.90000000,0.3705
1749264555,0.36600000,27.40000000,0.3705
1749264555,0.36590000,3644.30000000,0.3705
1749264555,0.36580000,95.10000000,0.3705
1749264555,0.36570000,47.90000000,0.3705
1749264555,0.36560000,3582.10000000,0.3705
1749264555,0.36550000,47.40000000,0.3705
1749264555,0.36540000,26.80000000,0.3705
1749264555,0.36530000,3602.80000000,0.3705
1749264555,0.36520000,26.90000000,0.3705
1749264555,0.36510000,47.50000000,0.3705
1749264555,0.36500000,92.40000000,0.3705
1749264555,0.36490000,3887.50000000,0.3705
1749264555,0.36480000,26.90000000,0.3705
1749264555,0.36470000,26.90000000,0.3705
1749264555,0.36460000,159.20000000,0.3705
1749264555,0.36450000,26.90000000,0.3705
1749264555,0.36440000,26.90000000,0.3705
1749264555,0.36430000,26.90000000,0.3705
1749264555,0.36420000,3155.90000000,0.3705
1749264555,0.36410000,1888.50000000,0.3705
1749264555,0.36400000,27.00000000,0.3705
1749264555,0.36390000,27.00000000,0.3705
1749264555,0.36380000,27.00000000,0.3705
1749264555,0.36370000,27.00000000,0.3705
1749264555,0.36360000,27.00000000,0.3705
1749264555,0.36350000,27.00000000,0.3705
1749264555,0.36340000,68.20000000,0.3705
1749264555,0.36330000,27.00000000,0.3705
1749264555,0.36320000,316.50000000,0.3705
1749264555,0.36310000,27.00000000,0.3705
1749264555,0.36300000,27.00000000,0.3705
1749264555,0.36280000,124.80000000,0.3705
1749264555,0.36220000,2997.20000000,0.3705
1749264555,0.36100000,503.60000000,0.3705
1749264555,0.36050000,1896.90000000,0.3705
1749264555,0.36000000,65.50000000,0.3705
1749264555,0.35910000,332.30000000,0.3705
1749264555,0.35830000,29.90000000,0.3705
1749264555,0.35800000,423.80000000,0.3705
1749264555,0.35790000,13770.30000000,0.3705
1749264555,0.35780000,3390.70000000,0.3705
1749264555,0.35650000,16.80000000,0.3705
1749264555,0.35640000,524.10000000,0.3705
1749264555,0.35630000,5243.20000000,0.3705
1749264555,0.35590000,2770.00000000,0.3705
1749264555,0.35540000,225.00000000,0.3705
1749264555,0.35500000,127.30000000,0.3705
1749264555,0.35370000,57.00000000,0.3705
1749264555,0.35300000,1413.90000000,0.3705
1749264555,0.35280000,234.40000000,0.3705
1749264555,0.35200000,255.80000000,0.3705
1749264555,0.35000000,1580.90000000,0.3705
1749264555,0.34940000,97.60000000,0.3705
1749264555,0.34920000,30.80000000,0.3705
1749264555,0.34850000,55.90000000,0.3705
1749264857,0.37220000,142.40000000,0.3722
1749264857,0.37210000,1286.90000000,0.3722
1749264857,0.37200000,1307.10000000,0.3722
1749264857,0.37190000,1893.50000000,0.3722
1749264857,0.37180000,4284.40000000,0.3722
1749264857,0.37170000,2239.90000000,0.3722
1749264857,0.37160000,4352.60000000,0.3722
1749264857,0.37150000,9985.00000000,0.3722
1749264857,0.37140000,18815.00000000,0.3722
1749264857,0.37130000,3685.80000000,0.3722
1749264857,0.37120000,15130.50000000,0.3722
1749264857,0.37110000,18296.40000000,0.3722
1749264857,0.37100000,2094.60000000,0.3722
1749264857,0.37090000,5795.30000000,0.3722
1749264857,0.37080000,1831.80000000,0.3722
1749264857,0.37070000,3674.40000000,0.3722
1749264857,0.37060000,4346.60000000,0.3722
1749264857,0.37050000,1442.20000000,0.3722
1749264857,0.37040000,934.50000000,0.3722
1749264857,0.37030000,4368.00000000,0.3722
1749264857,0.37020000,4795.20000000,0.3722
1749264857,0.37010000,1403.40000000,0.3722
1749264857,0.37000000,4652.50000000,0.3722
1749264857,0.36990000,793.00000000,0.3722
1749264857,0.36980000,1402.90000000,0.3722
1749264857,0.36970000,4348.70000000,0.3722
1749264857,0.36960000,5246.20000000,0.3722
1749264857,0.36950000,1552.20000000,0.3722
1749264857,0.36940000,4959.00000000,0.3722
1749264857,0.36930000,4194.80000000,0.3722
1749264857,0.36920000,1400.70000000,0.3722
1749264857,0.36910000,1420.70000000,0.3722
1749264857,0.36900000,4212.40000000,0.3722
1749264857,0.36890000,677.50000000,0.3722
1749264857,0.36880000,3923.50000000,0.3722
1749264857,0.36870000,4232.90000000,0.3722
1749264857,0.36860000,657.20000000,0.3722
1749264857,0.36850000,677.60000000,0.3722
1749264857,0.36840000,4212.50000000,0.3722
1749264857,0.36830000,3625.10000000,0.3722
1749264857,0.36820000,657.20000000,0.3722
1749264857,0.36810000,4232.90000000,0.3722
1749264857,0.36800000,657.20000000,0.3722
1749264857,0.36790000,677.60000000,0.3722
1749264857,0.36780000,3582.50000000,0.3722
1749264857,0.36770000,47.60000000,0.3722
1749264857,0.36760000,27.20000000,0.3722
1749264857,0.36750000,3602.90000000,0.3722
1749264857,0.36740000,27.30000000,0.3722
1749264857,0.36730000,47.80000000,0.3722
1749264857,0.36720000,27.30000000,0.3722
1749264857,0.36710000,3603.10000000,0.3722
1749264857,0.36700000,27.30000000,0.3722
1749264857,0.36690000,103.50000000,0.3722
1749264857,0.36680000,3582.60000000,0.3722
1749264857,0.36670000,47.80000000,0.3722
1749264857,0.36660000,27.30000000,0.3722
1749264857,0.36650000,3679.30000000,0.3722
1749264857,0.36640000,27.30000000,0.3722
1749264857,0.36630000,47.80000000,0.3722
1749264857,0.36620000,6898.40000000,0.3722
1749264857,0.36610000,47.90000000,0.3722
1749264857,0.36600000,27.40000000,0.3722
1749264857,0.36590000,3603.20000000,0.3722
1749264857,0.36580000,27.40000000,0.3722
1749264857,0.36570000,47.90000000,0.3722
1749264857,0.36560000,3582.10000000,0.3722
1749264857,0.36550000,12452.00000000,0.3722
1749264857,0.36540000,1895.90000000,0.3722
1749264857,0.36530000,3602.80000000,0.3722
1749264857,0.36520000,7346.10000000,0.3722
1749264857,0.36510000,47.50000000,0.3722
1749264857,0.36500000,92.40000000,0.3722
1749264857,0.36490000,26.90000000,0.3722
1749264857,0.36480000,26.90000000,0.3722
1749264857,0.36470000,26.90000000,0.3722
1749264857,0.36450000,1148.80000000,0.3722
1749264857,0.36420000,132.40000000,0.3722
1749264857,0.36320000,3003.60000000,0.3722
1749264857,0.36190000,125.20000000,0.3722
1749264857,0.36100000,276.50000000,0.3722
1749264857,0.36090000,1673.40000000,0.3722
1749264857,0.36050000,138.60000000,0.3722
1749264857,0.36000000,65.50000000,0.3722
1749264857,0.35990000,83.30000000,0.3722
1749264857,0.35910000,332.30000000,0.3722
1749264857,0.35830000,29.90000000,0.3722
1749264857,0.35810000,226.20000000,0.3722
1749264857,0.35800000,423.80000000,0.3722
1749264857,0.35790000,13770.30000000,0.3722
1749264857,0.35780000,3390.70000000,0.3722
1749264857,0.35630000,5767.40000000,0.3722
1749264857,0.35540000,225.00000000,0.3722
1749264857,0.35500000,127.30000000,0.3722
1749264857,0.35370000,57.00000000,0.3722
1749264857,0.35280000,234.40000000,0.3722
1749264857,0.35200000,255.80000000,0.3722
1749264857,0.35000000,1580.90000000,0.3722
1749264857,0.34940000,97.60000000,0.3722
1749264857,0.34920000,30.80000000,0.3722
1749265160,0.37250000,142.40000000,0.3726
1749265160,0.37240000,26.90000000,0.3726
1749265160,0.37230000,1075.70000000,0.3726
1749265160,0.37220000,3166.20000000,0.3726
1749265160,0.37210000,6967.60000000,0.3726
1749265160,0.37200000,5520.90000000,0.3726
1749265160,0.37190000,10526.30000000,0.3726
1749265160,0.37180000,10080.20000000,0.3726
1749265160,0.37170000,10314.50000000,0.3726
1749265160,0.37160000,3517.90000000,0.3726
1749265160,0.37150000,9346.00000000,0.3726
1749265160,0.37140000,11782.90000000,0.3726
1749265160,0.37130000,1626.30000000,0.3726
1749265160,0.37120000,5118.00000000,0.3726
1749265160,0.37110000,3653.50000000,0.3726
1749265160,0.37100000,5126.40000000,0.3726
1749265160,0.37090000,4366.70000000,0.3726
1749265160,0.37080000,1421.10000000,0.3726
1749265160,0.37070000,3378.80000000,0.3726
1749265160,0.37060000,4326.30000000,0.3726
1749265160,0.37050000,4952.50000000,0.3726
1749265160,0.37040000,1726.30000000,0.3726
1749265160,0.37030000,4347.70000000,0.3726
1749265160,0.37020000,1402.10000000,0.3726
1749265160,0.37010000,1422.00000000,0.3726
1749265160,0.37000000,5076.70000000,0.3726
1749265160,0.36990000,5262.50000000,0.3726
1749265160,0.36980000,1402.90000000,0.3726
1749265160,0.36970000,4978.70000000,0.3726
1749265160,0.36960000,1403.50000000,0.3726
1749265160,0.36950000,677.40000000,0.3726
1749265160,0.36940000,4212.40000000,0.3726
1749265160,0.36930000,3451.80000000,0.3726
1749265160,0.36920000,657.10000000,0.3726
1749265160,0.36910000,2988.60000000,0.3726
1749265160,0.36900000,3582.40000000,0.3726
1749265160,0.36890000,47.50000000,0.3726
1749265160,0.36880000,3293.50000000,0.3726
1749265160,0.36870000,3602.90000000,0.3726
1749265160,0.36860000,27.20000000,0.3726
1749265160,0.36850000,47.60000000,0.3726
1749265160,0.36840000,3582.50000000,0.3726
1749265160,0.36830000,47.60000000,0.3726
1749265160,0.36820000,27.20000000,0.3726
1749265160,0.36810000,3602.90000000,0.3726
1749265160,0.36800000,27.20000000,0.3726
1749265160,0.36790000,88.50000000,0.3726
1749265160,0.36780000,3582.50000000,0.3726
1749265160,0.36770000,47.60000000,0.3726
1749265160,0.36760000,27.20000000,0.3726
1749265160,0.36750000,3602.90000000,0.3726
1749265160,0.36740000,27.30000000,0.3726
1749265160,0.36730000,47.80000000,0.3726
1749265160,0.36720000,27.30000000,0.3726
1749265160,0.36710000,3603.10000000,0.3726
1749265160,0.36700000,27.30000000,0.3726
1749265160,0.36690000,2768.50000000,0.3726
1749265160,0.36680000,3582.60000000,0.3726
1749265160,0.36670000,47.80000000,0.3726
1749265160,0.36660000,27.30000000,0.3726
1749265160,0.36650000,3837.60000000,0.3726
1749265160,0.36640000,27.30000000,0.3726
1749265160,0.36630000,47.80000000,0.3726
1749265160,0.36620000,6898.40000000,0.3726
1749265160,0.36610000,47.90000000,0.3726
1749265160,0.36600000,1171.50000000,0.3726
1749265160,0.36590000,3735.00000000,0.3726
1749265160,0.36580000,27.40000000,0.3726
1749265160,0.36570000,47.90000000,0.3726
1749265160,0.36560000,3582.10000000,0.3726
1749265160,0.36550000,47.40000000,0.3726
1749265160,0.36540000,1895.90000000,0.3726
1749265160,0.36530000,3602.80000000,0.3726
1749265160,0.36520000,26.90000000,0.3726
1749265160,0.36510000,171.70000000,0.3726
1749265160,0.36500000,92.40000000,0.3726
1749265160,0.36430000,2979.90000000,0.3726
1749265160,0.36320000,14.70000000,0.3726
1749265160,0.36280000,215.00000000,0.3726
1749265160,0.36270000,272.90000000,0.3726
1749265160,0.36210000,82.80000000,0.3726
1749265160,0.36050000,138.60000000,0.3726
1749265160,0.36000000,65.50000000,0.3726
1749265160,0.35910000,332.30000000,0.3726
1749265160,0.35830000,551.10000000,0.3726
1749265160,0.35800000,423.80000000,0.3726
1749265160,0.35790000,16540.30000000,0.3726
1749265160,0.35780000,3390.70000000,0.3726
1749265160,0.35730000,7000.00000000,0.3726
1749265160,0.35640000,27762.40000000,0.3726
1749265160,0.35630000,5243.20000000,0.3726
1749265160,0.35540000,225.00000000,0.3726
1749265160,0.35500000,127.30000000,0.3726
1749265160,0.35370000,57.00000000,0.3726
1749265160,0.35280000,234.40000000,0.3726
1749265160,0.35200000,255.80000000,0.3726
1749265160,0.35000000,1580.90000000,0.3726
1749265160,0.34940000,97.60000000,0.3726
1749265160,0.34920000,30.80000000,0.3726
1749265160,0.34850000,55.90000000,0.3726
1749265461,0.37230000,26.90000000,0.3724
1749265461,0.37220000,26.90000000,0.3724
1749265461,0.37210000,1068.10000000,0.3724
1749265461,0.37200000,2407.80000000,0.3724
1749265461,0.37190000,4724.80000000,0.3724
1749265461,0.37180000,6632.40000000,0.3724
1749265461,0.37170000,15219.50000000,0.3724
1749265461,0.37160000,12273.90000000,0.3724
1749265461,0.37150000,1726.40000000,0.3724
1749265461,0.37140000,18301.50000000,0.3724
1749265461,0.37130000,1627.00000000,0.3724
1749265461,0.37120000,4567.30000000,0.3724
1749265461,0.37110000,1440.40000000,0.3724
1749265461,0.37100000,1420.50000000,0.3724
1749265461,0.37090000,6775.00000000,0.3724
1749265461,0.37080000,1420.90000000,0.3724
1749265461,0.37070000,2031.40000000,0.3724
1749265461,0.37060000,4326.30000000,0.3724
1749265461,0.37050000,6003.60000000,0.3724
1749265461,0.37040000,1400.80000000,0.3724
1749265461,0.37030000,4347.70000000,0.3724
1749265461,0.37020000,1727.30000000,0.3724
1749265461,0.37010000,1422.00000000,0.3724
1749265461,0.37000000,8166.30000000,0.3724
1749265461,0.36990000,2182.20000000,0.3724
1749265461,0.36980000,657.10000000,0.3724
1749265461,0.36970000,4232.70000000,0.3724
1749265461,0.36960000,657.10000000,0.3724
1749265461,0.36950000,677.40000000,0.3724
1749265461,0.36940000,4212.40000000,0.3724
1749265461,0.36930000,3451.80000000,0.3724
1749265461,0.36920000,657.10000000,0.3724
1749265461,0.36910000,677.50000000,0.3724
1749265461,0.36900000,4212.40000000,0.3724
1749265461,0.36890000,47.50000000,0.3724
1749265461,0.36880000,3293.50000000,0.3724
1749265461,0.36870000,3602.90000000,0.3724
1749265461,0.36860000,27.20000000,0.3724
1749265461,0.36850000,47.60000000,0.3724
1749265461,0.36840000,3582.50000000,0.3724
1749265461,0.36830000,47.60000000,0.3724
1749265461,0.36820000,27.20000000,0.3724
1749265461,0.36810000,6552.00000000,0.3724
1749265461,0.36800000,27.20000000,0.3724
1749265461,0.36790000,47.60000000,0.3724
1749265461,0.36780000,3582.50000000,0.3724
1749265461,0.36770000,47.60000000,0.3724
1749265461,0.36760000,27.20000000,0.3724
1749265461,0.36750000,3602.90000000,0.3724
1749265461,0.36740000,27.30000000,0.3724
1749265461,0.36730000,88.80000000,0.3724
1749265461,0.36720000,27.30000000,0.3724
1749265461,0.36710000,3603.10000000,0.3724
1749265461,0.36700000,377.90000000,0.3724
1749265461,0.36690000,3006.60000000,0.3724
1749265461,0.36680000,3582.60000000,0.3724
1749265461,0.36670000,1937.80000000,0.3724
1749265461,0.36660000,27.30000000,0.3724
1749265461,0.36650000,3679.30000000,0.3724
1749265461,0.36640000,27.30000000,0.3724
1749265461,0.36630000,47.80000000,0.3724
1749265461,0.36620000,3582.70000000,0.3724
1749265461,0.36610000,47.90000000,0.3724
1749265461,0.36600000,27.40000000,0.3724
1749265461,0.36590000,6308.80000000,0.3724
1749265461,0.36580000,27.40000000,0.3724
1749265461,0.36570000,47.90000000,0.3724
1749265461,0.36560000,3582.10000000,0.3724
1749265461,0.36550000,47.40000000,0.3724
1749265461,0.36540000,26.80000000,0.3724
1749265461,0.36530000,3602.80000000,0.3724
1749265461,0.36520000,26.90000000,0.3724
1749265461,0.36510000,333.30000000,0.3724
1749265461,0.36500000,92.40000000,0.3724
1749265461,0.36490000,26.90000000,0.3724
1749265461,0.36480000,159.10000000,0.3724
1749265461,0.36410000,274.10000000,0.3724
1749265461,0.36320000,14.70000000,0.3724
1749265461,0.36200000,1668.30000000,0.3724
1749265461,0.36160000,295.80000000,0.3724
1749265461,0.36050000,138.60000000,0.3724
1749265461,0.36000000,65.50000000,0.3724
1749265461,0.35910000,332.30000000,0.3724
1749265461,0.35830000,29.90000000,0.3724
1749265461,0.35800000,1254.10000000,0.3724
1749265461,0.35790000,13770.30000000,0.3724
1749265461,0.35780000,3390.70000000,0.3724
1749265461,0.35730000,7522.70000000,0.3724
1749265461,0.35500000,127.30000000,0.3724
1749265461,0.35370000,57.00000000,0.3724
1749265461,0.35280000,33.70000000,0.3724
1749265461,0.35200000,255.80000000,0.3724
1749265461,0.35000000,1580.90000000,0.3724
1749265461,0.34940000,97.60000000,0.3724
1749265461,0.34920000,30.80000000,0.3724
1749265461,0.34850000,55.90000000,0.3724
1749265461,0.34800000,2873.50000000,0.3724
1749265461,0.34750000,28.70000000,0.3724
1749265461,0.34560000,69.80000000,0.3724
1749265461,0.34510000,27820.30000000,0.3724
1749265763,0.37230000,772.40000000,0.3723
1749265763,0.37220000,2576.80000000,0.3723
1749265763,0.37210000,5227.30000000,0.3723
1749265763,0.37200000,1872.90000000,0.3723
1749265763,0.37190000,6248.40000000,0.3723
1749265763,0.37180000,11909.90000000,0.3723
1749265763,0.37170000,5963.10000000,0.3723
1749265763,0.37160000,7327.00000000,0.3723
1749265763,0.37150000,10526.60000000,0.3723
1749265763,0.37140000,19187.20000000,0.3723
1749265763,0.37130000,1440.00000000,0.3723
1749265763,0.37120000,5385.60000000,0.3723
1749265763,0.37110000,1737.30000000,0.3723
1749265763,0.37100000,4102.80000000,0.3723
1749265763,0.37090000,4366.50000000,0.3723
1749265763,0.37080000,2468.30000000,0.3723
1749265763,0.37070000,1441.60000000,0.3723
1749265763,0.37060000,4977.20000000,0.3723
1749265763,0.37050000,1442.10000000,0.3723
1749265763,0.37040000,5156.60000000,0.3723
1749265763,0.37030000,6457.90000000,0.3723
1749265763,0.37020000,2317.80000000,0.3723
1749265763,0.37010000,1422.00000000,0.3723
1749265763,0.37000000,8166.30000000,0.3723
1749265763,0.36990000,2758.50000000,0.3723
1749265763,0.36980000,1961.00000000,0.3723
1749265763,0.36970000,4232.70000000,0.3723
1749265763,0.36960000,1398.50000000,0.3723
1749265763,0.36950000,1418.80000000,0.3723
1749265763,0.36940000,4955.20000000,0.3723
1749265763,0.36930000,3451.80000000,0.3723
1749265763,0.36920000,657.10000000,0.3723
1749265763,0.36910000,1420.70000000,0.3723
1749265763,0.36900000,4212.40000000,0.3723
1749265763,0.36890000,2990.20000000,0.3723
1749265763,0.36880000,3293.50000000,0.3723
1749265763,0.36870000,3602.90000000,0.3723
1749265763,0.36860000,27.20000000,0.3723
1749265763,0.36850000,47.60000000,0.3723
1749265763,0.36840000,3582.50000000,0.3723
1749265763,0.36830000,47.60000000,0.3723
1749265763,0.36820000,27.20000000,0.3723
1749265763,0.36810000,3602.90000000,0.3723
1749265763,0.36800000,27.20000000,0.3723
1749265763,0.36790000,47.60000000,0.3723
1749265763,0.36780000,3582.50000000,0.3723
1749265763,0.36770000,47.60000000,0.3723
1749265763,0.36760000,27.20000000,0.3723
1749265763,0.36750000,3602.90000000,0.3723
1749265763,0.36740000,27.30000000,0.3723
1749265763,0.36730000,47.80000000,0.3723
1749265763,0.36720000,27.30000000,0.3723
1749265763,0.36710000,3603.10000000,0.3723
1749265763,0.36700000,27.30000000,0.3723
1749265763,0.36690000,47.80000000,0.3723
1749265763,0.36680000,3582.60000000,0.3723
1749265763,0.36670000,47.80000000,0.3723
1749265763,0.36660000,2988.50000000,0.3723
1749265763,0.36650000,3679.30000000,0.3723
1749265763,0.36640000,185.60000000,0.3723
1749265763,0.36630000,47.80000000,0.3723
1749265763,0.36620000,3582.70000000,0.3723
1749265763,0.36610000,47.90000000,0.3723
1749265763,0.36600000,27.40000000,0.3723
1749265763,0.36590000,6308.80000000,0.3723
1749265763,0.36580000,27.40000000,0.3723
1749265763,0.36570000,47.90000000,0.3723
1749265763,0.36560000,3582.10000000,0.3723
1749265763,0.36550000,47.40000000,0.3723
1749265763,0.36540000,1899.10000000,0.3723
1749265763,0.36530000,3602.80000000,0.3723
1749265763,0.36520000,26.90000000,0.3723
1749265763,0.36510000,171.70000000,0.3723
1749265763,0.36500000,224.50000000,0.3723
1749265763,0.36490000,26.90000000,0.3723
1749265763,0.36480000,26.90000000,0.3723
1749265763,0.36420000,2980.70000000,0.3723
1749265763,0.36320000,14.70000000,0.3723
1749265763,0.36180000,215.60000000,0.3723
1749265763,0.36170000,1669.70000000,0.3723
1749265763,0.36130000,82.90000000,0.3723
1749265763,0.36050000,138.60000000,0.3723
1749265763,0.36000000,65.50000000,0.3723
1749265763,0.35910000,332.30000000,0.3723
1749265763,0.35830000,29.90000000,0.3723
1749265763,0.35810000,905.30000000,0.3723
1749265763,0.35800000,13895.20000000,0.3723
1749265763,0.35790000,3291.90000000,0.3723
1749265763,0.35780000,3390.70000000,0.3723
1749265763,0.35730000,7000.00000000,0.3723
1749265763,0.35500000,127.30000000,0.3723
1749265763,0.35370000,57.00000000,0.3723
1749265763,0.35280000,33.70000000,0.3723
1749265763,0.35200000,255.80000000,0.3723
1749265763,0.35000000,1580.90000000,0.3723
1749265763,0.34940000,97.60000000,0.3723
1749265763,0.34920000,30.80000000,0.3723
1749265763,0.34850000,55.90000000,0.3723
1749265763,0.34800000,2873.50000000,0.3723
1749265763,0.34760000,70595.10000000,0.3723
1749266065,0.37390000,1174.40000000,0.3739
1749266065,0.37380000,1456.90000000,0.3739
1749266065,0.37370000,2709.80000000,0.3739
1749266065,0.37360000,6356.50000000,0.3739
1749266065,0.37350000,805.40000000,0.3739
1749266065,0.37340000,3136.10000000,0.3739
1749266065,0.37330000,8850.90000000,0.3739
1749266065,0.37320000,7332.20000000,0.3739
1749266065,0.37310000,4340.30000000,0.3739
1749266065,0.37300000,5890.80000000,0.3739
1749266065,0.37290000,13546.70000000,0.3739
1749266065,0.37280000,7593.90000000,0.3739
1749266065,0.37270000,4991.60000000,0.3739
1749266065,0.37260000,1417.10000000,0.3739
1749266065,0.37250000,1437.50000000,0.3739
1749266065,0.37240000,4659.50000000,0.3739
1749266065,0.37230000,1438.10000000,0.3739
1749266065,0.37220000,1417.90000000,0.3739
1749266065,0.37210000,4360.00000000,0.3739
1749266065,0.37200000,1418.30000000,0.3739
1749266065,0.37190000,1438.50000000,0.3739
1749266065,0.37180000,5280.80000000,0.3739
1749266065,0.37170000,5284.20000000,0.3739
1749266065,0.37160000,1399.20000000,0.3739
1749266065,0.37150000,4974.90000000,0.3739
1749266065,0.37140000,1988.10000000,0.3739
1749266065,0.37130000,1419.80000000,0.3739
1749266065,0.37120000,4954.30000000,0.3739
1749266065,0.37110000,6164.00000000,0.3739
1749266065,0.37100000,1400.60000000,0.3739
1749266065,0.37090000,4976.20000000,0.3739
1749266065,0.37080000,4434.60000000,0.3739
1749266065,0.37070000,677.30000000,0.3739
1749266065,0.37060000,4212.30000000,0.3739
1749266065,0.37050000,47.30000000,0.3739
1749266065,0.37040000,3225.90000000,0.3739
1749266065,0.37030000,3602.70000000,0.3739
1749266065,0.37020000,2959.50000000,0.3739
1749266065,0.37010000,47.40000000,0.3739
1749266065,0.37000000,3582.40000000,0.3739
1749266065,0.36990000,47.40000000,0.3739
1749266065,0.36980000,27.10000000,0.3739
1749266065,0.36970000,3602.70000000,0.3739
1749266065,0.36960000,27.10000000,0.3739
1749266065,0.36950000,47.40000000,0.3739
1749266065,0.36940000,3582.40000000,0.3739
1749266065,0.36930000,2821.80000000,0.3739
1749266065,0.36920000,27.10000000,0.3739
1749266065,0.36910000,47.50000000,0.3739
1749266065,0.36900000,3582.40000000,0.3739
1749266065,0.36890000,47.50000000,0.3739
1749266065,0.36880000,3293.50000000,0.3739
1749266065,0.36870000,3602.90000000,0.3739
1749266065,0.36860000,103.70000000,0.3739
1749266065,0.36850000,47.60000000,0.3739
1749266065,0.36840000,3582.50000000,0.3739
1749266065,0.36830000,47.60000000,0.3739
1749266065,0.36820000,27.20000000,0.3739
1749266065,0.36810000,3602.90000000,0.3739
1749266065,0.36800000,2717.40000000,0.3739
1749266065,0.36790000,397.30000000,0.3739
1749266065,0.36780000,3582.50000000,0.3739
1749266065,0.36770000,47.60000000,0.3739
1749266065,0.36760000,27.20000000,0.3739
1749266065,0.36750000,6714.60000000,0.3739
1749266065,0.36740000,27.30000000,0.3739
1749266065,0.36730000,47.80000000,0.3739
1749266065,0.36720000,27.30000000,0.3739
1749266065,0.36710000,3603.10000000,0.3739
1749266065,0.36700000,27.30000000,0.3739
1749266065,0.36690000,47.80000000,0.3739
1749266065,0.36680000,3582.60000000,0.3739
1749266065,0.36670000,1907.60000000,0.3739
1749266065,0.36660000,27.30000000,0.3739
1749266065,0.36650000,3603.10000000,0.3739
1749266065,0.36640000,27.30000000,0.3739
1749266065,0.36630000,20.50000000,0.3739
1749266065,0.36610000,20.50000000,0.3739
1749266065,0.36590000,20.50000000,0.3739
1749266065,0.36510000,3097.60000000,0.3739
1749266065,0.36500000,65.50000000,0.3739
1749266065,0.36340000,1959.00000000,0.3739
1749266065,0.36320000,14.70000000,0.3739
1749266065,0.36060000,13770.30000000,0.3739
1749266065,0.36050000,3534.90000000,0.3739
1749266065,0.36000000,65.50000000,0.3739
1749266065,0.35910000,332.30000000,0.3739
1749266065,0.35890000,2770.00000000,0.3739
1749266065,0.35830000,551.10000000,0.3739
1749266065,0.35800000,1228.40000000,0.3739
1749266065,0.35740000,27762.40000000,0.3739
1749266065,0.35730000,7000.00000000,0.3739
1749266065,0.35500000,127.30000000,0.3739
1749266065,0.35370000,57.00000000,0.3739
1749266065,0.35280000,33.70000000,0.3739
1749266065,0.35200000,255.80000000,0.3739
1749266065,0.35000000,1580.90000000,0.3739
1749266065,0.34940000,97.60000000,0.3739
1749266065,0.34920000,30.80000000,0.3739
1749266065,0.34850000,55.90000000,0.3739
1749266366,0.37270000,3031.70000000,0.3729
1749266366,0.37260000,3661.00000000,0.3729
1749266366,0.37250000,5713.30000000,0.3729
1749266366,0.37240000,8341.50000000,0.3729
1749266366,0.37230000,2339.40000000,0.3729
1749266366,0.37220000,2515.00000000,0.3729
1749266366,0.37210000,5240.70000000,0.3729
1749266366,0.37200000,5366.60000000,0.3729
1749266366,0.37190000,15671.20000000,0.3729
1749266366,0.37180000,9374.60000000,0.3729
1749266366,0.37170000,1627.10000000,0.3729
1749266366,0.37160000,3702.30000000,0.3729
1749266366,0.37150000,4974.90000000,0.3729
1749266366,0.37140000,1397.20000000,0.3729
1749266366,0.37130000,2045.50000000,0.3729
1749266366,0.37120000,5487.70000000,0.3729
1749266366,0.37110000,677.20000000,0.3729
1749266366,0.37100000,1396.40000000,0.3729
1749266366,0.37090000,4804.10000000,0.3729
1749266366,0.37080000,1397.20000000,0.3729
1749266366,0.37070000,1268.20000000,0.3729
1749266366,0.37060000,8102.80000000,0.3729
1749266366,0.37050000,1428.00000000,0.3729
1749266366,0.37040000,657.00000000,0.3729
1749266366,0.37030000,4232.70000000,0.3729
1749266366,0.37020000,27.10000000,0.3729
1749266366,0.37010000,47.40000000,0.3729
1749266366,0.37000000,4212.40000000,0.3729
1749266366,0.36990000,47.40000000,0.3729
1749266366,0.36980000,657.10000000,0.3729
1749266366,0.36970000,4232.70000000,0.3729
1749266366,0.36960000,3869.80000000,0.3729
1749266366,0.36950000,3615.40000000,0.3729
1749266366,0.36940000,4212.40000000,0.3729
1749266366,0.36930000,47.40000000,0.3729
1749266366,0.36920000,27.10000000,0.3729
1749266366,0.36910000,47.50000000,0.3729
1749266366,0.36900000,3582.40000000,0.3729
1749266366,0.36890000,47.50000000,0.3729
1749266366,0.36880000,27.10000000,0.3729
1749266366,0.36870000,3951.90000000,0.3729
1749266366,0.36860000,103.70000000,0.3729
1749266366,0.36850000,47.60000000,0.3729
1749266366,0.36840000,3582.50000000,0.3729
1749266366,0.36830000,47.60000000,0.3729
1749266366,0.36820000,27.20000000,0.3729
1749266366,0.36810000,3602.90000000,0.3729
1749266366,0.36800000,2717.40000000,0.3729
1749266366,0.36790000,47.60000000,0.3729
1749266366,0.36780000,3582.50000000,0.3729
1749266366,0.36770000,47.60000000,0.3729
1749266366,0.36760000,27.20000000,0.3729
1749266366,0.36750000,3602.90000000,0.3729
1749266366,0.36740000,27.30000000,0.3729
1749266366,0.36730000,47.80000000,0.3729
1749266366,0.36720000,3130.80000000,0.3729
1749266366,0.36710000,3603.10000000,0.3729
1749266366,0.36700000,27.30000000,0.3729
1749266366,0.36690000,47.20000000,0.3729
1749266366,0.36680000,26.80000000,0.3729
1749266366,0.36670000,47.30000000,0.3729
1749266366,0.36660000,1917.80000000,0.3729
1749266366,0.36650000,171.20000000,0.3729
1749266366,0.36640000,26.80000000,0.3729
1749266366,0.36630000,26.80000000,0.3729
1749266366,0.36620000,26.80000000,0.3729
1749266366,0.36610000,26.80000000,0.3729
1749266366,0.36600000,26.80000000,0.3729
1749266366,0.36590000,26.80000000,0.3729
1749266366,0.36580000,26.80000000,0.3729
1749266366,0.36570000,26.80000000,0.3729
1749266366,0.36560000,26.80000000,0.3729
1749266366,0.36550000,26.80000000,0.3729
1749266366,0.36540000,26.90000000,0.3729
1749266366,0.36530000,26.90000000,0.3729
1749266366,0.36520000,26.90000000,0.3729
1749266366,0.36510000,2973.40000000,0.3729
1749266366,0.36500000,65.50000000,0.3729
1749266366,0.36410000,1883.90000000,0.3729
1749266366,0.36390000,82.30000000,0.3729
1749266366,0.36320000,14.70000000,0.3729
1749266366,0.36070000,698.10000000,0.3729
1749266366,0.36060000,13770.30000000,0.3729
1749266366,0.36050000,3534.90000000,0.3729
1749266366,0.36000000,65.50000000,0.3729
1749266366,0.35910000,332.30000000,0.3729
1749266366,0.35830000,551.10000000,0.3729
1749266366,0.35800000,589.60000000,0.3729
1749266366,0.35740000,27762.40000000,0.3729
1749266366,0.35730000,7000.00000000,0.3729
1749266366,0.35500000,127.30000000,0.3729
1749266366,0.35370000,57.00000000,0.3729
1749266366,0.35280000,33.70000000,0.3729
1749266366,0.35200000,255.80000000,0.3729
1749266366,0.35000000,1580.90000000,0.3729
1749266366,0.34940000,97.60000000,0.3729
1749266366,0.34920000,30.80000000,0.3729
1749266366,0.34850000,55.90000000,0.3729
1749266366,0.34800000,2873.50000000,0.3729
1749266366,0.34760000,42832.70000000,0.3729
1749266669,0.37460000,1422.50000000,0.3747
1749266669,0.37450000,696.90000000,0.3747
1749266669,0.37440000,1467.20000000,0.3747
1749266669,0.37430000,4722.40000000,0.3747
1749266669,0.37420000,8238.50000000,0.3747
1749266669,0.37410000,8985.20000000,0.3747
1749266669,0.37400000,8445.20000000,0.3747
1749266669,0.37390000,6308.20000000,0.3747
1749266669,0.37380000,2251.30000000,0.3747
1749266669,0.37370000,4985.20000000,0.3747
1749266669,0.37360000,14744.90000000,0.3747
1749266669,0.37350000,1435.40000000,0.3747
1749266669,0.37340000,5815.30000000,0.3747
1749266669,0.37330000,4990.90000000,0.3747
1749266669,0.37320000,1637.70000000,0.3747
1749266669,0.37310000,1436.20000000,0.3747
1749266669,0.37300000,6149.80000000,0.3747
1749266669,0.37290000,1626.60000000,0.3747
1749266669,0.37280000,786.70000000,0.3747
1749266669,0.37270000,4992.20000000,0.3747
1749266669,0.37260000,4248.30000000,0.3747
1749266669,0.37250000,4771.70000000,0.3747
1749266669,0.37240000,8026.00000000,0.3747
1749266669,0.37230000,2639.30000000,0.3747
1749266669,0.37220000,767.70000000,0.3747
1749266669,0.37210000,4342.60000000,0.3747
1749266669,0.37200000,1397.70000000,0.3747
1749266669,0.37190000,1418.30000000,0.3747
1749266669,0.37180000,5708.40000000,0.3747
1749266669,0.37170000,1419.30000000,0.3747
1749266669,0.37160000,1399.20000000,0.3747
1749266669,0.37150000,4974.90000000,0.3747
1749266669,0.37140000,657.00000000,0.3747
1749266669,0.37130000,47.20000000,0.3747
1749266669,0.37120000,3582.30000000,0.3747
1749266669,0.37110000,47.20000000,0.3747
1749266669,0.37100000,27.00000000,0.3747
1749266669,0.37090000,3602.60000000,0.3747
1749266669,0.37080000,27.00000000,0.3747
1749266669,0.37070000,47.30000000,0.3747
1749266669,0.37060000,3582.30000000,0.3747
1749266669,0.37050000,47.30000000,0.3747
1749266669,0.37040000,27.00000000,0.3747
1749266669,0.37030000,3602.70000000,0.3747
1749266669,0.37020000,27.10000000,0.3747
1749266669,0.37010000,47.40000000,0.3747
1749266669,0.37000000,3582.40000000,0.3747
1749266669,0.36990000,47.40000000,0.3747
1749266669,0.36980000,27.10000000,0.3747
1749266669,0.36970000,3602.70000000,0.3747
1749266669,0.36960000,27.10000000,0.3747
1749266669,0.36950000,2985.40000000,0.3747
1749266669,0.36940000,3582.40000000,0.3747
1749266669,0.36930000,47.40000000,0.3747
1749266669,0.36920000,27.10000000,0.3747
1749266669,0.36910000,47.50000000,0.3747
1749266669,0.36900000,3582.40000000,0.3747
1749266669,0.36890000,47.50000000,0.3747
1749266669,0.36880000,27.10000000,0.3747
1749266669,0.36870000,3951.90000000,0.3747
1749266669,0.36860000,103.70000000,0.3747
1749266669,0.36850000,47.60000000,0.3747
1749266669,0.36840000,3582.50000000,0.3747
1749266669,0.36830000,2995.10000000,0.3747
1749266669,0.36820000,27.20000000,0.3747
1749266669,0.36810000,3602.90000000,0.3747
1749266669,0.36800000,2717.40000000,0.3747
1749266669,0.36790000,1942.50000000,0.3747
1749266669,0.36780000,3582.50000000,0.3747
1749266669,0.36770000,47.60000000,0.3747
1749266669,0.36760000,27.20000000,0.3747
1749266669,0.36750000,3602.90000000,0.3747
1749266669,0.36740000,27.30000000,0.3747
1749266669,0.36730000,211.20000000,0.3747
1749266669,0.36720000,27.30000000,0.3747
1749266669,0.36710000,3602.50000000,0.3747
1749266669,0.36690000,20.50000000,0.3747
1749266669,0.36670000,20.50000000,0.3747
1749266669,0.36650000,123.90000000,0.3747
1749266669,0.36610000,2965.20000000,0.3747
1749266669,0.36500000,65.50000000,0.3747
1749266669,0.36440000,1643.60000000,0.3747
1749266669,0.36410000,208.70000000,0.3747
1749266669,0.36320000,14.70000000,0.3747
1749266669,0.36270000,82.60000000,0.3747
1749266669,0.36070000,765.40000000,0.3747
1749266669,0.36060000,13770.30000000,0.3747
1749266669,0.36050000,3534.90000000,0.3747
1749266669,0.36000000,165.50000000,0.3747
1749266669,0.35960000,2770.00000000,0.3747
1749266669,0.35910000,332.30000000,0.3747
1749266669,0.35830000,551.10000000,0.3747
1749266669,0.35750000,705.80000000,0.3747
1749266669,0.35740000,27762.40000000,0.3747
1749266669,0.35730000,7000.00000000,0.3747
1749266669,0.35500000,127.30000000,0.3747
1749266669,0.35370000,57.00000000,0.3747
1749266669,0.35280000,33.70000000,0.3747
1749266669,0.35200000,255.80000000,0.3747
1749266669,0.35000000,1580.90000000,0.3747
1749266971,0.37490000,142.40000000,0.375
1749266971,0.37480000,26.70000000,0.375
1749266971,0.37470000,412.80000000,0.375
1749266971,0.37460000,2573.30000000,0.375
1749266971,0.37450000,8250.70000000,0.375
1749266971,0.37440000,3420.80000000,0.375
1749266971,0.37430000,3638.60000000,0.375
1749266971,0.37420000,7374.20000000,0.375
1749266971,0.37410000,6735.70000000,0.375
1749266971,0.37400000,3006.00000000,0.375
1749266971,0.37390000,6077.70000000,0.375
1749266971,0.37380000,14510.30000000,0.375
1749266971,0.37370000,2351.50000000,0.375
1749266971,0.37360000,6224.80000000,0.375
1749266971,0.37350000,1435.40000000,0.375
1749266971,0.37340000,5358.40000000,0.375
1749266971,0.37330000,4990.90000000,0.375
1749266971,0.37320000,2197.20000000,0.375
1749266971,0.37310000,1416.10000000,0.375
1749266971,0.37300000,4950.50000000,0.375
1749266971,0.37290000,1416.60000000,0.375
1749266971,0.37280000,1723.50000000,0.375
1749266971,0.37270000,4972.00000000,0.375
1749266971,0.37260000,1391.60000000,0.375
1749266971,0.37250000,4489.80000000,0.375
1749266971,0.37240000,5708.90000000,0.375
1749266971,0.37230000,1417.70000000,0.375
1749266971,0.37220000,1397.70000000,0.375
1749266971,0.37210000,4232.40000000,0.375
1749266971,0.37200000,3844.80000000,0.375
1749266971,0.37190000,677.10000000,0.375
1749266971,0.37180000,4212.20000000,0.375
1749266971,0.37170000,47.10000000,0.375
1749266971,0.37160000,27.00000000,0.375
1749266971,0.37150000,4232.50000000,0.375
1749266971,0.37140000,27.00000000,0.375
1749266971,0.37130000,47.20000000,0.375
1749266971,0.37120000,3582.30000000,0.375
1749266971,0.37110000,47.20000000,0.375
1749266971,0.37100000,27.00000000,0.375
1749266971,0.37090000,3678.30000000,0.375
1749266971,0.37080000,2954.70000000,0.375
1749266971,0.37070000,47.30000000,0.375
1749266971,0.37060000,3582.30000000,0.375
1749266971,0.37050000,47.30000000,0.375
1749266971,0.37040000,27.00000000,0.375
1749266971,0.37030000,3602.70000000,0.375
1749266971,0.37020000,27.10000000,0.375
1749266971,0.37010000,47.40000000,0.375
1749266971,0.37000000,3647.90000000,0.375
1749266971,0.36990000,47.40000000,0.375
1749266971,0.36980000,27.10000000,0.375
1749266971,0.36970000,3602.70000000,0.375
1749266971,0.36960000,27.10000000,0.375
1749266971,0.36950000,395.60000000,0.375
1749266971,0.36940000,3725.90000000,0.375
1749266971,0.36930000,47.40000000,0.375
1749266971,0.36920000,27.10000000,0.375
1749266971,0.36910000,5670.70000000,0.375
1749266971,0.36900000,3582.40000000,0.375
1749266971,0.36890000,47.50000000,0.375
1749266971,0.36880000,27.10000000,0.375
1749266971,0.36870000,3602.90000000,0.375
1749266971,0.36860000,27.20000000,0.375
1749266971,0.36850000,47.60000000,0.375
1749266971,0.36840000,3582.50000000,0.375
1749266971,0.36830000,47.60000000,0.375
1749266971,0.36820000,27.20000000,0.375
1749266971,0.36810000,3602.90000000,0.375
1749266971,0.36800000,27.20000000,0.375
1749266971,0.36790000,1942.50000000,0.375
1749266971,0.36780000,150.70000000,0.375
1749266971,0.36770000,47.10000000,0.375
1749266971,0.36760000,26.70000000,0.375
1749266971,0.36750000,47.10000000,0.375
1749266971,0.36740000,26.70000000,0.375
1749266971,0.36730000,20.50000000,0.375
1749266971,0.36610000,3191.90000000,0.375
1749266971,0.36520000,1653.70000000,0.375
1749266971,0.36500000,65.50000000,0.375
1749266971,0.36450000,82.20000000,0.375
1749266971,0.36350000,247.70000000,0.375
1749266971,0.36320000,14.70000000,0.375
1749266971,0.36090000,864.70000000,0.375
1749266971,0.36070000,608.10000000,0.375
1749266971,0.36060000,16427.50000000,0.375
1749266971,0.36050000,3534.90000000,0.375
1749266971,0.36000000,165.50000000,0.375
1749266971,0.35910000,332.30000000,0.375
1749266971,0.35830000,29.90000000,0.375
1749266971,0.35750000,486.80000000,0.375
1749266971,0.35740000,27762.40000000,0.375
1749266971,0.35730000,7000.00000000,0.375
1749266971,0.35500000,127.30000000,0.375
1749266971,0.35370000,57.00000000,0.375
1749266971,0.35280000,33.70000000,0.375
1749266971,0.35200000,255.80000000,0.375
1749266971,0.35000000,1580.90000000,0.375
1749266971,0.34940000,97.60000000,0.375
1749266971,0.34920000,30.80000000,0.375
1749267272,0.37600000,772.40000000,0.376
1749267272,0.37590000,1306.60000000,0.376
1749267272,0.37580000,2087.90000000,0.376
1749267272,0.37570000,6068.40000000,0.376
1749267272,0.37560000,4337.20000000,0.376
1749267272,0.37550000,5231.20000000,0.376
1749267272,0.37540000,12400.10000000,0.376
1749267272,0.37530000,8453.40000000,0.376
1749267272,0.37520000,6093.20000000,0.376
1749267272,0.37510000,4987.10000000,0.376
1749267272,0.37500000,2300.00000000,0.376
1749267272,0.37490000,15320.00000000,0.376
1749267272,0.37480000,5185.60000000,0.376
1749267272,0.37470000,1432.60000000,0.376
1749267272,0.37460000,1598.40000000,0.376
1749267272,0.37450000,4358.60000000,0.376
1749267272,0.37440000,1635.10000000,0.376
1749267272,0.37430000,1413.50000000,0.376
1749267272,0.37420000,7223.60000000,0.376
1749267272,0.37410000,4999.00000000,0.376
1749267272,0.37400000,4509.40000000,0.376
1749267272,0.37390000,4970.20000000,0.376
1749267272,0.37380000,5098.50000000,0.376
1749267272,0.37370000,1415.30000000,0.376
1749267272,0.37360000,5075.30000000,0.376
1749267272,0.37350000,1415.30000000,0.376
1749267272,0.37340000,1395.20000000,0.376
1749267272,0.37330000,4232.20000000,0.376
1749267272,0.37320000,656.80000000,0.376
1749267272,0.37310000,4483.50000000,0.376
1749267272,0.37300000,4212.10000000,0.376
1749267272,0.37290000,677.00000000,0.376
1749267272,0.37280000,656.90000000,0.376
1749267272,0.37270000,3602.40000000,0.376
1749267272,0.37260000,21.40000000,0.376
1749267272,0.37250000,3119.40000000,0.376
1749267272,0.37240000,3582.20000000,0.376
1749267272,0.37230000,234.70000000,0.376
1749267272,0.37220000,26.90000000,0.376
1749267272,0.37210000,3602.40000000,0.376
1749267272,0.37200000,26.90000000,0.376
1749267272,0.37190000,47.10000000,0.376
1749267272,0.37180000,3582.20000000,0.376
1749267272,0.37170000,47.10000000,0.376
1749267272,0.37160000,27.00000000,0.376
1749267272,0.37150000,3602.50000000,0.376
1749267272,0.37140000,418.10000000,0.376
1749267272,0.37130000,47.20000000,0.376
1749267272,0.37120000,3582.30000000,0.376
1749267272,0.37110000,47.20000000,0.376
1749267272,0.37100000,27.00000000,0.376
1749267272,0.37090000,3678.30000000,0.376
1749267272,0.37080000,2954.70000000,0.376
1749267272,0.37070000,47.30000000,0.376
1749267272,0.37060000,3582.30000000,0.376
1749267272,0.37050000,47.30000000,0.376
1749267272,0.37040000,27.00000000,0.376
1749267272,0.37030000,3950.20000000,0.376
1749267272,0.37020000,27.10000000,0.376
1749267272,0.37010000,2722.30000000,0.376
1749267272,0.37000000,3647.90000000,0.376
1749267272,0.36990000,47.40000000,0.376
1749267272,0.36980000,27.10000000,0.376
1749267272,0.36970000,3748.80000000,0.376
1749267272,0.36960000,27.10000000,0.376
1749267272,0.36950000,47.40000000,0.376
1749267272,0.36940000,3582.40000000,0.376
1749267272,0.36930000,47.40000000,0.376
1749267272,0.36920000,1894.10000000,0.376
1749267272,0.36910000,47.50000000,0.376
1749267272,0.36900000,3582.40000000,0.376
1749267272,0.36890000,47.00000000,0.376
1749267272,0.36880000,26.60000000,0.376
1749267272,0.36870000,47.00000000,0.376
1749267272,0.36860000,42.90000000,0.376
1749267272,0.36850000,47.00000000,0.376
1749267272,0.36830000,2967.90000000,0.376
1749267272,0.36780000,123.50000000,0.376
1749267272,0.36700000,2958.00000000,0.376
1749267272,0.36620000,13877.60000000,0.376
1749267272,0.36510000,1654.10000000,0.376
1749267272,0.36500000,65.50000000,0.376
1749267272,0.36490000,82.10000000,0.376
1749267272,0.36350000,247.70000000,0.376
1749267272,0.36330000,3431.50000000,0.376
1749267272,0.36320000,14.70000000,0.376
1749267272,0.36270000,329.00000000,0.376
1749267272,0.36110000,22.20000000,0.376
1749267272,0.36100000,517.40000000,0.376
1749267272,0.36090000,347.10000000,0.376
1749267272,0.36080000,2770.00000000,0.376
1749267272,0.36070000,594.40000000,0.376
1749267272,0.36060000,27731.60000000,0.376
1749267272,0.36050000,138.60000000,0.376
1749267272,0.36000000,165.50000000,0.376
1749267272,0.35830000,29.90000000,0.376
1749267272,0.35750000,486.80000000,0.376
1749267272,0.35730000,7000.00000000,0.376
1749267272,0.35500000,127.30000000,0.376
1749267272,0.35370000,57.00000000,0.376
1749267574,0.37520000,5439.00000000,0.3752
1749267574,0.37510000,4158.90000000,0.3752
1749267574,0.37500000,10126.70000000,0.3752
1749267574,0.37490000,7479.80000000,0.3752
1749267574,0.37480000,10818.70000000,0.3752
1749267574,0.37470000,1432.90000000,0.3752
1749267574,0.37460000,2469.80000000,0.3752
1749267574,0.37450000,4501.60000000,0.3752
1749267574,0.37440000,1004.50000000,0.3752
1749267574,0.37430000,11560.70000000,0.3752
1749267574,0.37420000,14917.10000000,0.3752
1749267574,0.37410000,2773.00000000,0.3752
1749267574,0.37400000,1552.80000000,0.3752
1749267574,0.37390000,5175.80000000,0.3752
1749267574,0.37380000,2306.50000000,0.3752
1749267574,0.37370000,3492.00000000,0.3752
1749267574,0.37360000,4557.90000000,0.3752
1749267574,0.37350000,1435.40000000,0.3752
1749267574,0.37340000,2298.10000000,0.3752
1749267574,0.37330000,6604.30000000,0.3752
1749267574,0.37320000,1391.90000000,0.3752
1749267574,0.37310000,1737.40000000,0.3752
1749267574,0.37300000,5530.90000000,0.3752
1749267574,0.37290000,1412.70000000,0.3752
1749267574,0.37280000,1392.60000000,0.3752
1749267574,0.37270000,4232.40000000,0.3752
1749267574,0.37260000,1387.10000000,0.3752
1749267574,0.37250000,4485.10000000,0.3752
1749267574,0.37240000,4974.70000000,0.3752
1749267574,0.37230000,677.10000000,0.3752
1749267574,0.37220000,656.90000000,0.3752
1749267574,0.37210000,4232.40000000,0.3752
1749267574,0.37200000,3844.80000000,0.3752
1749267574,0.37190000,677.10000000,0.3752
1749267574,0.37180000,3582.20000000,0.3752
1749267574,0.37170000,47.10000000,0.3752
1749267574,0.37160000,27.00000000,0.3752
1749267574,0.37150000,3602.50000000,0.3752
1749267574,0.37140000,27.00000000,0.3752
1749267574,0.37130000,47.20000000,0.3752
1749267574,0.37120000,3582.30000000,0.3752
1749267574,0.37110000,47.20000000,0.3752
1749267574,0.37100000,27.00000000,0.3752
1749267574,0.37090000,3678.30000000,0.3752
1749267574,0.37080000,3143.10000000,0.3752
1749267574,0.37070000,47.30000000,0.3752
1749267574,0.37060000,3851.60000000,0.3752
1749267574,0.37050000,74.20000000,0.3752
1749267574,0.37040000,374.40000000,0.3752
1749267574,0.37030000,3602.70000000,0.3752
1749267574,0.37020000,27.10000000,0.3752
1749267574,0.37010000,182.20000000,0.3752
1749267574,0.37000000,3647.90000000,0.3752
1749267574,0.36990000,47.40000000,0.3752
1749267574,0.36980000,27.10000000,0.3752
1749267574,0.36970000,3602.70000000,0.3752
1749267574,0.36960000,27.10000000,0.3752
1749267574,0.36950000,47.40000000,0.3752
1749267574,0.36940000,3717.50000000,0.3752
1749267574,0.36930000,47.40000000,0.3752
1749267574,0.36920000,1894.10000000,0.3752
1749267574,0.36910000,47.50000000,0.3752
1749267574,0.36900000,3728.70000000,0.3752
1749267574,0.36890000,2730.60000000,0.3752
1749267574,0.36880000,26.60000000,0.3752
1749267574,0.36870000,47.00000000,0.3752
1749267574,0.36860000,42.90000000,0.3752
1749267574,0.36850000,47.00000000,0.3752
1749267574,0.36840000,67.20000000,0.3752
1749267574,0.36830000,2994.50000000,0.3752
1749267574,0.36820000,26.60000000,0.3752
1749267574,0.36810000,26.70000000,0.3752
1749267574,0.36800000,150.10000000,0.3752
1749267574,0.36790000,26.70000000,0.3752
1749267574,0.36780000,26.70000000,0.3752
1749267574,0.36770000,26.70000000,0.3752
1749267574,0.36700000,2958.00000000,0.3752
1749267574,0.36580000,224.20000000,0.3752
1749267574,0.36500000,65.50000000,0.3752
1749267574,0.36490000,82.10000000,0.3752
1749267574,0.36460000,1656.40000000,0.3752
1749267574,0.36350000,969.60000000,0.3752
1749267574,0.36340000,13653.70000000,0.3752
1749267574,0.36330000,3431.50000000,0.3752
1749267574,0.36320000,14.70000000,0.3752
1749267574,0.36110000,22.20000000,0.3752
1749267574,0.36100000,517.40000000,0.3752
1749267574,0.36090000,219.00000000,0.3752
1749267574,0.36050000,138.60000000,0.3752
1749267574,0.36000000,165.50000000,0.3752
1749267574,0.35830000,29.90000000,0.3752
1749267574,0.35750000,490.10000000,0.3752
1749267574,0.35740000,27731.60000000,0.3752
1749267574,0.35730000,7000.00000000,0.3752
1749267574,0.35500000,127.30000000,0.3752
1749267574,0.35370000,57.00000000,0.3752
1749267574,0.35350000,28.30000000,0.3752
1749267574,0.35280000,33.70000000,0.3752
1749267574,0.35200000,255.80000000,0.3752
1749267574,0.35000000,1580.90000000,0.3752
1749267876,0.37590000,1138.70000000,0.376
1749267876,0.37580000,2242.80000000,0.376
1749267876,0.37570000,5401.10000000,0.376
1749267876,0.37560000,5296.70000000,0.376
1749267876,0.37550000,13536.10000000,0.376
1749267876,0.37540000,12025.00000000,0.376
1749267876,0.37530000,12300.90000000,0.376
1749267876,0.37520000,16571.90000000,0.376
1749267876,0.37510000,5259.30000000,0.376
1749267876,0.37500000,6478.10000000,0.376
1749267876,0.37490000,1622.20000000,0.376
1749267876,0.37480000,5189.90000000,0.376
1749267876,0.37470000,1432.90000000,0.376
1749267876,0.37460000,1412.80000000,0.376
1749267876,0.37450000,7340.80000000,0.376
1749267876,0.37440000,2192.80000000,0.376
1749267876,0.37430000,1413.90000000,0.376
1749267876,0.37420000,9298.70000000,0.376
1749267876,0.37410000,1413.80000000,0.376
1749267876,0.37400000,5072.20000000,0.376
1749267876,0.37390000,5296.30000000,0.376
1749267876,0.37380000,656.80000000,0.376
