timestamp,price,volume,current_price
1749258299,0.63380000,2200.10000000,0.6338
1749258299,0.63370000,3712.80000000,0.6338
1749258299,0.63360000,6868.30000000,0.6338
1749258299,0.63350000,4472.20000000,0.6338
1749258299,0.63340000,7202.80000000,0.6338
1749258299,0.63330000,9257.60000000,0.6338
1749258299,0.63320000,16487.70000000,0.6338
1749258299,0.63310000,33500.30000000,0.6338
1749258299,0.63300000,19629.40000000,0.6338
1749258299,0.63290000,10663.10000000,0.6338
1749258299,0.63280000,11697.90000000,0.6338
1749258299,0.63270000,9821.70000000,0.6338
1749258299,0.63260000,11247.80000000,0.6338
1749258299,0.63250000,5679.00000000,0.6338
1749258299,0.63240000,10499.70000000,0.6338
1749258299,0.63230000,14900.90000000,0.6338
1749258299,0.63220000,4590.30000000,0.6338
1749258299,0.63210000,1625.90000000,0.6338
1749258299,0.63200000,5368.50000000,0.6338
1749258299,0.63190000,16421.70000000,0.6338
1749258299,0.63180000,38361.60000000,0.6338
1749258299,0.63170000,3945.20000000,0.6338
1749258299,0.63160000,4513.40000000,0.6338
1749258299,0.63150000,53488.50000000,0.6338
1749258299,0.63140000,45420.80000000,0.6338
1749258299,0.63130000,72695.30000000,0.6338
1749258299,0.63120000,8063.30000000,0.6338
1749258299,0.63110000,6442.20000000,0.6338
1749258299,0.63100000,9451.90000000,0.6338
1749258299,0.63090000,22661.70000000,0.6338
1749258299,0.63080000,19690.30000000,0.6338
1749258299,0.63070000,2902.50000000,0.6338
1749258299,0.63060000,24.70000000,0.6338
1749258299,0.63050000,16444.50000000,0.6338
1749258299,0.63040000,3847.80000000,0.6338
1749258299,0.63030000,5258.80000000,0.6338
1749258299,0.63020000,3390.80000000,0.6338
1749258299,0.63010000,67231.00000000,0.6338
1749258299,0.63000000,1529.40000000,0.6338
1749258299,0.62990000,6549.20000000,0.6338
1749258299,0.62980000,814.20000000,0.6338
1749258299,0.62970000,15.90000000,0.6338
1749258299,0.62960000,67.20000000,0.6338
1749258299,0.62950000,1751.60000000,0.6338
1749258299,0.62940000,3183.00000000,0.6338
1749258299,0.62930000,27.90000000,0.6338
1749258299,0.62920000,137.20000000,0.6338
1749258299,0.62910000,3007.10000000,0.6338
1749258299,0.62900000,2718.70000000,0.6338
1749258299,0.62890000,11031.10000000,0.6338
1749258299,0.62880000,24.70000000,0.6338
1749258299,0.62870000,1502.30000000,0.6338
1749258299,0.62860000,1604.00000000,0.6338
1749258299,0.62850000,386.30000000,0.6338
1749258299,0.62840000,56820.60000000,0.6338
1749258299,0.62830000,1742.40000000,0.6338
1749258299,0.62820000,1311.70000000,0.6338
1749258299,0.62810000,2402.50000000,0.6338
1749258299,0.62800000,5976.00000000,0.6338
1749258299,0.62790000,47015.80000000,0.6338
1749258299,0.62780000,232.70000000,0.6338
1749258299,0.62770000,1066.70000000,0.6338
1749258299,0.62760000,15401.60000000,0.6338
1749258299,0.62750000,3196.10000000,0.6338
1749258299,0.62740000,1767.00000000,0.6338
1749258299,0.62730000,15.80000000,0.6338
1749258299,0.62720000,27.80000000,0.6338
1749258299,0.62710000,1437.00000000,0.6338
1749258299,0.62700000,15.80000000,0.6338
1749258299,0.62690000,69.10000000,0.6338
1749258299,0.62680000,15.80000000,0.6338
1749258299,0.62670000,15.80000000,0.6338
1749258299,0.62660000,27.80000000,0.6338
1749258299,0.62650000,1437.00000000,0.6338
1749258299,0.62640000,15.80000000,0.6338
1749258299,0.62630000,27.80000000,0.6338
1749258299,0.62620000,380.00000000,0.6338
1749258299,0.62610000,1421.20000000,0.6338
1749258299,0.62600000,12.00000000,0.6338
1749258299,0.62570000,12.00000000,0.6338
1749258299,0.62550000,1543.20000000,0.6338
1749258299,0.62540000,650.40000000,0.6338
1749258299,0.62530000,115.60000000,0.6338
1749258299,0.62520000,2059.80000000,0.6338
1749258299,0.62510000,405.30000000,0.6338
1749258299,0.62500000,332.00000000,0.6338
1749258299,0.62490000,654.80000000,0.6338
1749258299,0.62480000,11687.00000000,0.6338
1749258299,0.62470000,24877.00000000,0.6338
1749258299,0.62460000,33366.60000000,0.6338
1749258299,0.62450000,75.30000000,0.6338
1749258299,0.62440000,18.80000000,0.6338
1749258299,0.62430000,14.70000000,0.6338
1749258299,0.62420000,651.60000000,0.6338
1749258299,0.62410000,1462.50000000,0.6338
1749258299,0.62390000,12.00000000,0.6338
1749258299,0.62360000,1441.10000000,0.6338
1749258299,0.62320000,1421.20000000,0.6338
1749258299,0.62280000,320.50000000,0.6338
1749258299,0.62270000,3823.50000000,0.6338
1749258613,0.63470000,126.70000000,0.6347
1749258613,0.63460000,1294.30000000,0.6347
1749258613,0.63450000,2035.70000000,0.6347
1749258613,0.63440000,4723.10000000,0.6347
1749258613,0.63430000,5310.80000000,0.6347
1749258613,0.63420000,7445.80000000,0.6347
1749258613,0.63410000,17590.70000000,0.6347
1749258613,0.63400000,8504.60000000,0.6347
1749258613,0.63390000,9372.40000000,0.6347
1749258613,0.63380000,3496.50000000,0.6347
1749258613,0.63370000,8738.90000000,0.6347
1749258613,0.63360000,14887.70000000,0.6347
1749258613,0.63350000,29136.90000000,0.6347
1749258613,0.63340000,3784.20000000,0.6347
1749258613,0.63330000,5557.10000000,0.6347
1749258613,0.63320000,17116.60000000,0.6347
1749258613,0.63310000,1481.30000000,0.6347
1749258613,0.63300000,6072.80000000,0.6347
1749258613,0.63290000,7484.40000000,0.6347
1749258613,0.63280000,20520.40000000,0.6347
1749258613,0.63270000,3360.00000000,0.6347
1749258613,0.63260000,3426.20000000,0.6347
1749258613,0.63250000,10572.30000000,0.6347
1749258613,0.63240000,27867.60000000,0.6347
1749258613,0.63230000,41153.10000000,0.6347
1749258613,0.63220000,4473.90000000,0.6347
1749258613,0.63210000,16181.60000000,0.6347
1749258613,0.63200000,9466.10000000,0.6347
1749258613,0.63190000,32963.90000000,0.6347
1749258613,0.63180000,7341.10000000,0.6347
1749258613,0.63170000,781.60000000,0.6347
1749258613,0.63160000,4473.90000000,0.6347
1749258613,0.63150000,2155.50000000,0.6347
1749258613,0.63140000,46302.10000000,0.6347
1749258613,0.63130000,2902.50000000,0.6347
1749258613,0.63120000,3381.10000000,0.6347
1749258613,0.63110000,19149.20000000,0.6347
1749258613,0.63100000,4517.50000000,0.6347
1749258613,0.63090000,54236.10000000,0.6347
1749258613,0.63080000,8360.30000000,0.6347
1749258613,0.63070000,2902.50000000,0.6347
1749258613,0.63060000,24.70000000,0.6347
1749258613,0.63050000,16120.50000000,0.6347
1749258613,0.63040000,3174.20000000,0.6347
1749258613,0.63030000,4898.80000000,0.6347
1749258613,0.63020000,3030.80000000,0.6347
1749258613,0.63010000,68291.90000000,0.6347
1749258613,0.63000000,64.00000000,0.6347
1749258613,0.62990000,6172.70000000,0.6347
1749258613,0.62980000,1919.60000000,0.6347
1749258613,0.62970000,15.90000000,0.6347
1749258613,0.62960000,27.90000000,0.6347
1749258613,0.62950000,1751.60000000,0.6347
1749258613,0.62940000,3183.00000000,0.6347
1749258613,0.62930000,3014.40000000,0.6347
1749258613,0.62920000,51530.30000000,0.6347
1749258613,0.62910000,27.70000000,0.6347
1749258613,0.62900000,1488.40000000,0.6347
1749258613,0.62890000,10978.20000000,0.6347
1749258613,0.62880000,24.70000000,0.6347
1749258613,0.62870000,1449.10000000,0.6347
1749258613,0.62860000,54574.60000000,0.6347
1749258613,0.62850000,15.80000000,0.6347
1749258613,0.62840000,3186.10000000,0.6347
1749258613,0.62830000,1742.40000000,0.6347
1749258613,0.62820000,69.00000000,0.6347
1749258613,0.62810000,1449.00000000,0.6347
1749258613,0.62800000,6015.30000000,0.6347
1749258613,0.62790000,15.80000000,0.6347
1749258613,0.62780000,232.70000000,0.6347
1749258613,0.62770000,1077.80000000,0.6347
1749258613,0.62760000,15.80000000,0.6347
1749258613,0.62750000,3196.10000000,0.6347
1749258613,0.62740000,1437.00000000,0.6347
1749258613,0.62730000,15.80000000,0.6347
1749258613,0.62720000,7853.00000000,0.6347
1749258613,0.62710000,1421.20000000,0.6347
1749258613,0.62700000,39.30000000,0.6347
1749258613,0.62690000,53.30000000,0.6347
1749258613,0.62660000,12.00000000,0.6347
1749258613,0.62650000,1421.20000000,0.6347
1749258613,0.62630000,12.00000000,0.6347
1749258613,0.62620000,380.00000000,0.6347
1749258613,0.62610000,1421.20000000,0.6347
1749258613,0.62600000,33322.50000000,0.6347
1749258613,0.62570000,12.00000000,0.6347
1749258613,0.62550000,1543.20000000,0.6347
1749258613,0.62540000,12.00000000,0.6347
1749258613,0.62530000,115.60000000,0.6347
1749258613,0.62520000,1421.20000000,0.6347
1749258613,0.62510000,35216.80000000,0.6347
1749258613,0.62500000,12.60000000,0.6347
1749258613,0.62480000,12.00000000,0.6347
1749258613,0.62470000,1421.20000000,0.6347
1749258613,0.62450000,75.30000000,0.6347
1749258613,0.62440000,18.80000000,0.6347
1749258613,0.62430000,14.70000000,0.6347
1749258613,0.62420000,12.00000000,0.6347
1749258613,0.62410000,1462.50000000,0.6347
1749258613,0.62400000,100.80000000,0.6347
1749258943,0.63730000,486.70000000,0.6373
1749258943,0.63720000,2844.10000000,0.6373
1749258943,0.63710000,4405.30000000,0.6373
1749258943,0.63700000,2892.00000000,0.6373
1749258943,0.63690000,3724.30000000,0.6373
1749258943,0.63680000,5679.00000000,0.6373
1749258943,0.63670000,5304.50000000,0.6373
1749258943,0.63660000,7741.50000000,0.6373
1749258943,0.63650000,5514.70000000,0.6373
1749258943,0.63640000,8278.70000000,0.6373
1749258943,0.63630000,4041.30000000,0.6373
1749258943,0.63620000,9701.90000000,0.6373
1749258943,0.63610000,30916.20000000,0.6373
1749258943,0.63600000,27241.80000000,0.6373
1749258943,0.63590000,14965.20000000,0.6373
1749258943,0.63580000,1852.00000000,0.6373
1749258943,0.63570000,6116.10000000,0.6373
1749258943,0.63560000,6898.50000000,0.6373
1749258943,0.63550000,10363.80000000,0.6373
1749258943,0.63540000,28663.70000000,0.6373
1749258943,0.63530000,22422.10000000,0.6373
1749258943,0.63520000,11882.40000000,0.6373
1749258943,0.63510000,21348.40000000,0.6373
1749258943,0.63500000,7957.10000000,0.6373
1749258943,0.63490000,8980.60000000,0.6373
1749258943,0.63480000,6955.10000000,0.6373
1749258943,0.63470000,13644.10000000,0.6373
1749258943,0.63460000,7506.00000000,0.6373
1749258943,0.63450000,4137.80000000,0.6373
1749258943,0.63440000,4331.50000000,0.6373
1749258943,0.63430000,4461.60000000,0.6373
1749258943,0.63420000,3799.20000000,0.6373
1749258943,0.63410000,1808.90000000,0.6373
1749258943,0.63400000,4671.80000000,0.6373
1749258943,0.63390000,3359.90000000,0.6373
1749258943,0.63380000,3371.80000000,0.6373
1749258943,0.63370000,13328.00000000,0.6373
1749258943,0.63360000,1805.70000000,0.6373
1749258943,0.63350000,16106.70000000,0.6373
1749258943,0.63340000,28661.20000000,0.6373
1749258943,0.63330000,3359.90000000,0.6373
1749258943,0.63320000,50729.60000000,0.6373
1749258943,0.63310000,70667.80000000,0.6373
1749258943,0.63300000,4829.20000000,0.6373
1749258943,0.63290000,3306.60000000,0.6373
1749258943,0.63280000,1481.30000000,0.6373
1749258943,0.63270000,2996.70000000,0.6373
1749258943,0.63260000,69.10000000,0.6373
1749258943,0.63250000,4102.10000000,0.6373
1749258943,0.63240000,4604.10000000,0.6373
1749258943,0.63230000,3008.20000000,0.6373
1749258943,0.63220000,4102.10000000,0.6373
1749258943,0.63210000,15.90000000,0.6373
1749258943,0.63200000,3047.90000000,0.6373
1749258943,0.63190000,5700.80000000,0.6373
1749258943,0.63180000,3005.50000000,0.6373
1749258943,0.63170000,67276.40000000,0.6373
1749258943,0.63160000,2996.70000000,0.6373
1749258943,0.63150000,1795.50000000,0.6373
1749258943,0.63140000,3186.10000000,0.6373
1749258943,0.63130000,8965.20000000,0.6373
1749258943,0.63120000,24.70000000,0.6373
1749258943,0.63110000,27.80000000,0.6373
1749258943,0.63100000,55.20000000,0.6373
1749258943,0.63090000,3188.90000000,0.6373
1749258943,0.63080000,1768.50000000,0.6373
1749258943,0.63070000,56218.80000000,0.6373
1749258943,0.63060000,1071.50000000,0.6373
1749258943,0.63050000,27.80000000,0.6373
1749258943,0.63040000,3174.20000000,0.6373
1749258943,0.63030000,795.10000000,0.6373
1749258943,0.63020000,27.60000000,0.6373
1749258943,0.63010000,1436.90000000,0.6373
1749258943,0.63000000,145.70000000,0.6373
1749258943,0.62990000,3239.10000000,0.6373
1749258943,0.62980000,57.00000000,0.6373
1749258943,0.62960000,12.00000000,0.6373
1749258943,0.62950000,1735.70000000,0.6373
1749258943,0.62940000,3158.30000000,0.6373
1749258943,0.62930000,11687.00000000,0.6373
1749258943,0.62920000,51514.40000000,0.6373
1749258943,0.62910000,216.30000000,0.6373
1749258943,0.62900000,1472.50000000,0.6373
1749258943,0.62890000,3158.30000000,0.6373
1749258943,0.62870000,1433.20000000,0.6373
1749258943,0.62850000,7809.00000000,0.6373
1749258943,0.62840000,3170.30000000,0.6373
1749258943,0.62830000,1726.60000000,0.6373
1749258943,0.62810000,1433.20000000,0.6373
1749258943,0.62800000,2813.60000000,0.6373
1749258943,0.62780000,12.00000000,0.6373
1749258943,0.62750000,22.00000000,0.6373
1749258943,0.62740000,1580.30000000,0.6373
1749258943,0.62730000,3100.50000000,0.6373
1749258943,0.62720000,12.00000000,0.6373
1749258943,0.62710000,1421.20000000,0.6373
1749258943,0.62700000,74.30000000,0.6373
1749258943,0.62690000,53.30000000,0.6373
1749258943,0.62660000,12.00000000,0.6373
1749258943,0.62650000,1421.20000000,0.6373
1749259245,0.63680000,1038.20000000,0.6369
1749259245,0.63670000,5159.00000000,0.6369
1749259245,0.63660000,3034.90000000,0.6369
1749259245,0.63650000,4228.90000000,0.6369
1749259245,0.63640000,4915.60000000,0.6369
1749259245,0.63630000,11740.90000000,0.6369
1749259245,0.63620000,32216.30000000,0.6369
1749259245,0.63610000,22616.20000000,0.6369
1749259245,0.63600000,16989.10000000,0.6369
1749259245,0.63590000,24391.00000000,0.6369
1749259245,0.63580000,13312.60000000,0.6369
1749259245,0.63570000,10007.10000000,0.6369
1749259245,0.63560000,10271.00000000,0.6369
1749259245,0.63550000,12091.90000000,0.6369
1749259245,0.63540000,14083.30000000,0.6369
1749259245,0.63530000,5125.10000000,0.6369
1749259245,0.63520000,7978.10000000,0.6369
1749259245,0.63510000,649.40000000,0.6369
1749259245,0.63500000,4639.50000000,0.6369
1749259245,0.63490000,5601.90000000,0.6369
1749259245,0.63480000,7061.40000000,0.6369
1749259245,0.63470000,13643.10000000,0.6369
1749259245,0.63460000,1481.20000000,0.6369
1749259245,0.63450000,3353.40000000,0.6369
1749259245,0.63440000,3546.00000000,0.6369
1749259245,0.63430000,99805.60000000,0.6369
1749259245,0.63420000,9068.30000000,0.6369
1749259245,0.63410000,1808.90000000,0.6369
1749259245,0.63400000,4671.80000000,0.6369
1749259245,0.63390000,3359.90000000,0.6369
1749259245,0.63380000,3371.80000000,0.6369
1749259245,0.63370000,9364.20000000,0.6369
1749259245,0.63360000,1834.60000000,0.6369
1749259245,0.63350000,16106.70000000,0.6369
1749259245,0.63340000,89539.50000000,0.6369
1749259245,0.63330000,3359.90000000,0.6369
1749259245,0.63320000,50729.60000000,0.6369
1749259245,0.63310000,4459.80000000,0.6369
1749259245,0.63300000,6765.90000000,0.6369
1749259245,0.63290000,75104.20000000,0.6369
1749259245,0.63280000,1753.20000000,0.6369
1749259245,0.63270000,2996.70000000,0.6369
1749259245,0.63260000,69.10000000,0.6369
1749259245,0.63250000,4102.10000000,0.6369
1749259245,0.63240000,4604.10000000,0.6369
1749259245,0.63230000,3008.20000000,0.6369
1749259245,0.63220000,4102.10000000,0.6369
1749259245,0.63210000,15.90000000,0.6369
1749259245,0.63200000,67.10000000,0.6369
1749259245,0.63190000,4595.40000000,0.6369
1749259245,0.63180000,24.70000000,0.6369
1749259245,0.63170000,47421.60000000,0.6369
1749259245,0.63160000,15.90000000,0.6369
1749259245,0.63150000,1795.50000000,0.6369
1749259245,0.63140000,3186.10000000,0.6369
1749259245,0.63130000,1437.10000000,0.6369
1749259245,0.63120000,24.70000000,0.6369
1749259245,0.63110000,1767.70000000,0.6369
1749259245,0.63100000,55.20000000,0.6369
1749259245,0.63090000,10719.40000000,0.6369
1749259245,0.63080000,27.80000000,0.6369
1749259245,0.63070000,1437.10000000,0.6369
1749259245,0.63060000,1120.20000000,0.6369
1749259245,0.63050000,27.80000000,0.6369
1749259245,0.63040000,3174.20000000,0.6369
1749259245,0.63030000,794.90000000,0.6369
1749259245,0.63020000,27.60000000,0.6369
1749259245,0.63010000,1436.90000000,0.6369
1749259245,0.63000000,145.70000000,0.6369
1749259245,0.62990000,3186.00000000,0.6369
1749259245,0.62980000,57.00000000,0.6369
1749259245,0.62970000,15.70000000,0.6369
1749259245,0.62960000,27.70000000,0.6369
1749259245,0.62950000,1751.50000000,0.6369
1749259245,0.62940000,3174.10000000,0.6369
1749259245,0.62930000,11702.80000000,0.6369
1749259245,0.62920000,59314.70000000,0.6369
1749259245,0.62910000,216.30000000,0.6369
1749259245,0.62900000,1472.50000000,0.6369
1749259245,0.62890000,3158.30000000,0.6369
1749259245,0.62870000,1433.20000000,0.6369
1749259245,0.62840000,12.00000000,0.6369
1749259245,0.62830000,1726.60000000,0.6369
1749259245,0.62810000,1433.20000000,0.6369
1749259245,0.62800000,2813.60000000,0.6369
1749259245,0.62790000,7816.40000000,0.6369
1749259245,0.62780000,12.00000000,0.6369
1749259245,0.62750000,22.00000000,0.6369
1749259245,0.62740000,1421.20000000,0.6369
1749259245,0.62730000,3100.50000000,0.6369
1749259245,0.62720000,12.00000000,0.6369
1749259245,0.62710000,1421.20000000,0.6369
1749259245,0.62700000,74.30000000,0.6369
1749259245,0.62690000,53.30000000,0.6369
1749259245,0.62660000,12.00000000,0.6369
1749259245,0.62650000,1421.20000000,0.6369
1749259245,0.62630000,171.30000000,0.6369
1749259245,0.62620000,316.10000000,0.6369
1749259245,0.62610000,24877.00000000,0.6369
1749259245,0.62600000,64741.40000000,0.6369
