timestamp,price,volume,current_price
1749260717,0.63440000,2175.60000000,0.6344
1749260717,0.63430000,3114.10000000,0.6344
1749260717,0.63420000,5531.80000000,0.6344
1749260717,0.63410000,3794.10000000,0.6344
1749260717,0.63400000,3658.70000000,0.6344
1749260717,0.63390000,5927.00000000,0.6344
1749260717,0.63380000,3316.00000000,0.6344
1749260717,0.63370000,4591.90000000,0.6344
1749260717,0.63360000,3554.10000000,0.6344
1749260717,0.63350000,6581.00000000,0.6344
1749260717,0.63340000,8676.30000000,0.6344
1749260717,0.63330000,7620.50000000,0.6344
1749260717,0.63320000,21572.20000000,0.6344
1749260717,0.63310000,12583.10000000,0.6344
1749260717,0.63300000,31008.70000000,0.6344
1749260717,0.63290000,7916.50000000,0.6344
1749260717,0.63280000,11888.20000000,0.6344
1749260717,0.63270000,2294.20000000,0.6344
1749260717,0.63260000,21066.50000000,0.6344
1749260717,0.63250000,12702.90000000,0.6344
1749260717,0.63240000,18684.10000000,0.6344
1749260717,0.63230000,9872.60000000,0.6344
1749260717,0.63220000,27093.40000000,0.6344
1749260717,0.63210000,19654.80000000,0.6344
1749260717,0.63200000,4288.90000000,0.6344
1749260717,0.63190000,5641.60000000,0.6344
1749260717,0.63180000,13425.20000000,0.6344
1749260717,0.63170000,387.80000000,0.6344
1749260717,0.63160000,1481.30000000,0.6344
1749260717,0.63150000,14480.70000000,0.6344
1749260717,0.63140000,4336.50000000,0.6344
1749260717,0.63130000,5224.60000000,0.6344
1749260717,0.63120000,15529.50000000,0.6344
1749260717,0.63110000,387.80000000,0.6344
1749260717,0.63100000,3356.70000000,0.6344
1749260717,0.63090000,7512.70000000,0.6344
1749260717,0.63080000,3368.60000000,0.6344
1749260717,0.63070000,2902.50000000,0.6344
1749260717,0.63060000,11247.50000000,0.6344
1749260717,0.63050000,19167.30000000,0.6344
1749260717,0.63040000,3174.20000000,0.6344
1749260717,0.63030000,68943.10000000,0.6344
1749260717,0.63020000,4119.90000000,0.6344
1749260717,0.63010000,53892.50000000,0.6344
1749260717,0.63000000,67824.90000000,0.6344
1749260717,0.62990000,3186.00000000,0.6344
1749260717,0.62980000,4148.40000000,0.6344
1749260717,0.62970000,15.70000000,0.6344
1749260717,0.62960000,27.70000000,0.6344
1749260717,0.62950000,17389.20000000,0.6344
1749260717,0.62940000,3182.90000000,0.6344
1749260717,0.62930000,4120.60000000,0.6344
1749260717,0.62920000,137.10000000,0.6344
1749260717,0.62910000,3003.70000000,0.6344
1749260717,0.62900000,1449.00000000,0.6344
1749260717,0.62890000,6220.00000000,0.6344
1749260717,0.62880000,4120.20000000,0.6344
1749260717,0.62870000,1449.00000000,0.6344
1749260717,0.62860000,3010.80000000,0.6344
1749260717,0.62850000,15.80000000,0.6344
1749260717,0.62840000,27.80000000,0.6344
1749260717,0.62830000,2847.80000000,0.6344
1749260717,0.62820000,24.60000000,0.6344
1749260717,0.62810000,54292.40000000,0.6344
1749260717,0.62800000,13515.20000000,0.6344
1749260717,0.62790000,15.80000000,0.6344
1749260717,0.62780000,1133.20000000,0.6344
1749260717,0.62770000,15.80000000,0.6344
1749260717,0.62760000,24.60000000,0.6344
1749260717,0.62750000,37.80000000,0.6344
1749260717,0.62740000,1448.80000000,0.6344
1749260717,0.62730000,4221.70000000,0.6344
1749260717,0.62720000,50.10000000,0.6344
1749260717,0.62710000,4595.30000000,0.6344
1749260717,0.62700000,50.80000000,0.6344
1749260717,0.62690000,384.90000000,0.6344
1749260717,0.62680000,1105.40000000,0.6344
1749260717,0.62660000,12.00000000,0.6344
1749260717,0.62650000,1626.50000000,0.6344
1749260717,0.62630000,13872.20000000,0.6344
1749260717,0.62620000,10996.00000000,0.6344
1749260717,0.62610000,1421.20000000,0.6344
1749260717,0.62600000,12.00000000,0.6344
1749260717,0.62570000,12.00000000,0.6344
1749260717,0.62550000,1543.20000000,0.6344
1749260717,0.62530000,3158.30000000,0.6344
1749260717,0.62520000,1421.20000000,0.6344
1749260717,0.62500000,12.60000000,0.6344
1749260717,0.62490000,33289.50000000,0.6344
1749260717,0.62470000,1421.20000000,0.6344
1749260717,0.62460000,115.70000000,0.6344
1749260717,0.62440000,3199.40000000,0.6344
1749260717,0.62430000,14.70000000,0.6344
1749260717,0.62410000,1462.50000000,0.6344
1749260717,0.62400000,200.30000000,0.6344
1749260717,0.62360000,1758.60000000,0.6344
1749260717,0.62350000,74.10000000,0.6344
1749260717,0.62320000,1421.20000000,0.6344
1749260717,0.62260000,1421.20000000,0.6344
1749260717,0.62250000,30.00000000,0.6344
1749261037,0.63410000,3216.40000000,0.6341
1749261037,0.63400000,3560.50000000,0.6341
1749261037,0.63390000,4934.30000000,0.6341
1749261037,0.63380000,4403.80000000,0.6341
1749261037,0.63370000,3473.30000000,0.6341
1749261037,0.63360000,4119.10000000,0.6341
1749261037,0.63350000,5735.60000000,0.6341
1749261037,0.63340000,3684.10000000,0.6341
1749261037,0.63330000,5347.50000000,0.6341
1749261037,0.63320000,9782.90000000,0.6341
1749261037,0.63310000,17440.30000000,0.6341
1749261037,0.63300000,12200.00000000,0.6341
1749261037,0.63290000,31783.30000000,0.6341
1749261037,0.63280000,37073.60000000,0.6341
1749261037,0.63270000,17764.50000000,0.6341
1749261037,0.63260000,7925.30000000,0.6341
1749261037,0.63250000,7355.10000000,0.6341
1749261037,0.63240000,10588.90000000,0.6341
1749261037,0.63230000,5258.90000000,0.6341
1749261037,0.63220000,20182.50000000,0.6341
1749261037,0.63210000,7145.40000000,0.6341
1749261037,0.63200000,21575.00000000,0.6341
1749261037,0.63190000,10609.30000000,0.6341
1749261037,0.63180000,11301.50000000,0.6341
1749261037,0.63170000,1823.90000000,0.6341
1749261037,0.63160000,1481.30000000,0.6341
1749261037,0.63150000,6570.20000000,0.6341
1749261037,0.63140000,74352.40000000,0.6341
1749261037,0.63130000,12705.60000000,0.6341
1749261037,0.63120000,57650.70000000,0.6341
1749261037,0.63110000,28516.00000000,0.6341
1749261037,0.63100000,3778.80000000,0.6341
1749261037,0.63090000,3548.90000000,0.6341
1749261037,0.63080000,3368.60000000,0.6341
1749261037,0.63070000,22036.00000000,0.6341
1749261037,0.63060000,4128.30000000,0.6341
1749261037,0.63050000,13539.50000000,0.6341
1749261037,0.63040000,3534.20000000,0.6341
1749261037,0.63030000,19218.70000000,0.6341
1749261037,0.63020000,4119.90000000,0.6341
1749261037,0.63010000,67770.40000000,0.6341
1749261037,0.63000000,115.20000000,0.6341
1749261037,0.62990000,6168.20000000,0.6341
1749261037,0.62980000,1162.40000000,0.6341
1749261037,0.62970000,2997.90000000,0.6341
1749261037,0.62960000,27.70000000,0.6341
1749261037,0.62950000,1437.00000000,0.6341
1749261037,0.62940000,3182.90000000,0.6341
1749261037,0.62930000,1447.80000000,0.6341
1749261037,0.62920000,190.40000000,0.6341
1749261037,0.62910000,15.80000000,0.6341
1749261037,0.62900000,1460.80000000,0.6341
1749261037,0.62890000,6161.00000000,0.6341
1749261037,0.62880000,1130.00000000,0.6341
1749261037,0.62870000,48449.00000000,0.6341
1749261037,0.62860000,15.80000000,0.6341
1749261037,0.62850000,3174.10000000,0.6341
1749261037,0.62840000,27.80000000,0.6341
1749261037,0.62830000,9553.90000000,0.6341
1749261037,0.62820000,53513.40000000,0.6341
1749261037,0.62810000,1449.00000000,0.6341
1749261037,0.62800000,5948.40000000,0.6341
1749261037,0.62790000,7579.60000000,0.6341
1749261037,0.62780000,1091.40000000,0.6341
1749261037,0.62770000,15.80000000,0.6341
1749261037,0.62760000,15.80000000,0.6341
1749261037,0.62750000,242.80000000,0.6341
1749261037,0.62740000,1437.00000000,0.6341
1749261037,0.62730000,3116.30000000,0.6341
1749261037,0.62720000,27.80000000,0.6341
1749261037,0.62710000,4595.30000000,0.6341
1749261037,0.62700000,50.80000000,0.6341
1749261037,0.62690000,69.10000000,0.6341
1749261037,0.62680000,15.80000000,0.6341
1749261037,0.62670000,15.80000000,0.6341
1749261037,0.62660000,27.80000000,0.6341
1749261037,0.62650000,1421.20000000,0.6341
1749261037,0.62630000,12.00000000,0.6341
1749261037,0.62620000,3474.40000000,0.6341
1749261037,0.62610000,1421.20000000,0.6341
1749261037,0.62600000,12.00000000,0.6341
1749261037,0.62570000,12.00000000,0.6341
1749261037,0.62550000,1543.20000000,0.6341
1749261037,0.62520000,13096.20000000,0.6341
1749261037,0.62510000,23529.80000000,0.6341
1749261037,0.62500000,32763.80000000,0.6341
1749261037,0.62470000,1484.50000000,0.6341
1749261037,0.62460000,115.70000000,0.6341
1749261037,0.62450000,2853.40000000,0.6341
1749261037,0.62440000,18.80000000,0.6341
1749261037,0.62430000,14.70000000,0.6341
1749261037,0.62410000,1462.50000000,0.6341
1749261037,0.62400000,200.30000000,0.6341
1749261037,0.62360000,1441.10000000,0.6341
1749261037,0.62320000,1421.20000000,0.6341
1749261037,0.62290000,7879.20000000,0.6341
1749261037,0.62260000,1421.20000000,0.6341
1749261037,0.62250000,30.00000000,0.6341
1749261037,0.62230000,7935.00000000,0.6341
1749261037,0.62210000,1421.20000000,0.6341
1749261342,0.63520000,796.40000000,0.6353
1749261342,0.63510000,2903.00000000,0.6353
1749261342,0.63500000,5447.60000000,0.6353
1749261342,0.63490000,3299.70000000,0.6353
1749261342,0.63480000,2852.10000000,0.6353
1749261342,0.63470000,3439.30000000,0.6353
1749261342,0.63460000,4894.20000000,0.6353
1749261342,0.63450000,4432.00000000,0.6353
1749261342,0.63440000,5223.10000000,0.6353
1749261342,0.63430000,10363.00000000,0.6353
1749261342,0.63420000,13187.50000000,0.6353
1749261342,0.63410000,15769.10000000,0.6353
1749261342,0.63400000,14994.60000000,0.6353
1749261342,0.63390000,11315.00000000,0.6353
1749261342,0.63380000,3793.90000000,0.6353
1749261342,0.63370000,13811.30000000,0.6353
1749261342,0.63360000,5978.50000000,0.6353
1749261342,0.63350000,5662.20000000,0.6353
1749261342,0.63340000,4802.20000000,0.6353
1749261342,0.63330000,5438.30000000,0.6353
1749261342,0.63320000,14047.90000000,0.6353
1749261342,0.63310000,16138.60000000,0.6353
1749261342,0.63300000,20649.20000000,0.6353
1749261342,0.63290000,11384.30000000,0.6353
1749261342,0.63280000,12546.90000000,0.6353
1749261342,0.63270000,4469.20000000,0.6353
1749261342,0.63260000,6175.70000000,0.6353
1749261342,0.63250000,375.90000000,0.6353
1749261342,0.63240000,4964.10000000,0.6353
1749261342,0.63230000,3377.60000000,0.6353
1749261342,0.63220000,12376.40000000,0.6353
1749261342,0.63210000,12806.20000000,0.6353
1749261342,0.63200000,3381.30000000,0.6353
1749261342,0.63190000,4639.60000000,0.6353
1749261342,0.63180000,7342.00000000,0.6353
1749261342,0.63170000,20653.30000000,0.6353
1749261342,0.63160000,1481.30000000,0.6353
1749261342,0.63150000,6885.80000000,0.6353
1749261342,0.63140000,67121.10000000,0.6353
1749261342,0.63130000,12345.60000000,0.6353
1749261342,0.63120000,57964.50000000,0.6353
1749261342,0.63110000,27.80000000,0.6353
1749261342,0.63100000,2996.70000000,0.6353
1749261342,0.63090000,3188.90000000,0.6353
1749261342,0.63080000,3008.60000000,0.6353
1749261342,0.63070000,2542.50000000,0.6353
1749261342,0.63060000,3768.30000000,0.6353
1749261342,0.63050000,13179.50000000,0.6353
1749261342,0.63040000,3174.20000000,0.6353
1749261342,0.63030000,3005.50000000,0.6353
1749261342,0.63020000,4119.90000000,0.6353
1749261342,0.63010000,67770.40000000,0.6353
1749261342,0.63000000,115.20000000,0.6353
1749261342,0.62990000,6168.20000000,0.6353
1749261342,0.62980000,1162.40000000,0.6353
1749261342,0.62970000,49997.90000000,0.6353
1749261342,0.62960000,27.70000000,0.6353
1749261342,0.62950000,1437.00000000,0.6353
1749261342,0.62940000,3182.90000000,0.6353
1749261342,0.62930000,1447.80000000,0.6353
1749261342,0.62920000,190.40000000,0.6353
1749261342,0.62910000,15.80000000,0.6353
1749261342,0.62900000,1460.80000000,0.6353
1749261342,0.62890000,13715.60000000,0.6353
1749261342,0.62880000,1130.00000000,0.6353
1749261342,0.62870000,1449.00000000,0.6353
1749261342,0.62860000,15.80000000,0.6353
1749261342,0.62850000,3174.10000000,0.6353
1749261342,0.62840000,27.80000000,0.6353
1749261342,0.62830000,13417.40000000,0.6353
1749261342,0.62820000,53513.40000000,0.6353
1749261342,0.62810000,1449.00000000,0.6353
1749261342,0.62800000,5948.40000000,0.6353
1749261342,0.62790000,15.80000000,0.6353
1749261342,0.62780000,1091.40000000,0.6353
1749261342,0.62770000,15.80000000,0.6353
1749261342,0.62750000,227.00000000,0.6353
1749261342,0.62740000,1421.20000000,0.6353
1749261342,0.62730000,3100.50000000,0.6353
1749261342,0.62720000,12.00000000,0.6353
1749261342,0.62710000,4579.50000000,0.6353
1749261342,0.62700000,7862.70000000,0.6353
1749261342,0.62690000,53.30000000,0.6353
1749261342,0.62660000,12.00000000,0.6353
1749261342,0.62650000,1421.20000000,0.6353
1749261342,0.62630000,12.00000000,0.6353
1749261342,0.62620000,3474.40000000,0.6353
1749261342,0.62610000,1421.20000000,0.6353
1749261342,0.62600000,12.00000000,0.6353
1749261342,0.62570000,12.00000000,0.6353
1749261342,0.62550000,1543.20000000,0.6353
1749261342,0.62520000,1421.20000000,0.6353
1749261342,0.62510000,23529.80000000,0.6353
1749261342,0.62500000,32763.80000000,0.6353
1749261342,0.62470000,1484.50000000,0.6353
1749261342,0.62460000,115.70000000,0.6353
1749261342,0.62450000,2853.40000000,0.6353
1749261342,0.62440000,403.10000000,0.6353
1749261342,0.62430000,14.70000000,0.6353
1749261342,0.62410000,1462.50000000,0.6353
1749261644,0.63470000,499.10000000,0.6347
1749261644,0.63460000,5102.90000000,0.6347
1749261644,0.63450000,4907.60000000,0.6347
1749261644,0.63440000,6201.80000000,0.6347
1749261644,0.63430000,3303.60000000,0.6347
1749261644,0.63420000,5586.40000000,0.6347
1749261644,0.63410000,8787.50000000,0.6347
1749261644,0.63400000,7914.40000000,0.6347
1749261644,0.63390000,23697.70000000,0.6347
1749261644,0.63380000,25138.00000000,0.6347
1749261644,0.63370000,21831.50000000,0.6347
1749261644,0.63360000,9378.80000000,0.6347
1749261644,0.63350000,2546.40000000,0.6347
1749261644,0.63340000,8092.60000000,0.6347
1749261644,0.63330000,10523.80000000,0.6347
1749261644,0.63320000,33976.20000000,0.6347
1749261644,0.63310000,19643.60000000,0.6347
1749261644,0.63300000,4004.10000000,0.6347
1749261644,0.63290000,6754.80000000,0.6347
1749261644,0.63280000,9400.30000000,0.6347
1749261644,0.63270000,4461.70000000,0.6347
1749261644,0.63260000,3187.80000000,0.6347
1749261644,0.63250000,3356.30000000,0.6347
1749261644,0.63240000,4964.10000000,0.6347
1749261644,0.63230000,28738.90000000,0.6347
1749261644,0.63220000,20582.50000000,0.6347
1749261644,0.63210000,101384.50000000,0.6347
1749261644,0.63200000,9413.40000000,0.6347
1749261644,0.63190000,4639.60000000,0.6347
1749261644,0.63180000,4348.50000000,0.6347
1749261644,0.63170000,4191.60000000,0.6347
1749261644,0.63160000,23881.50000000,0.6347
1749261644,0.63150000,16758.50000000,0.6347
1749261644,0.63140000,69519.60000000,0.6347
1749261644,0.63130000,4777.50000000,0.6347
1749261644,0.63120000,1490.10000000,0.6347
1749261644,0.63110000,3367.70000000,0.6347
1749261644,0.63100000,15.90000000,0.6347
1749261644,0.63090000,11502.70000000,0.6347
1749261644,0.63080000,3366.30000000,0.6347
1749261644,0.63070000,2902.50000000,0.6347
1749261644,0.63060000,781.40000000,0.6347
1749261644,0.63050000,3006.30000000,0.6347
1749261644,0.63040000,7262.30000000,0.6347
1749261644,0.63030000,53504.50000000,0.6347
1749261644,0.63020000,27.60000000,0.6347
1749261644,0.63010000,4422.00000000,0.6347
1749261644,0.63000000,52.00000000,0.6347
1749261644,0.62990000,6171.10000000,0.6347
1749261644,0.62980000,57.00000000,0.6347
1749261644,0.62970000,15.70000000,0.6347
1749261644,0.62960000,27.70000000,0.6347
1749261644,0.62950000,4486.70000000,0.6347
1749261644,0.62940000,3182.90000000,0.6347
1749261644,0.62930000,342.40000000,0.6347
1749261644,0.62920000,190.40000000,0.6347
1749261644,0.62910000,15.80000000,0.6347
1749261644,0.62900000,1460.80000000,0.6347
1749261644,0.62890000,3174.10000000,0.6347
1749261644,0.62880000,229.20000000,0.6347
1749261644,0.62870000,9005.20000000,0.6347
1749261644,0.62860000,15.80000000,0.6347
1749261644,0.62850000,22658.10000000,0.6347
1749261644,0.62840000,27.80000000,0.6347
1749261644,0.62830000,1742.40000000,0.6347
1749261644,0.62820000,47015.80000000,0.6347
1749261644,0.62810000,1449.00000000,0.6347
1749261644,0.62800000,2790.10000000,0.6347
1749261644,0.62790000,15.80000000,0.6347
1749261644,0.62780000,1083.30000000,0.6347
1749261644,0.62770000,15.80000000,0.6347
1749261644,0.62760000,15.80000000,0.6347
1749261644,0.62750000,37.80000000,0.6347
1749261644,0.62740000,1437.00000000,0.6347
1749261644,0.62730000,3116.30000000,0.6347
1749261644,0.62720000,27.80000000,0.6347
1749261644,0.62710000,1421.20000000,0.6347
1749261644,0.62700000,35.00000000,0.6347
1749261644,0.62690000,53.30000000,0.6347
1749261644,0.62680000,115.50000000,0.6347
1749261644,0.62660000,12.00000000,0.6347
1749261644,0.62650000,1421.20000000,0.6347
1749261644,0.62630000,99.60000000,0.6347
1749261644,0.62620000,316.10000000,0.6347
1749261644,0.62610000,1421.20000000,0.6347
1749261644,0.62600000,12.00000000,0.6347
1749261644,0.62570000,12.00000000,0.6347
1749261644,0.62550000,1543.20000000,0.6347
1749261644,0.62520000,1421.20000000,0.6347
1749261644,0.62510000,23529.80000000,0.6347
1749261644,0.62500000,32763.80000000,0.6347
1749261644,0.62470000,1484.50000000,0.6347
1749261644,0.62450000,2853.40000000,0.6347
1749261644,0.62440000,18.80000000,0.6347
1749261644,0.62430000,14.70000000,0.6347
1749261644,0.62410000,1462.50000000,0.6347
1749261644,0.62400000,584.90000000,0.6347
1749261644,0.62390000,39.70000000,0.6347
1749261644,0.62360000,1441.10000000,0.6347
1749261644,0.62320000,1421.20000000,0.6347
1749261951,0.63490000,477.60000000,0.6349
1749261951,0.63480000,711.40000000,0.6349
1749261951,0.63470000,2367.10000000,0.6349
1749261951,0.63460000,3158.60000000,0.6349
1749261951,0.63450000,4644.40000000,0.6349
1749261951,0.63440000,2513.60000000,0.6349
1749261951,0.63430000,4839.80000000,0.6349
1749261951,0.63420000,4857.70000000,0.6349
1749261951,0.63410000,9532.40000000,0.6349
1749261951,0.63400000,15627.20000000,0.6349
1749261951,0.63390000,26055.00000000,0.6349
1749261951,0.63380000,21145.90000000,0.6349
1749261951,0.63370000,11966.10000000,0.6349
1749261951,0.63360000,17242.50000000,0.6349
1749261951,0.63350000,1277.00000000,0.6349
1749261951,0.63340000,3960.00000000,0.6349
1749261951,0.63330000,4465.30000000,0.6349
1749261951,0.63320000,3382.90000000,0.6349
1749261951,0.63310000,47126.30000000,0.6349
1749261951,0.63300000,25113.00000000,0.6349
1749261951,0.63290000,7674.30000000,0.6349
1749261951,0.63280000,6076.20000000,0.6349
1749261951,0.63270000,10501.70000000,0.6349
1749261951,0.63260000,3187.80000000,0.6349
1749261951,0.63250000,3356.30000000,0.6349
1749261951,0.63240000,68868.70000000,0.6349
1749261951,0.63230000,3368.20000000,0.6349
1749261951,0.63220000,4461.70000000,0.6349
1749261951,0.63210000,9700.70000000,0.6349
1749261951,0.63200000,22462.30000000,0.6349
1749261951,0.63190000,58179.40000000,0.6349
1749261951,0.63180000,71105.00000000,0.6349
1749261951,0.63170000,3761.50000000,0.6349
1749261951,0.63160000,4461.70000000,0.6349
1749261951,0.63150000,16758.50000000,0.6349
1749261951,0.63140000,19370.00000000,0.6349
1749261951,0.63130000,4777.50000000,0.6349
1749261951,0.63120000,6458.90000000,0.6349
1749261951,0.63110000,3007.70000000,0.6349
1749261951,0.63100000,15.90000000,0.6349
1749261951,0.63090000,6168.80000000,0.6349
1749261951,0.63080000,3006.30000000,0.6349
1749261951,0.63070000,2542.50000000,0.6349
1749261951,0.63060000,24.70000000,0.6349
1749261951,0.63050000,3006.30000000,0.6349
1749261951,0.63040000,7262.30000000,0.6349
1749261951,0.63030000,15.70000000,0.6349
1749261951,0.63020000,27.60000000,0.6349
1749261951,0.63010000,4422.00000000,0.6349
1749261951,0.63000000,52.00000000,0.6349
1749261951,0.62990000,7276.50000000,0.6349
1749261951,0.62980000,57.00000000,0.6349
1749261951,0.62970000,3003.10000000,0.6349
1749261951,0.62960000,27.70000000,0.6349
1749261951,0.62950000,4486.70000000,0.6349
1749261951,0.62940000,4288.30000000,0.6349
1749261951,0.62930000,342.40000000,0.6349
1749261951,0.62920000,7739.00000000,0.6349
1749261951,0.62910000,15.80000000,0.6349
1749261951,0.62900000,1449.00000000,0.6349
1749261951,0.62890000,4279.50000000,0.6349
1749261951,0.62880000,229.20000000,0.6349
1749261951,0.62870000,1449.00000000,0.6349
1749261951,0.62860000,47015.80000000,0.6349
1749261951,0.62850000,3174.10000000,0.6349
1749261951,0.62840000,27.80000000,0.6349
1749261951,0.62830000,13417.40000000,0.6349
1749261951,0.62820000,53504.60000000,0.6349
1749261951,0.62810000,1449.00000000,0.6349
1749261951,0.62800000,2790.10000000,0.6349
1749261951,0.62790000,15.80000000,0.6349
1749261951,0.62780000,1083.30000000,0.6349
1749261951,0.62770000,15.80000000,0.6349
1749261951,0.62760000,3174.10000000,0.6349
1749261951,0.62750000,37.80000000,0.6349
1749261951,0.62740000,1448.80000000,0.6349
1749261951,0.62730000,3100.50000000,0.6349
1749261951,0.62720000,7837.20000000,0.6349
1749261951,0.62710000,1421.20000000,0.6349
1749261951,0.62700000,35.00000000,0.6349
1749261951,0.62690000,53.30000000,0.6349
1749261951,0.62680000,115.50000000,0.6349
1749261951,0.62660000,12.00000000,0.6349
1749261951,0.62650000,1421.20000000,0.6349
1749261951,0.62630000,12.00000000,0.6349
1749261951,0.62620000,316.10000000,0.6349
1749261951,0.62610000,1421.20000000,0.6349
1749261951,0.62600000,12.00000000,0.6349
1749261951,0.62570000,12.00000000,0.6349
1749261951,0.62550000,1543.20000000,0.6349
1749261951,0.62520000,1421.20000000,0.6349
1749261951,0.62510000,23455.80000000,0.6349
1749261951,0.62500000,32763.80000000,0.6349
1749261951,0.62470000,1421.20000000,0.6349
1749261951,0.62450000,2853.40000000,0.6349
1749261951,0.62440000,18.80000000,0.6349
1749261951,0.62430000,14.70000000,0.6349
1749261951,0.62410000,1462.50000000,0.6349
1749261951,0.62400000,200.30000000,0.6349
1749261951,0.62360000,1441.10000000,0.6349
1749262253,0.63660000,371.80000000,0.6366
1749262253,0.63650000,2859.30000000,0.6366
1749262253,0.63640000,3648.50000000,0.6366
1749262253,0.63630000,7729.70000000,0.6366
1749262253,0.63620000,7723.00000000,0.6366
1749262253,0.63610000,6111.20000000,0.6366
1749262253,0.63600000,6869.90000000,0.6366
1749262253,0.63590000,4694.00000000,0.6366
1749262253,0.63580000,6394.70000000,0.6366
1749262253,0.63570000,6607.50000000,0.6366
1749262253,0.63560000,11927.70000000,0.6366
1749262253,0.63550000,6899.40000000,0.6366
1749262253,0.63540000,12996.20000000,0.6366
1749262253,0.63530000,19591.50000000,0.6366
1749262253,0.63520000,6042.30000000,0.6366
1749262253,0.63510000,4830.80000000,0.6366
1749262253,0.63500000,13843.90000000,0.6366
1749262253,0.63490000,7925.50000000,0.6366
1749262253,0.63480000,4228.20000000,0.6366
1749262253,0.63470000,9796.70000000,0.6366
1749262253,0.63460000,5719.30000000,0.6366
1749262253,0.63450000,5228.70000000,0.6366
1749262253,0.63440000,3375.80000000,0.6366
1749262253,0.63430000,2253.20000000,0.6366
1749262253,0.63420000,11242.70000000,0.6366
1749262253,0.63410000,22594.50000000,0.6366
1749262253,0.63400000,2902.40000000,0.6366
1749262253,0.63390000,6516.80000000,0.6366
1749262253,0.63380000,7002.40000000,0.6366
1749262253,0.63370000,12898.50000000,0.6366
1749262253,0.63360000,3369.10000000,0.6366
1749262253,0.63350000,387.70000000,0.6366
1749262253,0.63340000,3534.10000000,0.6366
1749262253,0.63330000,12785.70000000,0.6366
1749262253,0.63320000,3374.20000000,0.6366
1749262253,0.63310000,1797.00000000,0.6366
1749262253,0.63300000,1490.00000000,0.6366
1749262253,0.63290000,7674.30000000,0.6366
1749262253,0.63280000,1797.10000000,0.6366
1749262253,0.63270000,23174.70000000,0.6366
1749262253,0.63260000,66761.20000000,0.6366
1749262253,0.63250000,16148.00000000,0.6366
1749262253,0.63240000,4604.10000000,0.6366
1749262253,0.63230000,3008.20000000,0.6366
1749262253,0.63220000,57641.50000000,0.6366
1749262253,0.63210000,1437.10000000,0.6366
1749262253,0.63200000,3008.20000000,0.6366
1749262253,0.63190000,9238.40000000,0.6366
1749262253,0.63180000,66358.20000000,0.6366
1749262253,0.63170000,3401.50000000,0.6366
1749262253,0.63160000,4101.70000000,0.6366
1749262253,0.63150000,3216.70000000,0.6366
1749262253,0.63140000,3186.10000000,0.6366
1749262253,0.63130000,4417.50000000,0.6366
1749262253,0.63120000,1130.10000000,0.6366
1749262253,0.63110000,3007.70000000,0.6366
1749262253,0.63100000,15.90000000,0.6366
1749262253,0.63090000,53168.80000000,0.6366
1749262253,0.63080000,3006.30000000,0.6366
1749262253,0.63070000,2542.50000000,0.6366
1749262253,0.63060000,24.70000000,0.6366
1749262253,0.63050000,3006.30000000,0.6366
1749262253,0.63040000,11819.10000000,0.6366
1749262253,0.63030000,53504.50000000,0.6366
1749262253,0.63020000,27.60000000,0.6366
1749262253,0.63010000,1436.90000000,0.6366
1749262253,0.63000000,52.00000000,0.6366
1749262253,0.62990000,4291.40000000,0.6366
1749262253,0.62980000,57.00000000,0.6366
1749262253,0.62970000,15.70000000,0.6366
1749262253,0.62960000,27.70000000,0.6366
1749262253,0.62950000,1499.80000000,0.6366
1749262253,0.62940000,3174.10000000,0.6366
1749262253,0.62930000,342.40000000,0.6366
1749262253,0.62920000,12919.20000000,0.6366
1749262253,0.62910000,15.80000000,0.6366
1749262253,0.62900000,1445.00000000,0.6366
1749262253,0.62890000,3158.30000000,0.6366
1749262253,0.62880000,204.60000000,0.6366
1749262253,0.62870000,1433.20000000,0.6366
1749262253,0.62850000,3158.30000000,0.6366
1749262253,0.62840000,12.00000000,0.6366
1749262253,0.62830000,1726.60000000,0.6366
1749262253,0.62810000,1433.20000000,0.6366
1749262253,0.62800000,2874.30000000,0.6366
1749262253,0.62780000,12.00000000,0.6366
1749262253,0.62760000,3158.30000000,0.6366
1749262253,0.62750000,22.00000000,0.6366
1749262253,0.62740000,1421.20000000,0.6366
1749262253,0.62730000,3100.50000000,0.6366
1749262253,0.62720000,7837.20000000,0.6366
1749262253,0.62710000,1421.20000000,0.6366
1749262253,0.62700000,35.00000000,0.6366
1749262253,0.62690000,53.30000000,0.6366
1749262253,0.62680000,115.50000000,0.6366
1749262253,0.62660000,12.00000000,0.6366
1749262253,0.62650000,1421.20000000,0.6366
1749262253,0.62630000,12.00000000,0.6366
1749262253,0.62620000,316.10000000,0.6366
1749262253,0.62610000,1421.20000000,0.6366
1749262554,0.63730000,481.80000000,0.6373
1749262554,0.63720000,3017.60000000,0.6373
1749262554,0.63710000,3265.20000000,0.6373
1749262554,0.63700000,2460.30000000,0.6373
1749262554,0.63690000,3115.10000000,0.6373
1749262554,0.63680000,5536.10000000,0.6373
1749262554,0.63670000,4010.60000000,0.6373
1749262554,0.63660000,4454.70000000,0.6373
1749262554,0.63650000,6928.10000000,0.6373
1749262554,0.63640000,5360.20000000,0.6373
1749262554,0.63630000,11374.70000000,0.6373
1749262554,0.63620000,8757.80000000,0.6373
1749262554,0.63610000,12813.50000000,0.6373
1749262554,0.63600000,25521.10000000,0.6373
1749262554,0.63590000,21262.00000000,0.6373
1749262554,0.63580000,32912.80000000,0.6373
1749262554,0.63570000,20854.60000000,0.6373
1749262554,0.63560000,11425.70000000,0.6373
1749262554,0.63550000,7181.80000000,0.6373
1749262554,0.63540000,4336.30000000,0.6373
1749262554,0.63530000,10656.70000000,0.6373
1749262554,0.63520000,13843.20000000,0.6373
1749262554,0.63510000,22664.00000000,0.6373
1749262554,0.63500000,38631.40000000,0.6373
1749262554,0.63490000,4460.60000000,0.6373
1749262554,0.63480000,384.50000000,0.6373
1749262554,0.63470000,7330.90000000,0.6373
1749262554,0.63460000,4460.60000000,0.6373
1749262554,0.63450000,10979.60000000,0.6373
1749262554,0.63440000,3367.10000000,0.6373
1749262554,0.63430000,1481.20000000,0.6373
1749262554,0.63420000,11242.70000000,0.6373
1749262554,0.63410000,5314.60000000,0.6373
1749262554,0.63400000,3329.40000000,0.6373
1749262554,0.63390000,60056.60000000,0.6373
1749262554,0.63380000,3371.30000000,0.6373
1749262554,0.63370000,85876.90000000,0.6373
1749262554,0.63360000,3369.10000000,0.6373
1749262554,0.63350000,13539.40000000,0.6373
1749262554,0.63340000,3174.10000000,0.6373
1749262554,0.63330000,4105.30000000,0.6373
1749262554,0.63320000,3014.20000000,0.6373
1749262554,0.63310000,1437.00000000,0.6373
1749262554,0.63300000,67463.50000000,0.6373
1749262554,0.63290000,6287.00000000,0.6373
1749262554,0.63280000,1437.10000000,0.6373
1749262554,0.63270000,4101.70000000,0.6373
1749262554,0.63260000,2827.80000000,0.6373
1749262554,0.63250000,2996.30000000,0.6373
1749262554,0.63240000,4604.10000000,0.6373
1749262554,0.63230000,3008.20000000,0.6373
1749262554,0.63220000,4101.70000000,0.6373
1749262554,0.63210000,1437.10000000,0.6373
1749262554,0.63200000,3008.20000000,0.6373
1749262554,0.63190000,4279.60000000,0.6373
1749262554,0.63180000,24.70000000,0.6373
1749262554,0.63170000,3401.50000000,0.6373
1749262554,0.63160000,4101.70000000,0.6373
1749262554,0.63150000,3216.70000000,0.6373
1749262554,0.63140000,3186.10000000,0.6373
1749262554,0.63130000,1437.10000000,0.6373
1749262554,0.63120000,24.70000000,0.6373
1749262554,0.63110000,7557.20000000,0.6373
1749262554,0.63100000,15.90000000,0.6373
1749262554,0.63090000,51929.30000000,0.6373
1749262554,0.63080000,27.80000000,0.6373
1749262554,0.63070000,1437.10000000,0.6373
1749262554,0.63060000,1072.00000000,0.6373
1749262554,0.63050000,27.80000000,0.6373
1749262554,0.63040000,14849.20000000,0.6373
1749262554,0.63030000,53504.50000000,0.6373
1749262554,0.63020000,27.60000000,0.6373
1749262554,0.63010000,1641.10000000,0.6373
1749262554,0.63000000,43.20000000,0.6373
1749262554,0.62990000,3186.00000000,0.6373
1749262554,0.62980000,57.00000000,0.6373
1749262554,0.62960000,12.00000000,0.6373
1749262554,0.62950000,1484.00000000,0.6373
1749262554,0.62940000,3158.30000000,0.6373
1749262554,0.62930000,326.60000000,0.6373
1749262554,0.62920000,7974.90000000,0.6373
1749262554,0.62900000,1445.00000000,0.6373
1749262554,0.62890000,3158.30000000,0.6373
1749262554,0.62870000,1433.20000000,0.6373
1749262554,0.62840000,12.00000000,0.6373
1749262554,0.62830000,1726.60000000,0.6373
1749262554,0.62810000,1433.20000000,0.6373
1749262554,0.62800000,2874.30000000,0.6373
1749262554,0.62780000,12.00000000,0.6373
1749262554,0.62770000,159.00000000,0.6373
1749262554,0.62750000,22.00000000,0.6373
1749262554,0.62740000,1421.20000000,0.6373
1749262554,0.62730000,3100.50000000,0.6373
1749262554,0.62720000,12.00000000,0.6373
1749262554,0.62710000,1421.20000000,0.6373
1749262554,0.62700000,35.00000000,0.6373
1749262554,0.62690000,53.30000000,0.6373
1749262554,0.62680000,115.50000000,0.6373
1749262554,0.62660000,12.00000000,0.6373
1749262554,0.62650000,1421.20000000,0.6373
1749262862,0.63940000,2766.90000000,0.6394
1749262862,0.63930000,3173.50000000,0.6394
1749262862,0.63920000,26506.70000000,0.6394
1749262862,0.63910000,4659.90000000,0.6394
1749262862,0.63900000,1293.40000000,0.6394
1749262862,0.63890000,1394.60000000,0.6394
1749262862,0.63880000,3985.60000000,0.6394
1749262862,0.63870000,6207.20000000,0.6394
1749262862,0.63860000,8290.60000000,0.6394
1749262862,0.63850000,9181.40000000,0.6394
1749262862,0.63840000,16561.80000000,0.6394
1749262862,0.63830000,8605.30000000,0.6394
1749262862,0.63820000,29769.40000000,0.6394
1749262862,0.63810000,62261.90000000,0.6394
1749262862,0.63800000,13420.40000000,0.6394
1749262862,0.63790000,11998.30000000,0.6394
1749262862,0.63780000,26413.80000000,0.6394
1749262862,0.63770000,4651.20000000,0.6394
1749262862,0.63760000,7759.80000000,0.6394
1749262862,0.63750000,16770.30000000,0.6394
1749262862,0.63740000,21697.50000000,0.6394
1749262862,0.63730000,7415.70000000,0.6394
1749262862,0.63720000,3347.20000000,0.6394
1749262862,0.63710000,1492.90000000,0.6394
1749262862,0.63700000,4727.40000000,0.6394
1749262862,0.63690000,2465.50000000,0.6394
1749262862,0.63680000,1492.90000000,0.6394
1749262862,0.63670000,3347.20000000,0.6394
1749262862,0.63660000,10478.10000000,0.6394
1749262862,0.63650000,2914.20000000,0.6394
1749262862,0.63640000,21114.10000000,0.6394
1749262862,0.63630000,47998.90000000,0.6394
1749262862,0.63620000,32346.80000000,0.6394
1749262862,0.63610000,3534.10000000,0.6394
1749262862,0.63600000,19384.90000000,0.6394
1749262862,0.63590000,7064.50000000,0.6394
1749262862,0.63580000,6979.20000000,0.6394
1749262862,0.63570000,66321.20000000,0.6394
1749262862,0.63560000,6072.50000000,0.6394
1749262862,0.63550000,3391.90000000,0.6394
1749262862,0.63540000,15056.70000000,0.6394
1749262862,0.63530000,4465.90000000,0.6394
1749262862,0.63520000,55835.80000000,0.6394
1749262862,0.63510000,66065.80000000,0.6394
1749262862,0.63500000,6897.80000000,0.6394
1749262862,0.63490000,4100.60000000,0.6394
1749262862,0.63480000,4941.20000000,0.6394
1749262862,0.63470000,3007.10000000,0.6394
1749262862,0.63460000,4100.60000000,0.6394
1749262862,0.63450000,4595.30000000,0.6394
1749262862,0.63440000,3007.10000000,0.6394
1749262862,0.63430000,1121.20000000,0.6394
1749262862,0.63420000,3005.30000000,0.6394
1749262862,0.63410000,19.00000000,0.6394
1749262862,0.63400000,1437.00000000,0.6394
1749262862,0.63390000,6549.20000000,0.6394
1749262862,0.63380000,3011.30000000,0.6394
1749262862,0.63370000,1437.00000000,0.6394
1749262862,0.63360000,3009.10000000,0.6394
1749262862,0.63350000,27.70000000,0.6394
1749262862,0.63340000,3174.10000000,0.6394
1749262862,0.63330000,7582.20000000,0.6394
1749262862,0.63320000,2024.50000000,0.6394
1749262862,0.63310000,57250.30000000,0.6394
1749262862,0.63300000,2390.10000000,0.6394
1749262862,0.63290000,3736.40000000,0.6394
1749262862,0.63280000,47437.10000000,0.6394
1749262862,0.63270000,15.90000000,0.6394
1749262862,0.63260000,2827.80000000,0.6394
1749262862,0.63250000,28.30000000,0.6394
1749262862,0.63240000,4908.20000000,0.6394
1749262862,0.63230000,1108.30000000,0.6394
1749262862,0.63220000,15.70000000,0.6394
1749262862,0.63210000,1436.90000000,0.6394
1749262862,0.63200000,13370.30000000,0.6394
1749262862,0.63190000,10941.00000000,0.6394
1749262862,0.63170000,11.90000000,0.6394
1749262862,0.63150000,3200.80000000,0.6394
1749262862,0.63140000,3374.00000000,0.6394
1749262862,0.63130000,1421.20000000,0.6394
1749262862,0.63120000,31.50000000,0.6394
1749262862,0.63110000,11.90000000,0.6394
1749262862,0.63090000,3173.00000000,0.6394
1749262862,0.63080000,11.90000000,0.6394
1749262862,0.63070000,1421.20000000,0.6394
1749262862,0.63060000,211.30000000,0.6394
1749262862,0.63050000,11.90000000,0.6394
1749262862,0.63040000,3158.30000000,0.6394
1749262862,0.63030000,87.10000000,0.6394
1749262862,0.63020000,11.90000000,0.6394
1749262862,0.63010000,24877.00000000,0.6394
1749262862,0.63000000,42252.90000000,0.6394
1749262862,0.62990000,978.60000000,0.6394
1749262862,0.62980000,1150.80000000,0.6394
1749262862,0.62960000,12.00000000,0.6394
1749262862,0.62950000,1421.20000000,0.6394
1749262862,0.62930000,12.00000000,0.6394
1749262862,0.62920000,435.90000000,0.6394
1749262862,0.62900000,1433.20000000,0.6394
1749262862,0.62870000,1433.20000000,0.6394
1749263164,0.64170000,1276.80000000,0.6418
1749263164,0.64160000,9324.40000000,0.6418
1749263164,0.64150000,26766.10000000,0.6418
1749263164,0.64140000,4593.10000000,0.6418
1749263164,0.64130000,6142.70000000,0.6418
1749263164,0.64120000,10552.80000000,0.6418
1749263164,0.64110000,17221.40000000,0.6418
1749263164,0.64100000,3767.70000000,0.6418
1749263164,0.64090000,11239.40000000,0.6418
1749263164,0.64080000,15545.10000000,0.6418
1749263164,0.64070000,23070.80000000,0.6418
1749263164,0.64060000,9883.00000000,0.6418
1749263164,0.64050000,6139.80000000,0.6418
1749263164,0.64040000,11233.60000000,0.6418
1749263164,0.64030000,4217.10000000,0.6418
1749263164,0.64020000,12836.20000000,0.6418
1749263164,0.64010000,5364.30000000,0.6418
1749263164,0.64000000,6337.70000000,0.6418
1749263164,0.63990000,6500.20000000,0.6418
1749263164,0.63980000,3954.40000000,0.6418
1749263164,0.63970000,4763.10000000,0.6418
1749263164,0.63960000,3445.80000000,0.6418
1749263164,0.63950000,5987.90000000,0.6418
1749263164,0.63940000,7299.40000000,0.6418
1749263164,0.63930000,8190.10000000,0.6418
1749263164,0.63920000,71385.80000000,0.6418
1749263164,0.63910000,6358.00000000,0.6418
1749263164,0.63900000,6502.60000000,0.6418
1749263164,0.63890000,2914.10000000,0.6418
1749263164,0.63880000,375.70000000,0.6418
1749263164,0.63870000,4756.80000000,0.6418
1749263164,0.63860000,7611.10000000,0.6418
1749263164,0.63850000,5760.70000000,0.6418
1749263164,0.63840000,21925.20000000,0.6418
1749263164,0.63830000,4452.80000000,0.6418
1749263164,0.63820000,3534.00000000,0.6418
1749263164,0.63810000,3362.30000000,0.6418
1749263164,0.63800000,2914.10000000,0.6418
1749263164,0.63790000,3342.50000000,0.6418
1749263164,0.63780000,23692.90000000,0.6418
1749263164,0.63770000,4291.20000000,0.6418
1749263164,0.63760000,1436.90000000,0.6418
1749263164,0.63750000,15.70000000,0.6418
1749263164,0.63740000,4584.50000000,0.6418
1749263164,0.63730000,3174.00000000,0.6418
1749263164,0.63720000,2987.20000000,0.6418
1749263164,0.63710000,1132.90000000,0.6418
1749263164,0.63700000,4408.40000000,0.6418
1749263164,0.63690000,15.70000000,0.6418
1749263164,0.63680000,1132.90000000,0.6418
1749263164,0.63670000,7876.40000000,0.6418
1749263164,0.63660000,72219.50000000,0.6418
1749263164,0.63650000,2554.20000000,0.6418
1749263164,0.63640000,3259.20000000,0.6418
1749263164,0.63630000,66065.80000000,0.6418
1749263164,0.63620000,4420.30000000,0.6418
1749263164,0.63610000,56017.50000000,0.6418
1749263164,0.63600000,24.50000000,0.6418
1749263164,0.63590000,4563.50000000,0.6418
1749263164,0.63580000,2990.10000000,0.6418
1749263164,0.63570000,15.80000000,0.6418
1749263164,0.63560000,50607.10000000,0.6418
1749263164,0.63550000,3423.30000000,0.6418
1749263164,0.63540000,1445.70000000,0.6418
1749263164,0.63530000,7822.30000000,0.6418
1749263164,0.63520000,15.80000000,0.6418
1749263164,0.63510000,15.80000000,0.6418
1749263164,0.63500000,6537.80000000,0.6418
1749263164,0.63490000,2269.30000000,0.6418
1749263164,0.63480000,3185.30000000,0.6418
1749263164,0.63470000,392.00000000,0.6418
1749263164,0.63460000,15.80000000,0.6418
1749263164,0.63450000,4595.30000000,0.6418
1749263164,0.63440000,27.70000000,0.6418
1749263164,0.63430000,15.80000000,0.6418
1749263164,0.63420000,15.60000000,0.6418
1749263164,0.63410000,3.20000000,0.6418
1749263164,0.63400000,1421.20000000,0.6418
1749263164,0.63390000,4231.20000000,0.6418
1749263164,0.63380000,1744.40000000,0.6418
1749263164,0.63370000,1421.20000000,0.6418
1749263164,0.63350000,169.40000000,0.6418
1749263164,0.63340000,3158.30000000,0.6418
1749263164,0.63330000,62.80000000,0.6418
1749263164,0.63320000,11686.90000000,0.6418
1749263164,0.63310000,54170.50000000,0.6418
1749263164,0.63290000,3405.10000000,0.6418
1749263164,0.63280000,1421.20000000,0.6418
1749263164,0.63270000,203.40000000,0.6418
1749263164,0.63260000,2811.90000000,0.6418
1749263164,0.63250000,12.60000000,0.6418
1749263164,0.63240000,4579.50000000,0.6418
1749263164,0.63230000,11.90000000,0.6418
1749263164,0.63220000,6262.20000000,0.6418
1749263164,0.63210000,1789.70000000,0.6418
1749263164,0.63200000,1679.60000000,0.6418
1749263164,0.63190000,10925.30000000,0.6418
1749263164,0.63180000,329.20000000,0.6418
1749263164,0.63170000,643.90000000,0.6418
1749263164,0.63160000,2212.70000000,0.6418
1749263465,0.64190000,2503.00000000,0.6419
1749263465,0.64180000,7836.70000000,0.6419
1749263465,0.64170000,9022.70000000,0.6419
1749263465,0.64160000,4636.70000000,0.6419
1749263465,0.64150000,4123.20000000,0.6419
1749263465,0.64140000,2700.40000000,0.6419
1749263465,0.64130000,8534.70000000,0.6419
1749263465,0.64120000,3039.60000000,0.6419
1749263465,0.64110000,3089.60000000,0.6419
1749263465,0.64100000,8721.90000000,0.6419
1749263465,0.64090000,22276.60000000,0.6419
1749263465,0.64080000,22738.80000000,0.6419
1749263465,0.64070000,6942.00000000,0.6419
1749263465,0.64060000,11149.40000000,0.6419
1749263465,0.64050000,14039.70000000,0.6419
1749263465,0.64040000,16818.60000000,0.6419
1749263465,0.64030000,4509.40000000,0.6419
1749263465,0.64020000,3338.70000000,0.6419
1749263465,0.64010000,2273.80000000,0.6419
1749263465,0.64000000,2826.40000000,0.6419
1749263465,0.63990000,18375.60000000,0.6419
1749263465,0.63980000,84846.30000000,0.6419
1749263465,0.63970000,28598.30000000,0.6419
1749263465,0.63960000,3340.00000000,0.6419
1749263465,0.63950000,5987.90000000,0.6419
1749263465,0.63940000,7299.40000000,0.6419
1749263465,0.63930000,8190.10000000,0.6419
1749263465,0.63920000,4452.80000000,0.6419
1749263465,0.63910000,375.70000000,0.6419
1749263465,0.63900000,8421.20000000,0.6419
1749263465,0.63890000,8887.40000000,0.6419
1749263465,0.63880000,375.70000000,0.6419
1749263465,0.63870000,43838.30000000,0.6419
1749263465,0.63860000,50120.90000000,0.6419
1749263465,0.63850000,24660.40000000,0.6419
1749263465,0.63840000,854.90000000,0.6419
1749263465,0.63830000,4452.80000000,0.6419
1749263465,0.63820000,3558.30000000,0.6419
1749263465,0.63810000,3609.10000000,0.6419
1749263465,0.63800000,5771.30000000,0.6419
1749263465,0.63790000,55825.90000000,0.6419
1749263465,0.63780000,4412.40000000,0.6419
1749263465,0.63770000,4291.20000000,0.6419
1749263465,0.63760000,1436.90000000,0.6419
1749263465,0.63750000,69019.60000000,0.6419
1749263465,0.63740000,17835.50000000,0.6419
1749263465,0.63730000,3174.00000000,0.6419
1749263465,0.63720000,2987.20000000,0.6419
1749263465,0.63710000,27.50000000,0.6419
1749263465,0.63700000,5160.60000000,0.6419
1749263465,0.63690000,15.70000000,0.6419
1749263465,0.63680000,27.50000000,0.6419
1749263465,0.63670000,4664.60000000,0.6419
1749263465,0.63660000,4938.50000000,0.6419
1749263465,0.63650000,6339.80000000,0.6419
1749263465,0.63640000,3594.30000000,0.6419
1749263465,0.63630000,2159.60000000,0.6419
1749263465,0.63620000,1448.80000000,0.6419
1749263465,0.63610000,3331.00000000,0.6419
1749263465,0.63600000,24.50000000,0.6419
1749263465,0.63590000,1588.70000000,0.6419
1749263465,0.63580000,15.80000000,0.6419
1749263465,0.63570000,31.50000000,0.6419
1749263465,0.63560000,59220.00000000,0.6419
1749263465,0.63550000,448.30000000,0.6419
1749263465,0.63540000,2810.00000000,0.6419
1749263465,0.63530000,11702.40000000,0.6419
1749263465,0.63520000,52764.90000000,0.6419
1749263465,0.63510000,15.60000000,0.6419
1749263465,0.63500000,4607.00000000,0.6419
1749263465,0.63490000,15.60000000,0.6419
1749263465,0.63480000,15.60000000,0.6419
1749263465,0.63470000,339.40000000,0.6419
1749263465,0.63460000,15.60000000,0.6419
1749263465,0.63450000,4595.10000000,0.6419
1749263465,0.63440000,27.50000000,0.6419
1749263465,0.63410000,206.10000000,0.6419
1749263465,0.63400000,1421.20000000,0.6419
1749263465,0.63390000,3158.30000000,0.6419
1749263465,0.63380000,11.90000000,0.6419
1749263465,0.63370000,1421.20000000,0.6419
1749263465,0.63360000,52.50000000,0.6419
1749263465,0.63350000,11.90000000,0.6419
1749263465,0.63340000,11553.10000000,0.6419
1749263465,0.63330000,378.00000000,0.6419
1749263465,0.63320000,23467.70000000,0.6419
1749263465,0.63310000,3536.90000000,0.6419
1749263465,0.63300000,630.80000000,0.6419
1749263465,0.63290000,132.40000000,0.6419
1749263465,0.63280000,1421.20000000,0.6419
1749263465,0.63270000,315.50000000,0.6419
1749263465,0.63260000,2811.90000000,0.6419
1749263465,0.63250000,170.40000000,0.6419
1749263465,0.63240000,1421.20000000,0.6419
1749263465,0.63230000,6273.10000000,0.6419
1749263465,0.63210000,1737.00000000,0.6419
1749263465,0.63200000,1679.60000000,0.6419
1749263465,0.63180000,313.30000000,0.6419
1749263465,0.63170000,11.90000000,0.6419
1749263465,0.63150000,3200.80000000,0.6419
1749263772,0.64250000,24.20000000,0.6426
1749263772,0.64240000,2153.60000000,0.6426
1749263772,0.64230000,3764.60000000,0.6426
1749263772,0.64220000,2460.00000000,0.6426
1749263772,0.64210000,4216.10000000,0.6426
1749263772,0.64200000,3475.00000000,0.6426
1749263772,0.64190000,4727.60000000,0.6426
1749263772,0.64180000,5413.30000000,0.6426
1749263772,0.64170000,8262.90000000,0.6426
1749263772,0.64160000,3790.50000000,0.6426
1749263772,0.64150000,6432.00000000,0.6426
1749263772,0.64140000,17713.90000000,0.6426
1749263772,0.64130000,18340.90000000,0.6426
1749263772,0.64120000,27098.40000000,0.6426
1749263772,0.64110000,11366.00000000,0.6426
1749263772,0.64100000,5193.70000000,0.6426
1749263772,0.64090000,8366.80000000,0.6426
1749263772,0.64080000,8148.10000000,0.6426
1749263772,0.64070000,23791.80000000,0.6426
1749263772,0.64060000,3456.30000000,0.6426
1749263772,0.64050000,5106.50000000,0.6426
1749263772,0.64040000,33366.70000000,0.6426
1749263772,0.64030000,69868.70000000,0.6426
1749263772,0.64020000,15867.10000000,0.6426
1749263772,0.64010000,1492.90000000,0.6426
1749263772,0.64000000,5952.30000000,0.6426
1749263772,0.63990000,6488.40000000,0.6426
1749263772,0.63980000,7467.50000000,0.6426
1749263772,0.63970000,4751.30000000,0.6426
1749263772,0.63960000,3340.00000000,0.6426
1749263772,0.63950000,5987.90000000,0.6426
1749263772,0.63940000,7299.40000000,0.6426
1749263772,0.63930000,8213.40000000,0.6426
1749263772,0.63920000,23279.60000000,0.6426
1749263772,0.63910000,804.10000000,0.6426
1749263772,0.63900000,53809.10000000,0.6426
1749263772,0.63890000,55397.50000000,0.6426
1749263772,0.63880000,375.70000000,0.6426
1749263772,0.63870000,43478.30000000,0.6426
1749263772,0.63860000,7611.10000000,0.6426
1749263772,0.63850000,1796.90000000,0.6426
1749263772,0.63840000,65.70000000,0.6426
1749263772,0.63830000,4452.80000000,0.6426
1749263772,0.63820000,3174.00000000,0.6426
1749263772,0.63810000,2977.90000000,0.6426
1749263772,0.63800000,5771.30000000,0.6426
1749263772,0.63790000,2982.50000000,0.6426
1749263772,0.63780000,4412.40000000,0.6426
1749263772,0.63770000,4291.20000000,0.6426
1749263772,0.63760000,1436.90000000,0.6426
1749263772,0.63750000,69019.60000000,0.6426
1749263772,0.63740000,3479.10000000,0.6426
1749263772,0.63730000,8054.20000000,0.6426
1749263772,0.63720000,2987.20000000,0.6426
1749263772,0.63710000,27.50000000,0.6426
1749263772,0.63700000,4408.40000000,0.6426
1749263772,0.63690000,15.70000000,0.6426
1749263772,0.63680000,27.50000000,0.6426
1749263772,0.63670000,28.10000000,0.6426
1749263772,0.63660000,3302.60000000,0.6426
1749263772,0.63650000,1448.80000000,0.6426
1749263772,0.63640000,7482.10000000,0.6426
1749263772,0.63630000,15.80000000,0.6426
1749263772,0.63620000,1448.80000000,0.6426
1749263772,0.63610000,3174.10000000,0.6426
1749263772,0.63600000,1742.30000000,0.6426
1749263772,0.63590000,1588.70000000,0.6426
1749263772,0.63580000,15.80000000,0.6426
1749263772,0.63570000,15.60000000,0.6426
1749263772,0.63560000,51746.80000000,0.6426
1749263772,0.63550000,448.30000000,0.6426
1749263772,0.63540000,2698.30000000,0.6426
1749263772,0.63530000,11702.40000000,0.6426
1749263772,0.63520000,52764.90000000,0.6426
1749263772,0.63510000,15.60000000,0.6426
1749263772,0.63500000,4764.20000000,0.6426
1749263772,0.63480000,52.50000000,0.6426
1749263772,0.63470000,323.80000000,0.6426
1749263772,0.63450000,4579.50000000,0.6426
1749263772,0.63440000,11.90000000,0.6426
1749263772,0.63410000,3.20000000,0.6426
1749263772,0.63400000,1421.20000000,0.6426
1749263772,0.63390000,3158.30000000,0.6426
1749263772,0.63380000,11.90000000,0.6426
1749263772,0.63370000,1421.20000000,0.6426
1749263772,0.63350000,57017.20000000,0.6426
1749263772,0.63340000,10906.90000000,0.6426
1749263772,0.63330000,62.80000000,0.6426
1749263772,0.63320000,11.90000000,0.6426
1749263772,0.63310000,1487.40000000,0.6426
1749263772,0.63300000,6306.40000000,0.6426
1749263772,0.63290000,132.40000000,0.6426
1749263772,0.63280000,1578.90000000,0.6426
1749263772,0.63260000,2811.90000000,0.6426
1749263772,0.63250000,12.60000000,0.6426
1749263772,0.63240000,1497.50000000,0.6426
1749263772,0.63230000,11.90000000,0.6426
1749263772,0.63210000,1421.20000000,0.6426
1749263772,0.63200000,1679.60000000,0.6426
1749263772,0.63180000,313.30000000,0.6426
1749264074,0.64060000,1093.10000000,0.6407
1749264074,0.64050000,384.30000000,0.6407
1749264074,0.64040000,3447.50000000,0.6407
1749264074,0.64030000,2510.10000000,0.6407
1749264074,0.64020000,4782.60000000,0.6407
1749264074,0.64010000,7968.70000000,0.6407
1749264074,0.64000000,2765.00000000,0.6407
1749264074,0.63990000,4146.50000000,0.6407
1749264074,0.63980000,3255.80000000,0.6407
1749264074,0.63970000,5413.80000000,0.6407
1749264074,0.63960000,1913.90000000,0.6407
1749264074,0.63950000,17774.90000000,0.6407
1749264074,0.63940000,27540.50000000,0.6407
1749264074,0.63930000,3661.60000000,0.6407
1749264074,0.63920000,8844.60000000,0.6407
1749264074,0.63910000,29496.50000000,0.6407
1749264074,0.63900000,16878.60000000,0.6407
1749264074,0.63890000,2902.30000000,0.6407
1749264074,0.63880000,11009.00000000,0.6407
1749264074,0.63870000,4875.70000000,0.6407
1749264074,0.63860000,7599.30000000,0.6407
1749264074,0.63850000,3480.90000000,0.6407
1749264074,0.63840000,2251.40000000,0.6407
1749264074,0.63830000,19669.30000000,0.6407
1749264074,0.63820000,95479.20000000,0.6407
1749264074,0.63810000,4455.00000000,0.6407
1749264074,0.63800000,5014.10000000,0.6407
1749264074,0.63790000,3342.50000000,0.6407
1749264074,0.63780000,39461.80000000,0.6407
1749264074,0.63770000,3846.60000000,0.6407
1749264074,0.63760000,7782.40000000,0.6407
1749264074,0.63750000,7301.90000000,0.6407
1749264074,0.63740000,43332.60000000,0.6407
1749264074,0.63730000,24368.40000000,0.6407
1749264074,0.63720000,396.20000000,0.6407
1749264074,0.63710000,4069.50000000,0.6407
1749264074,0.63700000,4755.40000000,0.6407
1749264074,0.63690000,52870.80000000,0.6407
1749264074,0.63680000,15.70000000,0.6407
1749264074,0.63670000,3327.30000000,0.6407
1749264074,0.63660000,7377.70000000,0.6407
1749264074,0.63650000,17188.00000000,0.6407
1749264074,0.63640000,16218.20000000,0.6407
1749264074,0.63630000,27.30000000,0.6407
1749264074,0.63620000,4395.30000000,0.6407
1749264074,0.63610000,70329.30000000,0.6407
1749264074,0.63600000,36.00000000,0.6407
1749264074,0.63590000,1733.60000000,0.6407
1749264074,0.63580000,15.60000000,0.6407
1749264074,0.63570000,3375.70000000,0.6407
1749264074,0.63560000,5700.50000000,0.6407
1749264074,0.63550000,56.90000000,0.6407
1749264074,0.63540000,1457.20000000,0.6407
1749264074,0.63530000,15754.50000000,0.6407
1749264074,0.63520000,52764.90000000,0.6407
1749264074,0.63510000,27.30000000,0.6407
1749264074,0.63500000,4595.10000000,0.6407
1749264074,0.63490000,15.60000000,0.6407
1749264074,0.63480000,36.10000000,0.6407
1749264074,0.63470000,327.50000000,0.6407
1749264074,0.63460000,7491.20000000,0.6407
1749264074,0.63450000,1448.60000000,0.6407
1749264074,0.63440000,131.90000000,0.6407
1749264074,0.63430000,15.60000000,0.6407
1749264074,0.63420000,15.60000000,0.6407
1749264074,0.63410000,3376.80000000,0.6407
1749264074,0.63400000,1436.80000000,0.6407
1749264074,0.63390000,15.60000000,0.6407
1749264074,0.63380000,15.60000000,0.6407
1749264074,0.63370000,2497.00000000,0.6407
1749264074,0.63360000,15.60000000,0.6407
1749264074,0.63350000,69471.40000000,0.6407
1749264074,0.63340000,7764.30000000,0.6407
1749264074,0.63330000,78.50000000,0.6407
1749264074,0.63320000,15.70000000,0.6407
1749264074,0.63310000,1503.10000000,0.6407
1749264074,0.63290000,120.50000000,0.6407
1749264074,0.63280000,1421.20000000,0.6407
1749264074,0.63260000,2800.00000000,0.6407
1749264074,0.63250000,88.90000000,0.6407
1749264074,0.63240000,1421.20000000,0.6407
1749264074,0.63210000,1421.20000000,0.6407
1749264074,0.63200000,1667.70000000,0.6407
1749264074,0.63180000,313.30000000,0.6407
1749264074,0.63150000,1779.60000000,0.6407
1749264074,0.63120000,19.70000000,0.6407
1749264074,0.63100000,33549.50000000,0.6407
1749264074,0.63090000,14.70000000,0.6407
1749264074,0.63060000,1377.30000000,0.6407
1749264074,0.63010000,47.60000000,0.6407
1749264074,0.63000000,502.00000000,0.6407
1749264074,0.62990000,3143.30000000,0.6407
1749264074,0.62980000,41.30000000,0.6407
1749264074,0.62960000,16.10000000,0.6407
1749264074,0.62950000,39.40000000,0.6407
1749264074,0.62920000,121.30000000,0.6407
1749264074,0.62860000,7807.70000000,0.6407
1749264074,0.62850000,794.10000000,0.6407
1749264074,0.62830000,8117.10000000,0.6407
1749264074,0.62800000,7915.20000000,0.6407
1749264375,0.64160000,375.60000000,0.6417
1749264375,0.64150000,1666.20000000,0.6417
1749264375,0.64140000,3591.00000000,0.6417
1749264375,0.64130000,2468.40000000,0.6417
1749264375,0.64120000,4508.00000000,0.6417
1749264375,0.64110000,3331.90000000,0.6417
1749264375,0.64100000,3926.70000000,0.6417
1749264375,0.64090000,4793.20000000,0.6417
1749264375,0.64080000,5409.90000000,0.6417
1749264375,0.64070000,19114.60000000,0.6417
1749264375,0.64060000,24663.20000000,0.6417
1749264375,0.64050000,32922.00000000,0.6417
1749264375,0.64040000,21087.50000000,0.6417
1749264375,0.64030000,9599.70000000,0.6417
1749264375,0.64020000,9465.50000000,0.6417
1749264375,0.64010000,11115.10000000,0.6417
1749264375,0.64000000,13922.40000000,0.6417
1749264375,0.63990000,5947.50000000,0.6417
1749264375,0.63980000,39950.20000000,0.6417
1749264375,0.63970000,14249.60000000,0.6417
1749264375,0.63960000,36464.90000000,0.6417
1749264375,0.63950000,14470.50000000,0.6417
1749264375,0.63940000,14871.30000000,0.6417
1749264375,0.63930000,10010.30000000,0.6417
1749264375,0.63920000,1481.10000000,0.6417
1749264375,0.63910000,3464.70000000,0.6417
1749264375,0.63900000,6737.40000000,0.6417
1749264375,0.63890000,4748.20000000,0.6417
1749264375,0.63880000,11821.40000000,0.6417
1749264375,0.63870000,4767.60000000,0.6417
1749264375,0.63860000,7599.30000000,0.6417
1749264375,0.63850000,11215.10000000,0.6417
1749264375,0.63840000,567.40000000,0.6417
1749264375,0.63830000,3360.00000000,0.6417
1749264375,0.63820000,3534.00000000,0.6417
1749264375,0.63810000,4886.60000000,0.6417
1749264375,0.63800000,5014.10000000,0.6417
1749264375,0.63790000,9333.40000000,0.6417
1749264375,0.63780000,31518.40000000,0.6417
1749264375,0.63770000,3846.60000000,0.6417
1749264375,0.63760000,2902.30000000,0.6417
1749264375,0.63750000,7301.90000000,0.6417
1749264375,0.63740000,69771.70000000,0.6417
1749264375,0.63730000,5096.50000000,0.6417
1749264375,0.63720000,396.20000000,0.6417
1749264375,0.63710000,4069.50000000,0.6417
1749264375,0.63700000,4395.40000000,0.6417
1749264375,0.63690000,52870.80000000,0.6417
1749264375,0.63680000,15.70000000,0.6417
1749264375,0.63670000,2967.30000000,0.6417
1749264375,0.63660000,7377.70000000,0.6417
1749264375,0.63650000,6386.80000000,0.6417
1749264375,0.63640000,16218.20000000,0.6417
1749264375,0.63630000,338.70000000,0.6417
1749264375,0.63620000,4395.30000000,0.6417
1749264375,0.63610000,70329.30000000,0.6417
1749264375,0.63600000,36.00000000,0.6417
1749264375,0.63590000,4535.70000000,0.6417
1749264375,0.63580000,15.60000000,0.6417
1749264375,0.63570000,3375.70000000,0.6417
1749264375,0.63560000,5700.50000000,0.6417
1749264375,0.63550000,3016.80000000,0.6417
1749264375,0.63540000,1457.20000000,0.6417
1749264375,0.63530000,11563.20000000,0.6417
1749264375,0.63520000,52764.90000000,0.6417
1749264375,0.63510000,27.30000000,0.6417
1749264375,0.63500000,4595.10000000,0.6417
1749264375,0.63490000,46015.60000000,0.6417
1749264375,0.63480000,36.10000000,0.6417
1749264375,0.63470000,327.50000000,0.6417
1749264375,0.63460000,15.60000000,0.6417
1749264375,0.63450000,1448.60000000,0.6417
1749264375,0.63440000,15.60000000,0.6417
1749264375,0.63430000,15.60000000,0.6417
1749264375,0.63420000,27.40000000,0.6417
1749264375,0.63410000,3376.80000000,0.6417
1749264375,0.63400000,1421.20000000,0.6417
1749264375,0.63390000,11.80000000,0.6417
1749264375,0.63380000,1890.00000000,0.6417
1749264375,0.63370000,2481.40000000,0.6417
1749264375,0.63340000,7748.60000000,0.6417
1749264375,0.63330000,62.80000000,0.6417
1749264375,0.63310000,1421.20000000,0.6417
1749264375,0.63290000,237.00000000,0.6417
1749264375,0.63280000,1421.20000000,0.6417
1749264375,0.63260000,2800.00000000,0.6417
1749264375,0.63250000,12.60000000,0.6417
1749264375,0.63240000,1421.20000000,0.6417
1749264375,0.63210000,1421.20000000,0.6417
1749264375,0.63200000,1667.70000000,0.6417
1749264375,0.63180000,313.30000000,0.6417
1749264375,0.63150000,1779.60000000,0.6417
1749264375,0.63120000,19.70000000,0.6417
1749264375,0.63110000,35130.80000000,0.6417
1749264375,0.63100000,33549.50000000,0.6417
1749264375,0.63090000,14.70000000,0.6417
1749264375,0.63080000,66.40000000,0.6417
1749264375,0.63060000,1453.80000000,0.6417
1749264375,0.63050000,158.30000000,0.6417
1749264375,0.63000000,502.00000000,0.6417
1749264676,0.64320000,2234.70000000,0.6432
1749264676,0.64310000,4510.00000000,0.6432
1749264676,0.64300000,5869.70000000,0.6432
1749264676,0.64290000,3635.50000000,0.6432
1749264676,0.64280000,4109.90000000,0.6432
1749264676,0.64270000,5843.50000000,0.6432
1749264676,0.64260000,4398.30000000,0.6432
1749264676,0.64250000,11950.20000000,0.6432
1749264676,0.64240000,14056.20000000,0.6432
1749264676,0.64230000,12968.80000000,0.6432
1749264676,0.64220000,42914.60000000,0.6432
1749264676,0.64210000,27230.40000000,0.6432
1749264676,0.64200000,4683.60000000,0.6432
1749264676,0.64190000,3342.30000000,0.6432
1749264676,0.64180000,5250.90000000,0.6432
1749264676,0.64170000,11886.50000000,0.6432
1749264676,0.64160000,10086.40000000,0.6432
1749264676,0.64150000,35365.40000000,0.6432
1749264676,0.64140000,10526.30000000,0.6432
1749264676,0.64130000,24185.80000000,0.6432
1749264676,0.64120000,6869.00000000,0.6432
1749264676,0.64110000,4896.00000000,0.6432
1749264676,0.64100000,9935.60000000,0.6432
1749264676,0.64090000,7570.00000000,0.6432
1749264676,0.64080000,5229.90000000,0.6432
1749264676,0.64070000,5417.40000000,0.6432
1749264676,0.64060000,4105.70000000,0.6432
1749264676,0.64050000,6980.90000000,0.6432
1749264676,0.64040000,4339.50000000,0.6432
1749264676,0.64030000,10077.30000000,0.6432
1749264676,0.64020000,16864.30000000,0.6432
1749264676,0.64010000,13230.70000000,0.6432
1749264676,0.64000000,3534.00000000,0.6432
1749264676,0.63990000,4764.00000000,0.6432
1749264676,0.63980000,1481.10000000,0.6432
1749264676,0.63970000,11140.50000000,0.6432
1749264676,0.63960000,53665.80000000,0.6432
1749264676,0.63950000,8931.40000000,0.6432
1749264676,0.63940000,16609.60000000,0.6432
1749264676,0.63930000,19263.50000000,0.6432
1749264676,0.63920000,67426.50000000,0.6432
1749264676,0.63910000,2974.70000000,0.6432
1749264676,0.63900000,11019.50000000,0.6432
1749264676,0.63890000,3607.50000000,0.6432
1749264676,0.63880000,3640.90000000,0.6432
1749264676,0.63870000,4407.60000000,0.6432
1749264676,0.63860000,73289.30000000,0.6432
1749264676,0.63850000,1436.90000000,0.6432
1749264676,0.63840000,77.40000000,0.6432
1749264676,0.63830000,2975.60000000,0.6432
1749264676,0.63820000,3174.00000000,0.6432
1749264676,0.63810000,4095.00000000,0.6432
1749264676,0.63800000,4654.10000000,0.6432
1749264676,0.63790000,2982.50000000,0.6432
1749264676,0.63780000,4405.70000000,0.6432
1749264676,0.63770000,3174.00000000,0.6432
1749264676,0.63760000,1436.90000000,0.6432
1749264676,0.63750000,27.40000000,0.6432
1749264676,0.63740000,10439.50000000,0.6432
1749264676,0.63730000,4736.50000000,0.6432
1749264676,0.63720000,36.20000000,0.6432
1749264676,0.63710000,2964.50000000,0.6432
1749264676,0.63700000,47747.70000000,0.6432
1749264676,0.63690000,27.40000000,0.6432
1749264676,0.63680000,15.70000000,0.6432
1749264676,0.63670000,15.70000000,0.6432
1749264676,0.63660000,4386.80000000,0.6432
1749264676,0.63650000,1489.50000000,0.6432
1749264676,0.63640000,15.60000000,0.6432
1749264676,0.63630000,27.30000000,0.6432
1749264676,0.63620000,1436.80000000,0.6432
1749264676,0.63610000,4333.10000000,0.6432
1749264676,0.63600000,27.30000000,0.6432
1749264676,0.63590000,3460.40000000,0.6432
1749264676,0.63580000,15.60000000,0.6432
1749264676,0.63570000,418.60000000,0.6432
1749264676,0.63560000,4579.50000000,0.6432
1749264676,0.63550000,41.30000000,0.6432
1749264676,0.63540000,1432.90000000,0.6432
1749264676,0.63530000,11675.00000000,0.6432
1749264676,0.63520000,52749.30000000,0.6432
1749264676,0.63510000,11.70000000,0.6432
1749264676,0.63500000,4579.50000000,0.6432
1749264676,0.63480000,11.80000000,0.6432
1749264676,0.63450000,1433.00000000,0.6432
1749264676,0.63420000,11.80000000,0.6432
1749264676,0.63410000,3361.20000000,0.6432
1749264676,0.63400000,1421.20000000,0.6432
1749264676,0.63390000,11.80000000,0.6432
1749264676,0.63380000,1562.00000000,0.6432
1749264676,0.63370000,1421.20000000,0.6432
1749264676,0.63340000,7748.60000000,0.6432
1749264676,0.63330000,62.80000000,0.6432
1749264676,0.63310000,1421.20000000,0.6432
1749264676,0.63290000,120.50000000,0.6432
1749264676,0.63280000,1421.20000000,0.6432
1749264676,0.63270000,157.70000000,0.6432
1749264676,0.63260000,2800.00000000,0.6432
1749264676,0.63250000,12.60000000,0.6432
1749264676,0.63240000,1421.20000000,0.6432
1749264978,0.64600000,559.20000000,0.6461
1749264978,0.64590000,3233.50000000,0.6461
1749264978,0.64580000,5929.10000000,0.6461
1749264978,0.64570000,4432.40000000,0.6461
1749264978,0.64560000,4249.10000000,0.6461
1749264978,0.64550000,4824.70000000,0.6461
1749264978,0.64540000,8356.30000000,0.6461
1749264978,0.64530000,17680.00000000,0.6461
1749264978,0.64520000,21255.90000000,0.6461
1749264978,0.64510000,19681.30000000,0.6461
1749264978,0.64500000,18642.00000000,0.6461
1749264978,0.64490000,16648.60000000,0.6461
1749264978,0.64480000,8706.60000000,0.6461
1749264978,0.64470000,20234.10000000,0.6461
1749264978,0.64460000,4056.10000000,0.6461
1749264978,0.64450000,17642.40000000,0.6461
1749264978,0.64440000,11019.20000000,0.6461
1749264978,0.64430000,18907.80000000,0.6461
1749264978,0.64420000,17204.20000000,0.6461
1749264978,0.64410000,14502.60000000,0.6461
1749264978,0.64400000,28596.70000000,0.6461
1749264978,0.64390000,3313.50000000,0.6461
1749264978,0.64380000,1203.50000000,0.6461
1749264978,0.64370000,4734.70000000,0.6461
1749264978,0.64360000,4419.30000000,0.6461
1749264978,0.64350000,17250.30000000,0.6461
1749264978,0.64340000,375.60000000,0.6461
1749264978,0.64330000,8384.00000000,0.6461
1749264978,0.64320000,395.90000000,0.6461
1749264978,0.64310000,5158.40000000,0.6461
1749264978,0.64300000,7580.40000000,0.6461
1749264978,0.64290000,387.30000000,0.6461
1749264978,0.64280000,3314.80000000,0.6461
1749264978,0.64270000,1502.30000000,0.6461
1749264978,0.64260000,11381.30000000,0.6461
1749264978,0.64250000,4955.10000000,0.6461
1749264978,0.64240000,17677.20000000,0.6461
1749264978,0.64230000,27.30000000,0.6461
1749264978,0.64220000,3318.90000000,0.6461
1749264978,0.64210000,1121.00000000,0.6461
1749264978,0.64200000,3194.20000000,0.6461
1749264978,0.64190000,10280.70000000,0.6461
1749264978,0.64180000,7684.90000000,0.6461
1749264978,0.64170000,18832.80000000,0.6461
1749264978,0.64160000,2962.10000000,0.6461
1749264978,0.64150000,31143.20000000,0.6461
1749264978,0.64140000,91960.80000000,0.6461
1749264978,0.64130000,4387.00000000,0.6461
1749264978,0.64120000,1551.60000000,0.6461
1749264978,0.64110000,70586.00000000,0.6461
1749264978,0.64100000,5374.10000000,0.6461
1749264978,0.64090000,2966.80000000,0.6461
1749264978,0.64080000,4869.90000000,0.6461
1749264978,0.64070000,15.70000000,0.6461
1749264978,0.64060000,3745.70000000,0.6461
1749264978,0.64050000,6491.30000000,0.6461
1749264978,0.64040000,15.70000000,0.6461
1749264978,0.64030000,3866.20000000,0.6461
1749264978,0.64020000,815.00000000,0.6461
1749264978,0.64010000,10396.20000000,0.6461
1749264978,0.64000000,3174.00000000,0.6461
1749264978,0.63990000,1448.70000000,0.6461
1749264978,0.63980000,46015.70000000,0.6461
1749264978,0.63970000,15.70000000,0.6461
1749264978,0.63960000,36.00000000,0.6461
1749264978,0.63950000,6312.20000000,0.6461
1749264978,0.63940000,52765.00000000,0.6461
1749264978,0.63930000,1950.40000000,0.6461
1749264978,0.63920000,404.80000000,0.6461
1749264978,0.63910000,15.70000000,0.6461
1749264978,0.63900000,3185.70000000,0.6461
1749264978,0.63890000,1436.90000000,0.6461
1749264978,0.63880000,15.50000000,0.6461
1749264978,0.63870000,1552.40000000,0.6461
1749264978,0.63860000,3502.10000000,0.6461
1749264978,0.63850000,4719.60000000,0.6461
1749264978,0.63840000,53.00000000,0.6461
1749264978,0.63820000,3158.30000000,0.6461
1749264978,0.63810000,11.70000000,0.6461
1749264978,0.63800000,5698.30000000,0.6461
1749264978,0.63780000,1485.20000000,0.6461
1749264978,0.63770000,3158.30000000,0.6461
1749264978,0.63760000,1421.20000000,0.6461
1749264978,0.63750000,11.70000000,0.6461
1749264978,0.63740000,11752.10000000,0.6461
1749264978,0.63730000,12421.90000000,0.6461
1749264978,0.63720000,11.70000000,0.6461
1749264978,0.63700000,1421.20000000,0.6461
1749264978,0.63690000,11.70000000,0.6461
1749264978,0.63660000,131.50000000,0.6461
1749264978,0.63650000,1734.80000000,0.6461
1749264978,0.63640000,35.00000000,0.6461
1749264978,0.63630000,639.10000000,0.6461
1749264978,0.63620000,1421.20000000,0.6461
1749264978,0.63610000,3199.40000000,0.6461
1749264978,0.63600000,11.70000000,0.6461
1749264978,0.63590000,1875.00000000,0.6461
1749264978,0.63580000,10.00000000,0.6461
1749264978,0.63570000,11.70000000,0.6461
1749264978,0.63560000,1735.30000000,0.6461
1749265280,0.64520000,2284.50000000,0.6453
1749265280,0.64510000,4334.40000000,0.6453
1749265280,0.64500000,2077.90000000,0.6453
1749265280,0.64490000,3160.50000000,0.6453
1749265280,0.64480000,6410.40000000,0.6453
1749265280,0.64470000,8076.10000000,0.6453
1749265280,0.64460000,16508.70000000,0.6453
1749265280,0.64450000,12788.70000000,0.6453
1749265280,0.64440000,18709.00000000,0.6453
1749265280,0.64430000,13188.10000000,0.6453
1749265280,0.64420000,39321.00000000,0.6453
1749265280,0.64410000,23909.40000000,0.6453
1749265280,0.64400000,8452.90000000,0.6453
1749265280,0.64390000,23623.80000000,0.6453
1749265280,0.64380000,8659.10000000,0.6453
1749265280,0.64370000,10159.70000000,0.6453
1749265280,0.64360000,6127.30000000,0.6453
1749265280,0.64350000,14707.40000000,0.6453
1749265280,0.64340000,3794.10000000,0.6453
1749265280,0.64330000,23902.40000000,0.6453
1749265280,0.64320000,62152.90000000,0.6453
1749265280,0.64310000,10680.30000000,0.6453
1749265280,0.64300000,34084.30000000,0.6453
1749265280,0.64290000,15929.50000000,0.6453
1749265280,0.64280000,42036.30000000,0.6453
1749265280,0.64270000,1502.60000000,0.6453
1749265280,0.64260000,3466.40000000,0.6453
1749265280,0.64250000,4955.10000000,0.6453
1749265280,0.64240000,4426.20000000,0.6453
1749265280,0.64230000,57260.50000000,0.6453
1749265280,0.64220000,3318.90000000,0.6453
1749265280,0.64210000,1481.00000000,0.6453
1749265280,0.64200000,3554.20000000,0.6453
1749265280,0.64190000,4742.00000000,0.6453
1749265280,0.64180000,8044.90000000,0.6453
1749265280,0.64170000,18832.80000000,0.6453
1749265280,0.64160000,3322.10000000,0.6453
1749265280,0.64150000,4639.30000000,0.6453
1749265280,0.64140000,13646.90000000,0.6453
1749265280,0.64130000,4747.00000000,0.6453
1749265280,0.64120000,446.20000000,0.6453
1749265280,0.64110000,69807.10000000,0.6453
1749265280,0.64100000,9429.30000000,0.6453
1749265280,0.64090000,2946.30000000,0.6453
1749265280,0.64080000,36.00000000,0.6453
1749265280,0.64070000,2949.00000000,0.6453
1749265280,0.64060000,3729.70000000,0.6453
1749265280,0.64050000,5385.90000000,0.6453
1749265280,0.64040000,15.70000000,0.6453
1749265280,0.64030000,3848.80000000,0.6453
1749265280,0.64020000,1438.70000000,0.6453
1749265280,0.64010000,3571.30000000,0.6453
1749265280,0.64000000,3235.30000000,0.6453
1749265280,0.63990000,1448.70000000,0.6453
1749265280,0.63980000,131.10000000,0.6453
1749265280,0.63970000,67.50000000,0.6453
1749265280,0.63960000,1336.30000000,0.6453
1749265280,0.63950000,12023.90000000,0.6453
1749265280,0.63940000,64752.00000000,0.6453
1749265280,0.63930000,2054.50000000,0.6453
1749265280,0.63920000,404.60000000,0.6453
1749265280,0.63910000,46015.50000000,0.6453
1749265280,0.63900000,3237.80000000,0.6453
1749265280,0.63890000,1436.70000000,0.6453
1749265280,0.63880000,34.90000000,0.6453
1749265280,0.63870000,1448.40000000,0.6453
1749265280,0.63860000,3173.80000000,0.6453
1749265280,0.63850000,2510.70000000,0.6453
1749265280,0.63840000,68.50000000,0.6453
1749265280,0.63830000,15.50000000,0.6453
1749265280,0.63820000,3173.80000000,0.6453
1749265280,0.63810000,27.20000000,0.6453
1749265280,0.63800000,4653.90000000,0.6453
1749265280,0.63790000,15.50000000,0.6453
1749265280,0.63780000,1448.40000000,0.6453
1749265280,0.63770000,15.50000000,0.6453
1749265280,0.63760000,1421.20000000,0.6453
1749265280,0.63750000,322.20000000,0.6453
1749265280,0.63740000,77.10000000,0.6453
1749265280,0.63730000,9263.60000000,0.6453
1749265280,0.63720000,11.70000000,0.6453
1749265280,0.63710000,313.30000000,0.6453
1749265280,0.63700000,1421.20000000,0.6453
1749265280,0.63690000,325.10000000,0.6453
1749265280,0.63680000,313.50000000,0.6453
1749265280,0.63670000,202.10000000,0.6453
1749265280,0.63660000,131.50000000,0.6453
1749265280,0.63650000,3318.60000000,0.6453
1749265280,0.63640000,662.40000000,0.6453
1749265280,0.63630000,11.70000000,0.6453
1749265280,0.63620000,7801.00000000,0.6453
1749265280,0.63600000,11.70000000,0.6453
1749265280,0.63590000,13169.50000000,0.6453
1749265280,0.63580000,10.00000000,0.6453
1749265280,0.63570000,11.70000000,0.6453
1749265280,0.63560000,3606.90000000,0.6453
1749265280,0.63550000,41.30000000,0.6453
1749265280,0.63540000,1432.90000000,0.6453
1749265280,0.63520000,2805.40000000,0.6453
1749265280,0.63510000,11.70000000,0.6453
1749265586,0.64870000,3643.90000000,0.6487
1749265586,0.64860000,5656.40000000,0.6487
1749265586,0.64850000,3480.00000000,0.6487
1749265586,0.64840000,3550.90000000,0.6487
1749265586,0.64830000,12433.70000000,0.6487
1749265586,0.64820000,27758.00000000,0.6487
1749265586,0.64810000,24041.80000000,0.6487
1749265586,0.64800000,9551.60000000,0.6487
1749265586,0.64790000,13801.20000000,0.6487
1749265586,0.64780000,13120.80000000,0.6487
1749265586,0.64770000,17315.60000000,0.6487
1749265586,0.64760000,3575.50000000,0.6487
1749265586,0.64750000,5414.80000000,0.6487
1749265586,0.64740000,7819.90000000,0.6487
1749265586,0.64730000,27329.80000000,0.6487
1749265586,0.64720000,13187.00000000,0.6487
1749265586,0.64710000,7319.20000000,0.6487
1749265586,0.64700000,3113.80000000,0.6487
1749265586,0.64690000,5052.30000000,0.6487
1749265586,0.64680000,4799.60000000,0.6487
1749265586,0.64670000,3300.20000000,0.6487
1749265586,0.64660000,2675.70000000,0.6487
1749265586,0.64650000,4417.20000000,0.6487
1749265586,0.64640000,7993.30000000,0.6487
1749265586,0.64630000,19932.00000000,0.6487
1749265586,0.64620000,32064.40000000,0.6487
1749265586,0.64610000,4826.40000000,0.6487
1749265586,0.64600000,3302.50000000,0.6487
1749265586,0.64590000,10569.70000000,0.6487
1749265586,0.64580000,4992.00000000,0.6487
1749265586,0.64570000,375.50000000,0.6487
1749265586,0.64560000,1501.20000000,0.6487
1749265586,0.64550000,3304.30000000,0.6487
1749265586,0.64540000,11274.90000000,0.6487
1749265586,0.64530000,24543.20000000,0.6487
1749265586,0.64520000,7032.70000000,0.6487
1749265586,0.64510000,806.50000000,0.6487
1749265586,0.64500000,1501.30000000,0.6487
1749265586,0.64490000,6465.40000000,0.6487
1749265586,0.64480000,3327.80000000,0.6487
1749265586,0.64470000,2913.90000000,0.6487
1749265586,0.64460000,15.60000000,0.6487
1749265586,0.64450000,6105.90000000,0.6487
1749265586,0.64440000,14392.30000000,0.6487
1749265586,0.64430000,4371.90000000,0.6487
1749265586,0.64420000,56.90000000,0.6487
1749265586,0.64410000,4070.60000000,0.6487
1749265586,0.64400000,30156.30000000,0.6487
1749265586,0.64390000,4035.80000000,0.6487
1749265586,0.64380000,3646.70000000,0.6487
1749265586,0.64370000,4374.70000000,0.6487
1749265586,0.64360000,4059.30000000,0.6487
1749265586,0.64350000,47067.90000000,0.6487
1749265586,0.64340000,86.70000000,0.6487
1749265586,0.64330000,4060.20000000,0.6487
1749265586,0.64320000,52879.30000000,0.6487
1749265586,0.64310000,4377.90000000,0.6487
1749265586,0.64300000,7220.40000000,0.6487
1749265586,0.64290000,27.30000000,0.6487
1749265586,0.64280000,15.60000000,0.6487
1749265586,0.64270000,7415.00000000,0.6487
1749265586,0.64260000,112085.90000000,0.6487
1749265586,0.64250000,4595.10000000,0.6487
1749265586,0.64240000,15.60000000,0.6487
1749265586,0.64230000,27.30000000,0.6487
1749265586,0.64220000,15.60000000,0.6487
1749265586,0.64210000,15.60000000,0.6487
1749265586,0.64200000,4297.30000000,0.6487
1749265586,0.64190000,1436.80000000,0.6487
1749265586,0.64180000,67.40000000,0.6487
1749265586,0.64170000,79.10000000,0.6487
1749265586,0.64160000,635.30000000,0.6487
1749265586,0.64150000,56001.20000000,0.6487
1749265586,0.64140000,3576.20000000,0.6487
1749265586,0.64130000,1799.90000000,0.6487
1749265586,0.64120000,446.00000000,0.6487
1749265586,0.64110000,2970.10000000,0.6487
1749265586,0.64100000,6292.50000000,0.6487
1749265586,0.64080000,11.70000000,0.6487
1749265586,0.64060000,794.30000000,0.6487
1749265586,0.64050000,5370.20000000,0.6487
1749265586,0.64030000,898.00000000,0.6487
1749265586,0.64020000,790.70000000,0.6487
1749265586,0.64000000,3180.30000000,0.6487
1749265586,0.63990000,1433.00000000,0.6487
1749265586,0.63960000,11.70000000,0.6487
1749265586,0.63950000,13096.20000000,0.6487
1749265586,0.63930000,11.70000000,0.6487
1749265586,0.63920000,156.10000000,0.6487
1749265586,0.63900000,11.70000000,0.6487
1749265586,0.63890000,1421.20000000,0.6487
1749265586,0.63880000,331.90000000,0.6487
1749265586,0.63870000,1432.90000000,0.6487
1749265586,0.63850000,2046.40000000,0.6487
1749265586,0.63840000,53.00000000,0.6487
1749265586,0.63830000,312.70000000,0.6487
1749265586,0.63820000,954.10000000,0.6487
1749265586,0.63810000,34186.80000000,0.6487
1749265586,0.63800000,5153.00000000,0.6487
1749265586,0.63790000,1210.80000000,0.6487
1749265888,0.64830000,360.00000000,0.6483
1749265888,0.64820000,1336.90000000,0.6483
1749265888,0.64810000,3805.00000000,0.6483
1749265888,0.64800000,1252.20000000,0.6483
1749265888,0.64790000,1904.80000000,0.6483
1749265888,0.64780000,3302.40000000,0.6483
1749265888,0.64770000,5131.70000000,0.6483
1749265888,0.64760000,5418.10000000,0.6483
1749265888,0.64750000,13930.40000000,0.6483
1749265888,0.64740000,10561.20000000,0.6483
1749265888,0.64730000,12691.50000000,0.6483
1749265888,0.64720000,22655.40000000,0.6483
1749265888,0.64710000,33179.80000000,0.6483
1749265888,0.64700000,29108.20000000,0.6483
1749265888,0.64690000,14587.20000000,0.6483
1749265888,0.64680000,4989.90000000,0.6483
1749265888,0.64670000,843.30000000,0.6483
1749265888,0.64660000,7824.70000000,0.6483
1749265888,0.64650000,2852.90000000,0.6483
1749265888,0.64640000,10261.90000000,0.6483
1749265888,0.64630000,33870.20000000,0.6483
1749265888,0.64620000,53942.30000000,0.6483
1749265888,0.64610000,503.70000000,0.6483
1749265888,0.64600000,3302.50000000,0.6483
1749265888,0.64590000,4650.90000000,0.6483
1749265888,0.64580000,19159.70000000,0.6483
1749265888,0.64570000,375.50000000,0.6483
1749265888,0.64560000,1501.20000000,0.6483
1749265888,0.64550000,3304.30000000,0.6483
1749265888,0.64540000,4083.80000000,0.6483
1749265888,0.64530000,5842.60000000,0.6483
1749265888,0.64520000,7032.70000000,0.6483
1749265888,0.64510000,39457.10000000,0.6483
1749265888,0.64500000,28365.20000000,0.6483
1749265888,0.64490000,14212.60000000,0.6483
1749265888,0.64480000,3327.80000000,0.6483
1749265888,0.64470000,2913.90000000,0.6483
1749265888,0.64460000,18735.60000000,0.6483
1749265888,0.64450000,6465.90000000,0.6483
1749265888,0.64440000,14392.30000000,0.6483
1749265888,0.64430000,4371.90000000,0.6483
1749265888,0.64420000,4851.80000000,0.6483
1749265888,0.64410000,56914.00000000,0.6483
1749265888,0.64400000,3292.40000000,0.6483
1749265888,0.64390000,70085.80000000,0.6483
1749265888,0.64380000,35.90000000,0.6483
1749265888,0.64370000,4374.70000000,0.6483
1749265888,0.64360000,4059.30000000,0.6483
1749265888,0.64350000,3185.60000000,0.6483
1749265888,0.64340000,86.70000000,0.6483
1749265888,0.64330000,4060.20000000,0.6483
1749265888,0.64320000,35.90000000,0.6483
1749265888,0.64310000,4377.90000000,0.6483
1749265888,0.64300000,6115.00000000,0.6483
1749265888,0.64290000,27.30000000,0.6483
1749265888,0.64280000,15.60000000,0.6483
1749265888,0.64270000,15.60000000,0.6483
1749265888,0.64260000,35.90000000,0.6483
1749265888,0.64250000,4595.10000000,0.6483
1749265888,0.64240000,7415.50000000,0.6483
1749265888,0.64230000,27.30000000,0.6483
1749265888,0.64220000,15.60000000,0.6483
1749265888,0.64210000,15.60000000,0.6483
1749265888,0.64200000,3246.30000000,0.6483
1749265888,0.64190000,47436.80000000,0.6483
1749265888,0.64180000,15.60000000,0.6483
1749265888,0.64170000,27.30000000,0.6483
1749265888,0.64160000,324.20000000,0.6483
1749265888,0.64150000,55985.60000000,0.6483
1749265888,0.64140000,1086.20000000,0.6483
1749265888,0.64130000,1436.70000000,0.6483
1749265888,0.64120000,601.60000000,0.6483
1749265888,0.64110000,805.80000000,0.6483
1749265888,0.64100000,4595.00000000,0.6483
1749265888,0.64090000,15.50000000,0.6483
1749265888,0.64080000,27.20000000,0.6483
1749265888,0.64070000,200.80000000,0.6483
1749265888,0.64060000,778.90000000,0.6483
1749265888,0.64050000,5370.20000000,0.6483
1749265888,0.64030000,119.10000000,0.6483
1749265888,0.64020000,790.70000000,0.6483
1749265888,0.64000000,3180.30000000,0.6483
1749265888,0.63990000,1548.40000000,0.6483
1749265888,0.63960000,11.70000000,0.6483
1749265888,0.63950000,1421.20000000,0.6483
1749265888,0.63930000,11.70000000,0.6483
1749265888,0.63900000,11.70000000,0.6483
1749265888,0.63890000,9103.10000000,0.6483
1749265888,0.63880000,19.40000000,0.6483
1749265888,0.63870000,1432.90000000,0.6483
1749265888,0.63850000,1421.20000000,0.6483
1749265888,0.63840000,53.00000000,0.6483
1749265888,0.63830000,11675.00000000,0.6483
1749265888,0.63820000,23455.80000000,0.6483
1749265888,0.63810000,33561.20000000,0.6483
1749265888,0.63800000,4638.40000000,0.6483
1749265888,0.63780000,1432.90000000,0.6483
1749265888,0.63770000,1552.40000000,0.6483
1749265888,0.63760000,1421.20000000,0.6483
1749265888,0.63750000,322.20000000,0.6483
1749266189,0.64960000,591.60000000,0.6496
1749266189,0.64950000,2403.00000000,0.6496
1749266189,0.64940000,3559.70000000,0.6496
1749266189,0.64930000,6263.60000000,0.6496
1749266189,0.64920000,4830.60000000,0.6496
1749266189,0.64910000,10512.10000000,0.6496
1749266189,0.64900000,27334.30000000,0.6496
1749266189,0.64890000,10599.40000000,0.6496
1749266189,0.64880000,25287.60000000,0.6496
1749266189,0.64870000,13957.30000000,0.6496
1749266189,0.64860000,17731.20000000,0.6496
1749266189,0.64850000,12798.90000000,0.6496
1749266189,0.64840000,7084.50000000,0.6496
1749266189,0.64830000,494.90000000,0.6496
1749266189,0.64820000,12818.00000000,0.6496
1749266189,0.64810000,7617.10000000,0.6496
1749266189,0.64800000,15281.90000000,0.6496
1749266189,0.64790000,7696.20000000,0.6496
1749266189,0.64780000,7396.40000000,0.6496
1749266189,0.64770000,27.10000000,0.6496
1749266189,0.64760000,1129.40000000,0.6496
1749266189,0.64750000,4592.30000000,0.6496
1749266189,0.64740000,6114.10000000,0.6496
1749266189,0.64730000,1120.90000000,0.6496
1749266189,0.64720000,10529.90000000,0.6496
1749266189,0.64710000,28510.60000000,0.6496
1749266189,0.64700000,26334.50000000,0.6496
1749266189,0.64690000,14877.10000000,0.6496
1749266189,0.64680000,4382.10000000,0.6496
1749266189,0.64670000,7740.40000000,0.6496
1749266189,0.64660000,4046.10000000,0.6496
1749266189,0.64650000,27.10000000,0.6496
1749266189,0.64640000,3173.80000000,0.6496
1749266189,0.64630000,2940.70000000,0.6496
1749266189,0.64620000,5486.10000000,0.6496
1749266189,0.64610000,443.10000000,0.6496
1749266189,0.64600000,48486.70000000,0.6496
1749266189,0.64590000,4310.60000000,0.6496
1749266189,0.64580000,51180.80000000,0.6496
1749266189,0.64570000,15.50000000,0.6496
1749266189,0.64560000,1141.20000000,0.6496
1749266189,0.64550000,2944.30000000,0.6496
1749266189,0.64540000,82474.80000000,0.6496
1749266189,0.64530000,5482.60000000,0.6496
1749266189,0.64520000,2947.10000000,0.6496
1749266189,0.64510000,15.60000000,0.6496
1749266189,0.64500000,53984.70000000,0.6496
1749266189,0.64490000,6105.40000000,0.6496
1749266189,0.64480000,2947.60000000,0.6496
1749266189,0.64470000,7342.90000000,0.6496
1749266189,0.64460000,15.60000000,0.6496
1749266189,0.64450000,6105.90000000,0.6496
1749266189,0.64440000,1141.30000000,0.6496
1749266189,0.64430000,4371.90000000,0.6496
1749266189,0.64420000,108.90000000,0.6496
1749266189,0.64410000,4070.60000000,0.6496
1749266189,0.64400000,49292.40000000,0.6496
1749266189,0.64390000,2953.50000000,0.6496
1749266189,0.64380000,7425.30000000,0.6496
1749266189,0.64370000,4374.70000000,0.6496
1749266189,0.64360000,53032.50000000,0.6496
1749266189,0.64350000,3185.60000000,0.6496
1749266189,0.64340000,86.70000000,0.6496
1749266189,0.64330000,15.60000000,0.6496
1749266189,0.64320000,35.90000000,0.6496
1749266189,0.64310000,1436.80000000,0.6496
1749266189,0.64300000,3173.90000000,0.6496
1749266189,0.64290000,27.30000000,0.6496
1749266189,0.64280000,15.60000000,0.6496
1749266189,0.64270000,15.60000000,0.6496
1749266189,0.64260000,27.30000000,0.6496
1749266189,0.64250000,4595.10000000,0.6496
1749266189,0.64240000,15.60000000,0.6496
1749266189,0.64230000,27.10000000,0.6496
1749266189,0.64220000,15.40000000,0.6496
1749266189,0.64210000,15.40000000,0.6496
1749266189,0.64200000,3370.40000000,0.6496
1749266189,0.64190000,1421.20000000,0.6496
1749266189,0.64170000,11.70000000,0.6496
1749266189,0.64160000,11983.60000000,0.6496
1749266189,0.64150000,3220.70000000,0.6496
1749266189,0.64140000,1070.60000000,0.6496
1749266189,0.64130000,1421.20000000,0.6496
1749266189,0.64120000,430.50000000,0.6496
1749266189,0.64110000,790.30000000,0.6496
1749266189,0.64100000,4579.50000000,0.6496
1749266189,0.64090000,7657.90000000,0.6496
1749266189,0.64080000,11.70000000,0.6496
1749266189,0.64060000,778.90000000,0.6496
1749266189,0.64050000,5370.20000000,0.6496
1749266189,0.64030000,119.10000000,0.6496
1749266189,0.64020000,11.80000000,0.6496
1749266189,0.64000000,22.00000000,0.6496
1749266189,0.63990000,1548.40000000,0.6496
1749266189,0.63960000,7685.10000000,0.6496
1749266189,0.63950000,1421.20000000,0.6496
1749266189,0.63940000,1548.30000000,0.6496
1749266189,0.63930000,11.70000000,0.6496
1749266189,0.63900000,11.70000000,0.6496
1749266189,0.63890000,1421.20000000,0.6496
1749266491,0.65120000,3620.30000000,0.6512
1749266491,0.65110000,3318.00000000,0.6512
1749266491,0.65100000,1833.80000000,0.6512
1749266491,0.65090000,2689.90000000,0.6512
1749266491,0.65080000,4526.70000000,0.6512
1749266491,0.65070000,5669.20000000,0.6512
1749266491,0.65060000,5397.20000000,0.6512
1749266491,0.65050000,4227.70000000,0.6512
1749266491,0.65040000,17507.30000000,0.6512
1749266491,0.65030000,6460.20000000,0.6512
1749266491,0.65020000,29969.50000000,0.6512
1749266491,0.65010000,18177.40000000,0.6512
1749266491,0.65000000,8515.80000000,0.6512
1749266491,0.64990000,26754.20000000,0.6512
1749266491,0.64980000,5304.00000000,0.6512
1749266491,0.64970000,10264.30000000,0.6512
1749266491,0.64960000,7606.70000000,0.6512
1749266491,0.64950000,15391.80000000,0.6512
1749266491,0.64940000,5600.90000000,0.6512
1749266491,0.64930000,4056.80000000,0.6512
1749266491,0.64920000,4986.70000000,0.6512
1749266491,0.64910000,10108.10000000,0.6512
1749266491,0.64900000,38628.30000000,0.6512
1749266491,0.64890000,22359.30000000,0.6512
1749266491,0.64880000,13795.60000000,0.6512
1749266491,0.64870000,375.50000000,0.6512
1749266491,0.64860000,5847.80000000,0.6512
1749266491,0.64850000,375.50000000,0.6512
1749266491,0.64840000,10854.60000000,0.6512
1749266491,0.64830000,11433.00000000,0.6512
1749266491,0.64820000,1796.70000000,0.6512
1749266491,0.64810000,8424.00000000,0.6512
1749266491,0.64800000,8318.40000000,0.6512
1749266491,0.64790000,1957.60000000,0.6512
1749266491,0.64780000,4046.50000000,0.6512
1749266491,0.64770000,144.90000000,0.6512
1749266491,0.64760000,2941.10000000,0.6512
1749266491,0.64750000,2542.10000000,0.6512
1749266491,0.64740000,3436.40000000,0.6512
1749266491,0.64730000,2928.10000000,0.6512
1749266491,0.64720000,11752.00000000,0.6512
1749266491,0.64710000,18716.90000000,0.6512
1749266491,0.64700000,2941.10000000,0.6512
1749266491,0.64690000,5368.50000000,0.6512
1749266491,0.64680000,4635.70000000,0.6512
1749266491,0.64670000,15.50000000,0.6512
1749266491,0.64660000,1120.90000000,0.6512
1749266491,0.64650000,2938.80000000,0.6512
1749266491,0.64640000,16424.80000000,0.6512
1749266491,0.64630000,2927.20000000,0.6512
1749266491,0.64620000,2562.30000000,0.6512
1749266491,0.64610000,2927.20000000,0.6512
1749266491,0.64600000,26879.40000000,0.6512
1749266491,0.64590000,7202.60000000,0.6512
1749266491,0.64580000,40518.20000000,0.6512
1749266491,0.64570000,15.50000000,0.6512
1749266491,0.64560000,1141.20000000,0.6512
1749266491,0.64550000,4787.30000000,0.6512
1749266491,0.64540000,69223.80000000,0.6512
1749266491,0.64530000,2553.80000000,0.6512
1749266491,0.64520000,11639.90000000,0.6512
1749266491,0.64510000,2930.40000000,0.6512
1749266491,0.64500000,52879.30000000,0.6512
1749266491,0.64490000,10541.50000000,0.6512
1749266491,0.64480000,15.60000000,0.6512
1749266491,0.64470000,47448.50000000,0.6512
1749266491,0.64460000,15.60000000,0.6512
1749266491,0.64450000,4877.60000000,0.6512
1749266491,0.64440000,343.10000000,0.6512
1749266491,0.64430000,15.60000000,0.6512
1749266491,0.64420000,56.90000000,0.6512
1749266491,0.64410000,27.30000000,0.6512
1749266491,0.64400000,3307.10000000,0.6512
1749266491,0.64390000,15.60000000,0.6512
1749266491,0.64380000,1448.50000000,0.6512
1749266491,0.64370000,15.40000000,0.6512
1749266491,0.64350000,3170.00000000,0.6512
1749266491,0.64340000,71.10000000,0.6512
1749266491,0.64330000,1050.30000000,0.6512
1749266491,0.64320000,11.70000000,0.6512
1749266491,0.64300000,3158.30000000,0.6512
1749266491,0.64290000,1432.90000000,0.6512
1749266491,0.64270000,52.10000000,0.6512
1749266491,0.64260000,11.70000000,0.6512
1749266491,0.64250000,3158.30000000,0.6512
1749266491,0.64230000,11.70000000,0.6512
1749266491,0.64220000,24855.40000000,0.6512
1749266491,0.64210000,52749.30000000,0.6512
1749266491,0.64200000,3370.40000000,0.6512
1749266491,0.64180000,115.20000000,0.6512
1749266491,0.64170000,11.70000000,0.6512
1749266491,0.64150000,3220.70000000,0.6512
1749266491,0.64140000,11.70000000,0.6512
1749266491,0.64120000,8084.80000000,0.6512
1749266491,0.64110000,1864.70000000,0.6512
1749266491,0.64090000,5191.40000000,0.6512
1749266491,0.64080000,11.70000000,0.6512
1749266491,0.64060000,778.90000000,0.6512
1749266491,0.64050000,790.70000000,0.6512
1749266491,0.64030000,493.90000000,0.6512
1749266793,0.65590000,1509.10000000,0.6559
1749266793,0.65580000,4734.10000000,0.6559
1749266793,0.65570000,2946.70000000,0.6559
1749266793,0.65560000,3314.50000000,0.6559
1749266793,0.65550000,4076.20000000,0.6559
1749266793,0.65540000,6835.00000000,0.6559
1749266793,0.65530000,19842.80000000,0.6559
1749266793,0.65520000,15722.20000000,0.6559
1749266793,0.65510000,14022.20000000,0.6559
1749266793,0.65500000,16080.80000000,0.6559
1749266793,0.65490000,1686.70000000,0.6559
1749266793,0.65480000,23205.90000000,0.6559
1749266793,0.65470000,8575.20000000,0.6559
1749266793,0.65460000,6957.60000000,0.6559
1749266793,0.65450000,17068.80000000,0.6559
1749266793,0.65440000,11448.40000000,0.6559
1749266793,0.65430000,17865.90000000,0.6559
1749266793,0.65420000,17560.70000000,0.6559
1749266793,0.65410000,4416.10000000,0.6559
1749266793,0.65400000,21326.80000000,0.6559
1749266793,0.65390000,18726.20000000,0.6559
1749266793,0.65380000,7954.60000000,0.6559
1749266793,0.65370000,1636.90000000,0.6559
1749266793,0.65360000,3542.20000000,0.6559
1749266793,0.65350000,4373.00000000,0.6559
1749266793,0.65340000,1816.60000000,0.6559
1749266793,0.65330000,3696.90000000,0.6559
1749266793,0.65320000,1480.80000000,0.6559
1749266793,0.65310000,9138.00000000,0.6559
1749266793,0.65300000,10392.30000000,0.6559
1749266793,0.65290000,1522.10000000,0.6559
1749266793,0.65280000,3287.60000000,0.6559
1749266793,0.65270000,9450.70000000,0.6559
1749266793,0.65260000,6423.20000000,0.6559
1749266793,0.65250000,2913.50000000,0.6559
1749266793,0.65240000,15.40000000,0.6559
1749266793,0.65230000,4838.50000000,0.6559
1749266793,0.65220000,1500.80000000,0.6559
1749266793,0.65210000,18605.90000000,0.6559
1749266793,0.65200000,3533.70000000,0.6559
1749266793,0.65190000,21790.30000000,0.6559
1749266793,0.65180000,1796.60000000,0.6559
1749266793,0.65170000,1480.80000000,0.6559
1749266793,0.65160000,35.50000000,0.6559
1749266793,0.65150000,6063.20000000,0.6559
1749266793,0.65140000,18875.70000000,0.6559
1749266793,0.65130000,3081.70000000,0.6559
1749266793,0.65120000,4013.00000000,0.6559
1749266793,0.65110000,3173.70000000,0.6559
1749266793,0.65100000,2928.10000000,0.6559
1749266793,0.65090000,1651.50000000,0.6559
1749266793,0.65080000,1436.60000000,0.6559
1749266793,0.65070000,43106.50000000,0.6559
1749266793,0.65060000,3173.70000000,0.6559
1749266793,0.65050000,29771.50000000,0.6559
1749266793,0.65040000,54300.10000000,0.6559
1749266793,0.65030000,2907.60000000,0.6559
1749266793,0.65020000,15.40000000,0.6559
1749266793,0.65010000,6077.60000000,0.6559
1749266793,0.65000000,56.80000000,0.6559
1749266793,0.64990000,2908.10000000,0.6559
1749266793,0.64980000,6484.50000000,0.6559
1749266793,0.64970000,4697.50000000,0.6559
1749266793,0.64960000,45015.50000000,0.6559
1749266793,0.64950000,293.40000000,0.6559
1749266793,0.64940000,15.50000000,0.6559
1749266793,0.64930000,77616.40000000,0.6559
1749266793,0.64920000,5896.40000000,0.6559
1749266793,0.64910000,15.50000000,0.6559
1749266793,0.64900000,15.50000000,0.6559
1749266793,0.64890000,1781.70000000,0.6559
1749266793,0.64880000,5986.70000000,0.6559
1749266793,0.64870000,15.30000000,0.6559
1749266793,0.64860000,66250.20000000,0.6559
1749266793,0.64850000,76.90000000,0.6559
1749266793,0.64840000,4902.70000000,0.6559
1749266793,0.64830000,62.90000000,0.6559
1749266793,0.64820000,1421.20000000,0.6559
1749266793,0.64810000,53.70000000,0.6559
1749266793,0.64800000,5022.30000000,0.6559
1749266793,0.64790000,1582.20000000,0.6559
1749266793,0.64770000,282.20000000,0.6559
1749266793,0.64760000,152.80000000,0.6559
1749266793,0.64750000,1510.20000000,0.6559
1749266793,0.64740000,3169.90000000,0.6559
1749266793,0.64710000,52.90000000,0.6559
1749266793,0.64690000,3158.30000000,0.6559
1749266793,0.64680000,1432.80000000,0.6559
1749266793,0.64660000,738.70000000,0.6559
1749266793,0.64650000,27845.60000000,0.6559
1749266793,0.64640000,3158.30000000,0.6559
1749266793,0.64620000,1484.30000000,0.6559
1749266793,0.64600000,17377.20000000,0.6559
1749266793,0.64590000,46.70000000,0.6559
1749266793,0.64580000,1434.90000000,0.6559
1749266793,0.64560000,6453.10000000,0.6559
1749266793,0.64540000,1533.90000000,0.6559
1749266793,0.64530000,34982.40000000,0.6559
1749266793,0.64520000,7606.80000000,0.6559
1749266793,0.64510000,526.70000000,0.6559
1749267094,0.65380000,3895.20000000,0.6538
1749267094,0.65370000,4001.90000000,0.6538
1749267094,0.65360000,4594.00000000,0.6538
1749267094,0.65350000,4757.70000000,0.6538
1749267094,0.65340000,10545.30000000,0.6538
1749267094,0.65330000,19216.00000000,0.6538
1749267094,0.65320000,21775.30000000,0.6538
1749267094,0.65310000,19587.50000000,0.6538
1749267094,0.65300000,15282.20000000,0.6538
1749267094,0.65290000,13036.40000000,0.6538
1749267094,0.65280000,7479.90000000,0.6538
1749267094,0.65270000,5333.20000000,0.6538
1749267094,0.65260000,7953.80000000,0.6538
1749267094,0.65250000,10092.00000000,0.6538
1749267094,0.65240000,1137.00000000,0.6538
1749267094,0.65230000,10946.00000000,0.6538
1749267094,0.65220000,17428.30000000,0.6538
1749267094,0.65210000,4186.70000000,0.6538
1749267094,0.65200000,29077.60000000,0.6538
1749267094,0.65190000,20305.50000000,0.6538
1749267094,0.65180000,5681.60000000,0.6538
1749267094,0.65170000,8223.50000000,0.6538
1749267094,0.65160000,395.50000000,0.6538
1749267094,0.65150000,14090.80000000,0.6538
1749267094,0.65140000,1913.70000000,0.6538
1749267094,0.65130000,7940.40000000,0.6538
1749267094,0.65120000,4373.00000000,0.6538
1749267094,0.65110000,12915.10000000,0.6538
1749267094,0.65100000,7251.90000000,0.6538
1749267094,0.65090000,2011.50000000,0.6538
1749267094,0.65080000,31053.50000000,0.6538
1749267094,0.65070000,4385.00000000,0.6538
1749267094,0.65060000,9404.00000000,0.6538
1749267094,0.65050000,18628.50000000,0.6538
1749267094,0.65040000,1816.70000000,0.6538
1749267094,0.65030000,42349.10000000,0.6538
1749267094,0.65020000,1480.80000000,0.6538
1749267094,0.65010000,6437.60000000,0.6538
1749267094,0.65000000,82.80000000,0.6538
1749267094,0.64990000,21836.30000000,0.6538
1749267094,0.64980000,57555.00000000,0.6538
1749267094,0.64970000,4639.20000000,0.6538
1749267094,0.64960000,15.50000000,0.6538
1749267094,0.64950000,3281.00000000,0.6538
1749267094,0.64940000,20177.60000000,0.6538
1749267094,0.64930000,1120.90000000,0.6538
1749267094,0.64920000,8699.90000000,0.6538
1749267094,0.64910000,2915.60000000,0.6538
1749267094,0.64900000,70064.80000000,0.6538
1749267094,0.64890000,765.30000000,0.6538
1749267094,0.64880000,3173.60000000,0.6538
1749267094,0.64870000,4019.50000000,0.6538
1749267094,0.64860000,1456.60000000,0.6538
1749267094,0.64850000,2975.70000000,0.6538
1749267094,0.64840000,4594.80000000,0.6538
1749267094,0.64830000,2927.00000000,0.6538
1749267094,0.64820000,2541.90000000,0.6538
1749267094,0.64810000,2915.40000000,0.6538
1749267094,0.64800000,7998.80000000,0.6538
1749267094,0.64790000,6338.70000000,0.6538
1749267094,0.64780000,15.30000000,0.6538
1749267094,0.64770000,2960.90000000,0.6538
1749267094,0.64760000,15.30000000,0.6538
1749267094,0.64750000,47371.40000000,0.6538
1749267094,0.64740000,4735.50000000,0.6538
1749267094,0.64730000,1665.30000000,0.6538
1749267094,0.64720000,2982.30000000,0.6538
1749267094,0.64710000,53177.40000000,0.6538
1749267094,0.64700000,30.70000000,0.6538
1749267094,0.64690000,3287.90000000,0.6538
1749267094,0.64680000,1448.10000000,0.6538
1749267094,0.64670000,7357.80000000,0.6538
1749267094,0.64660000,34.50000000,0.6538
1749267094,0.64650000,26.90000000,0.6538
1749267094,0.64640000,3212.00000000,0.6538
1749267094,0.64630000,15.30000000,0.6538
1749267094,0.64620000,1484.30000000,0.6538
1749267094,0.64590000,46.70000000,0.6538
1749267094,0.64580000,1421.20000000,0.6538
1749267094,0.64570000,13.70000000,0.6538
1749267094,0.64560000,11.70000000,0.6538
1749267094,0.64550000,896.90000000,0.6538
1749267094,0.64540000,11550.90000000,0.6538
1749267094,0.64530000,34982.40000000,0.6538
1749267094,0.64500000,11.70000000,0.6538
1749267094,0.64480000,18.80000000,0.6538
1749267094,0.64470000,1432.90000000,0.6538
1749267094,0.64460000,1548.60000000,0.6538
1749267094,0.64450000,309.70000000,0.6538
1749267094,0.64440000,3109.90000000,0.6538
1749267094,0.64430000,10.00000000,0.6538
1749267094,0.64420000,364.10000000,0.6538
1749267094,0.64410000,774.70000000,0.6538
1749267094,0.64400000,5299.60000000,0.6538
1749267094,0.64390000,25682.00000000,0.6538
1749267094,0.64380000,19805.60000000,0.6538
1749267094,0.64350000,2158.80000000,0.6538
1749267094,0.64340000,71.10000000,0.6538
1749267094,0.64330000,200.00000000,0.6538
1749267094,0.64300000,373.20000000,0.6538
1749267396,0.65560000,378.20000000,0.6557
1749267396,0.65550000,2308.40000000,0.6557
1749267396,0.65540000,3569.50000000,0.6557
1749267396,0.65530000,7632.80000000,0.6557
1749267396,0.65520000,16470.70000000,0.6557
1749267396,0.65510000,25348.70000000,0.6557
1749267396,0.65500000,14941.50000000,0.6557
1749267396,0.65490000,10302.00000000,0.6557
1749267396,0.65480000,6350.20000000,0.6557
1749267396,0.65470000,11183.70000000,0.6557
1749267396,0.65460000,15399.00000000,0.6557
1749267396,0.65450000,22849.30000000,0.6557
1749267396,0.65440000,6335.50000000,0.6557
1749267396,0.65430000,7749.40000000,0.6557
1749267396,0.65420000,17530.30000000,0.6557
1749267396,0.65410000,8128.50000000,0.6557
1749267396,0.65400000,9613.70000000,0.6557
1749267396,0.65390000,9970.20000000,0.6557
1749267396,0.65380000,8611.30000000,0.6557
1749267396,0.65370000,8919.00000000,0.6557
1749267396,0.65360000,4432.10000000,0.6557
1749267396,0.65350000,2773.70000000,0.6557
1749267396,0.65340000,5570.70000000,0.6557
1749267396,0.65330000,1243.80000000,0.6557
1749267396,0.65320000,5246.20000000,0.6557
1749267396,0.65310000,40729.50000000,0.6557
1749267396,0.65300000,7236.20000000,0.6557
1749267396,0.65290000,1522.10000000,0.6557
1749267396,0.65280000,3292.40000000,0.6557
1749267396,0.65270000,375.40000000,0.6557
1749267396,0.65260000,7533.50000000,0.6557
1749267396,0.65250000,9464.70000000,0.6557
1749267396,0.65240000,3273.70000000,0.6557
1749267396,0.65230000,7354.60000000,0.6557
1749267396,0.65220000,395.40000000,0.6557
1749267396,0.65210000,3267.60000000,0.6557
1749267396,0.65200000,4639.10000000,0.6557
1749267396,0.65190000,7746.80000000,0.6557
1749267396,0.65180000,1796.60000000,0.6557
1749267396,0.65170000,6768.30000000,0.6557
1749267396,0.65160000,395.50000000,0.6557
1749267396,0.65150000,14090.80000000,0.6557
1749267396,0.65140000,33690.10000000,0.6557
1749267396,0.65130000,2919.60000000,0.6557
1749267396,0.65120000,4013.00000000,0.6557
1749267396,0.65110000,46328.10000000,0.6557
1749267396,0.65100000,2928.10000000,0.6557
1749267396,0.65090000,1651.50000000,0.6557
1749267396,0.65080000,81143.90000000,0.6557
1749267396,0.65070000,4025.00000000,0.6557
1749267396,0.65060000,3173.70000000,0.6557
1749267396,0.65050000,2907.60000000,0.6557
1749267396,0.65040000,67506.70000000,0.6557
1749267396,0.65030000,2907.60000000,0.6557
1749267396,0.65020000,1120.80000000,0.6557
1749267396,0.65010000,6077.60000000,0.6557
1749267396,0.65000000,66.10000000,0.6557
1749267396,0.64990000,2908.10000000,0.6557
1749267396,0.64980000,4351.60000000,0.6557
1749267396,0.64970000,4279.20000000,0.6557
1749267396,0.64960000,45015.50000000,0.6557
1749267396,0.64950000,2921.00000000,0.6557
1749267396,0.64940000,6566.60000000,0.6557
1749267396,0.64930000,8441.00000000,0.6557
1749267396,0.64920000,4627.30000000,0.6557
1749267396,0.64910000,2915.60000000,0.6557
1749267396,0.64900000,7634.50000000,0.6557
1749267396,0.64890000,26.90000000,0.6557
1749267396,0.64880000,17492.90000000,0.6557
1749267396,0.64870000,4794.50000000,0.6557
1749267396,0.64860000,1448.10000000,0.6557
1749267396,0.64850000,692.60000000,0.6557
1749267396,0.64840000,8289.60000000,0.6557
1749267396,0.64830000,1310.00000000,0.6557
1749267396,0.64820000,1436.50000000,0.6557
1749267396,0.64810000,66.60000000,0.6557
1749267396,0.64800000,5022.30000000,0.6557
1749267396,0.64790000,1582.20000000,0.6557
1749267396,0.64770000,129.40000000,0.6557
1749267396,0.64750000,1739.50000000,0.6557
1749267396,0.64740000,3169.90000000,0.6557
