timestamp,price,volume,current_price
1749254679,2.60900000,48.17800000,2.608
1749254679,2.60800000,157.17500000,2.608
1749254679,2.60700000,195.31800000,2.608
1749254679,2.60600000,73.82600000,2.608
1749254679,2.60500000,48.17800000,2.608
1749254679,2.60400000,231.59300000,2.608
1749254679,2.60300000,161.02800000,2.608
1749254679,2.60200000,253.86600000,2.608
1749254679,2.60100000,352.12300000,2.608
1749254679,2.60000000,587.60100000,2.608
1749254679,2.59900000,435.38900000,2.608
1749254679,2.59800000,242.05000000,2.608
1749254679,2.59700000,275.76400000,2.608
1749254679,2.59600000,303.84400000,2.608
1749254679,2.59500000,246.81000000,2.608
1749254679,2.59400000,242.25000000,2.608
1749254679,2.59300000,597.22600000,2.608
1749254679,2.59200000,143.19700000,2.608
1749254679,2.59100000,242.05000000,2.608
1749254679,2.59000000,274.24300000,2.608
1749254679,2.58900000,50.34100000,2.608
1749254679,2.58800000,48.17800000,2.608
1749254679,2.58700000,147.14000000,2.608
1749254679,2.58600000,89.17400000,2.608
1749254679,2.58500000,656.63300000,2.608
1749254679,2.58400000,620.97100000,2.608
1749254679,2.58300000,48.17800000,2.608
1749254679,2.58200000,860.45000000,2.608
1749254679,2.58100000,1529.57200000,2.608
1749254679,2.58000000,454.58600000,2.608
1749254679,2.57900000,48.17800000,2.608
1749254679,2.57800000,313.92300000,2.608
1749254679,2.57700000,425.83500000,2.608
1749254679,2.57600000,195.31800000,2.608
1749254679,2.57500000,257.18900000,2.608
1749254679,2.57400000,11804.28900000,2.608
1749254679,2.57300000,195.31800000,2.608
1749254679,2.57100000,174.86300000,2.608
1749254679,2.56900000,48.17800000,2.608
1749254679,2.56800000,50.30400000,2.608
1749254679,2.56700000,732.86200000,2.608
1749254679,2.56500000,2.85800000,2.608
1749254679,2.56400000,48.17800000,2.608
1749254679,2.56300000,214.50800000,2.608
1749254679,2.55400000,5.86300000,2.608
1749254679,2.55000000,327.84900000,2.608
1749254679,2.54500000,387.00000000,2.608
1749254679,2.54200000,120.58000000,2.608
1749254679,2.53500000,2.89200000,2.608
1749254679,2.53200000,25.00000000,2.608
1749254679,2.53000000,81.10600000,2.608
1749254679,2.52100000,48.35700000,2.608
1749254679,2.52000000,946.51500000,2.608
1749254679,2.51900000,1035.83200000,2.608
1749254679,2.51000000,214.22300000,2.608
1749254679,2.50500000,2.92700000,2.608
1749254679,2.50000000,2577.23000000,2.608
1749254679,2.49700000,5.90000000,2.608
1749254679,2.49000000,7.64400000,2.608
1749254679,2.48200000,24.16200000,2.608
1749254679,2.47500000,2.96200000,2.608
1749254679,2.46000000,6.23200000,2.608
1749254679,2.45900000,8.13300000,2.608
1749254679,2.45600000,3.80000000,2.608
1749254679,2.45000000,940.27300000,2.608
1749254679,2.44900000,2.44900000,2.608
1749254679,2.44600000,2.99700000,2.608
1749254679,2.44000000,6.42200000,2.608
1749254679,2.43200000,5210.98400000,2.608
1749254679,2.43100000,3.01600000,2.608
1749254679,2.42800000,5222.06800000,2.608
1749254679,2.42200000,5886.56100000,2.608
1749254679,2.42000000,14.62600000,2.608
1749254679,2.41900000,5457.27900000,2.608
1749254679,2.41700000,3.03300000,2.608
1749254679,2.41100000,7300.51600000,2.608
1749254679,2.40200000,3.05200000,2.608
1749254679,2.40000000,271.71200000,2.608
1749254679,2.39200000,2.34100000,2.608
1749254679,2.39100000,8.24200000,2.608
1749254679,2.38800000,3.07000000,2.608
1749254679,2.38000000,2.14200000,2.608
1749254679,2.37400000,3.08800000,2.608
1749254679,2.37000000,4.22000000,2.608
1749254679,2.35900000,3.10800000,2.608
1749254679,2.35600000,34.43900000,2.608
1749254679,2.35100000,40.83400000,2.608
1749254679,2.35000000,1104.44800000,2.608
1749254679,2.34500000,5.30100000,2.608
1749254679,2.33900000,16.23400000,2.608
1749254679,2.33100000,5.33200000,2.608
1749254679,2.32800000,8.00000000,2.608
1749254679,2.32500000,154.91400000,2.608
1749254679,2.32000000,4.35600000,2.608
1749254679,2.31700000,434.75600000,2.608
1749254679,2.31000000,3015.54400000,2.608
1749254679,2.30500000,16.23100000,2.608
1749254679,2.30400000,3.18200000,2.608
1749254679,2.30000000,117.01000000,2.608
1749254679,2.29000000,223.81200000,2.608
1749254999,2.60700000,48.17800000,2.609
1749254999,2.60600000,157.24500000,2.609
1749254999,2.60500000,48.17800000,2.609
1749254999,2.60400000,195.31800000,2.609
1749254999,2.60300000,65.91800000,2.609
1749254999,2.60200000,453.68900000,2.609
1749254999,2.60100000,861.23100000,2.609
1749254999,2.60000000,387.98100000,2.609
1749254999,2.59900000,397.15600000,2.609
1749254999,2.59800000,280.35600000,2.609
1749254999,2.59700000,219.89400000,2.609
1749254999,2.59600000,303.87700000,2.609
1749254999,2.59500000,246.98500000,2.609
1749254999,2.59400000,242.25000000,2.609
1749254999,2.59300000,143.08800000,2.609
1749254999,2.59200000,143.19700000,2.609
1749254999,2.59100000,242.05000000,2.609
1749254999,2.59000000,274.24300000,2.609
1749254999,2.58900000,74.15000000,2.609
1749254999,2.58800000,48.17800000,2.609
1749254999,2.58700000,147.14000000,2.609
1749254999,2.58600000,307.06900000,2.609
1749254999,2.58500000,682.53000000,2.609
1749254999,2.58400000,748.65800000,2.609
1749254999,2.58300000,809.81100000,2.609
1749254999,2.58200000,863.05600000,2.609
1749254999,2.58100000,668.38300000,2.609
1749254999,2.58000000,454.58600000,2.609
1749254999,2.57800000,48.17800000,2.609
1749254999,2.57700000,400.17500000,2.609
1749254999,2.57600000,195.31800000,2.609
1749254999,2.57500000,257.18900000,2.609
1749254999,2.57400000,11643.28500000,2.609
1749254999,2.57300000,195.31800000,2.609
1749254999,2.57100000,174.86300000,2.609
1749254999,2.56900000,48.17800000,2.609
1749254999,2.56800000,50.30400000,2.609
1749254999,2.56700000,732.86200000,2.609
1749254999,2.56500000,2.85800000,2.609
1749254999,2.56400000,48.17800000,2.609
1749254999,2.56300000,167.77000000,2.609
1749254999,2.56200000,48.17800000,2.609
1749254999,2.56100000,94.95200000,2.609
1749254999,2.55600000,585.82800000,2.609
1749254999,2.55000000,327.84900000,2.609
1749254999,2.54900000,387.00000000,2.609
1749254999,2.54300000,115.70500000,2.609
1749254999,2.53500000,2.89200000,2.609
1749254999,2.53200000,25.00000000,2.609
1749254999,2.53000000,81.10600000,2.609
1749254999,2.52100000,58.59600000,2.609
1749254999,2.52000000,972.17500000,2.609
1749254999,2.51900000,1035.83200000,2.609
1749254999,2.51000000,214.22300000,2.609
1749254999,2.50500000,2.92700000,2.609
1749254999,2.50000000,2577.23000000,2.609
1749254999,2.49700000,5.90000000,2.609
1749254999,2.49000000,7.64400000,2.609
1749254999,2.48200000,24.16200000,2.609
1749254999,2.47900000,12.22800000,2.609
1749254999,2.47500000,2.96200000,2.609
1749254999,2.46000000,6.23200000,2.609
1749254999,2.45900000,8.13300000,2.609
1749254999,2.45600000,3.80000000,2.609
1749254999,2.45000000,940.27300000,2.609
1749254999,2.44900000,2.44900000,2.609
1749254999,2.44600000,2.99700000,2.609
1749254999,2.44000000,6.42200000,2.609
1749254999,2.43200000,5210.98400000,2.609
1749254999,2.43100000,3.01600000,2.609
1749254999,2.42800000,5222.06800000,2.609
1749254999,2.42200000,5886.56100000,2.609
1749254999,2.42000000,14.62600000,2.609
1749254999,2.41900000,5457.27900000,2.609
1749254999,2.41700000,3.03300000,2.609
1749254999,2.41100000,7300.51600000,2.609
1749254999,2.40200000,3.05200000,2.609
1749254999,2.40000000,271.71200000,2.609
1749254999,2.39200000,2.34100000,2.609
1749254999,2.39100000,8.24200000,2.609
1749254999,2.38800000,3.07000000,2.609
1749254999,2.38000000,2.14200000,2.609
1749254999,2.37400000,3.08800000,2.609
1749254999,2.37000000,4.22000000,2.609
1749254999,2.35900000,3.10800000,2.609
1749254999,2.35600000,34.43900000,2.609
1749254999,2.35100000,40.83400000,2.609
1749254999,2.35000000,1104.44800000,2.609
1749254999,2.34500000,5.30100000,2.609
1749254999,2.33900000,16.23400000,2.609
1749254999,2.33100000,5.33200000,2.609
1749254999,2.32800000,8.00000000,2.609
1749254999,2.32500000,154.91400000,2.609
1749254999,2.32000000,4.35600000,2.609
1749254999,2.31700000,434.75600000,2.609
1749254999,2.31000000,3015.54400000,2.609
1749254999,2.30500000,16.23100000,2.609
1749254999,2.30400000,3.18200000,2.609
1749254999,2.30000000,117.01000000,2.609
1749254999,2.29000000,223.81200000,2.609
