timestamp,price,volume,current_price
1749260827,2.61600000,43.02800000,2.618
1749260827,2.61500000,108.20800000,2.618
1749260827,2.61400000,220.39400000,2.618
1749260827,2.61300000,83.14500000,2.618
1749260827,2.61200000,364.54700000,2.618
1749260827,2.61100000,392.72600000,2.618
1749260827,2.61000000,141.13700000,2.618
1749260827,2.60900000,223.04300000,2.618
1749260827,2.60800000,861.79200000,2.618
1749260827,2.60700000,355.98900000,2.618
1749260827,2.60600000,600.48500000,2.618
1749260827,2.60500000,318.41200000,2.618
1749260827,2.60400000,255.95600000,2.618
1749260827,2.60300000,142.72600000,2.618
1749260827,2.60200000,664.68100000,2.618
1749260827,2.60100000,1594.53500000,2.618
1749260827,2.60000000,352.30100000,2.618
1749260827,2.59900000,571.98400000,2.618
1749260827,2.59800000,505.42300000,2.618
1749260827,2.59700000,348.35100000,2.618
1749260827,2.59600000,292.96100000,2.618
1749260827,2.59500000,349.73100000,2.618
1749260827,2.59400000,817.82500000,2.618
1749260827,2.59300000,383.61800000,2.618
1749260827,2.59200000,290.28200000,2.618
1749260827,2.59100000,261.30300000,2.618
1749260827,2.59000000,48.17800000,2.618
1749260827,2.58900000,363.79300000,2.618
1749260827,2.58800000,637.67600000,2.618
1749260827,2.58700000,11368.44300000,2.618
1749260827,2.58600000,309.09900000,2.618
1749260827,2.58400000,222.21200000,2.618
1749260827,2.58300000,403.06900000,2.618
1749260827,2.58200000,48.17800000,2.618
1749260827,2.58100000,61.01900000,2.618
1749260827,2.58000000,551.09000000,2.618
1749260827,2.57700000,675.24700000,2.618
1749260827,2.57000000,48.17800000,2.618
1749260827,2.56900000,162.71200000,2.618
1749260827,2.56800000,2.12600000,2.618
1749260827,2.56600000,48.17800000,2.618
1749260827,2.56500000,51.03600000,2.618
1749260827,2.56400000,584.00000000,2.618
1749260827,2.56300000,48.17800000,2.618
1749260827,2.55900000,387.00000000,2.618
1749260827,2.55600000,5.85900000,2.618
1749260827,2.55000000,327.84900000,2.618
1749260827,2.54900000,2.35400000,2.618
1749260827,2.53900000,31.46500000,2.618
1749260827,2.53800000,1030.26800000,2.618
1749260827,2.53500000,2.89200000,2.618
1749260827,2.53200000,25.00000000,2.618
1749260827,2.53000000,81.10600000,2.618
1749260827,2.52000000,946.51500000,2.618
1749260827,2.51000000,214.22300000,2.618
1749260827,2.50500000,2.92700000,2.618
1749260827,2.50000000,2609.23000000,2.618
1749260827,2.49700000,5.90000000,2.618
1749260827,2.49000000,7.64400000,2.618
1749260827,2.48200000,24.16200000,2.618
1749260827,2.47500000,15.20800000,2.618
1749260827,2.47000000,3.64400000,2.618
1749260827,2.46000000,6.23200000,2.618
1749260827,2.45900000,8.13300000,2.618
1749260827,2.45600000,3.80000000,2.618
1749260827,2.45000000,940.27300000,2.618
1749260827,2.44900000,2.44900000,2.618
1749260827,2.44600000,2.99700000,2.618
1749260827,2.44000000,6.42200000,2.618
1749260827,2.43200000,5210.98400000,2.618
1749260827,2.43100000,3.01600000,2.618
1749260827,2.42800000,5222.06800000,2.618
1749260827,2.42200000,5886.56100000,2.618
1749260827,2.42000000,14.62600000,2.618
1749260827,2.41900000,5457.27900000,2.618
1749260827,2.41700000,3.03300000,2.618
1749260827,2.41100000,7300.51600000,2.618
1749260827,2.40200000,3.05200000,2.618
1749260827,2.40000000,271.71200000,2.618
1749260827,2.39200000,2.34100000,2.618
1749260827,2.39100000,13.26100000,2.618
1749260827,2.38800000,3.07000000,2.618
1749260827,2.38000000,2.14200000,2.618
1749260827,2.37400000,3.08800000,2.618
1749260827,2.37000000,4.22000000,2.618
1749260827,2.35900000,3.10800000,2.618
1749260827,2.35600000,34.43900000,2.618
1749260827,2.35100000,40.83400000,2.618
1749260827,2.35000000,1104.44800000,2.618
1749260827,2.34500000,5.30100000,2.618
1749260827,2.33900000,16.23400000,2.618
1749260827,2.33100000,5.33200000,2.618
1749260827,2.32800000,8.00000000,2.618
1749260827,2.32500000,154.91400000,2.618
1749260827,2.32000000,4.35600000,2.618
1749260827,2.31700000,434.75600000,2.618
1749260827,2.31000000,3015.54400000,2.618
1749260827,2.30500000,16.23100000,2.618
1749260827,2.30400000,3.18200000,2.618
1749260827,2.30000000,117.01000000,2.618
1749261153,2.62100000,48.17800000,2.623
1749261153,2.62000000,108.05500000,2.623
1749261153,2.61900000,48.17800000,2.623
1749261153,2.61800000,67.90100000,2.623
1749261153,2.61700000,230.36100000,2.623
1749261153,2.61600000,272.35800000,2.623
1749261153,2.61500000,246.06100000,2.623
1749261153,2.61400000,418.43200000,2.623
1749261153,2.61300000,224.48700000,2.623
1749261153,2.61200000,178.84600000,2.623
1749261153,2.61100000,305.02700000,2.623
1749261153,2.61000000,349.26900000,2.623
1749261153,2.60900000,447.86000000,2.623
1749261153,2.60800000,772.10000000,2.623
1749261153,2.60700000,497.23200000,2.623
1749261153,2.60600000,359.44300000,2.623
1749261153,2.60500000,651.51300000,2.623
1749261153,2.60400000,347.69000000,2.623
1749261153,2.60300000,142.72600000,2.623
1749261153,2.60200000,716.15500000,2.623
1749261153,2.60100000,1780.19700000,2.623
1749261153,2.60000000,142.79800000,2.623
1749261153,2.59900000,591.69300000,2.623
1749261153,2.59800000,142.87000000,2.623
1749261153,2.59700000,308.95600000,2.623
1749261153,2.59600000,458.82500000,2.623
1749261153,2.59500000,161.56500000,2.623
1749261153,2.59400000,921.94200000,2.623
1749261153,2.59300000,143.06100000,2.623
1749261153,2.59200000,195.31800000,2.623
1749261153,2.59100000,255.13900000,2.623
1749261153,2.59000000,11355.33100000,2.623
1749261153,2.58900000,197.48100000,2.623
1749261153,2.58800000,48.17800000,2.623
1749261153,2.58700000,304.17400000,2.623
1749261153,2.58600000,245.50000000,2.623
1749261153,2.58400000,222.21200000,2.623
1749261153,2.58300000,147.14000000,2.623
1749261153,2.58200000,48.17800000,2.623
1749261153,2.58100000,61.01900000,2.623
1749261153,2.58000000,244.10000000,2.623
1749261153,2.57800000,162.31300000,2.623
1749261153,2.57700000,675.24700000,2.623
1749261153,2.56900000,48.17800000,2.623
1749261153,2.56800000,2.12600000,2.623
1749261153,2.56600000,48.17800000,2.623
1749261153,2.56500000,51.03600000,2.623
1749261153,2.56400000,584.00000000,2.623
1749261153,2.56300000,48.17800000,2.623
1749261153,2.55500000,387.00000000,2.623
1749261153,2.55000000,327.84900000,2.623
1749261153,2.54900000,2.35400000,2.623
1749261153,2.53900000,31.46500000,2.623
1749261153,2.53800000,1030.26800000,2.623
1749261153,2.53500000,2.89200000,2.623
1749261153,2.53200000,25.00000000,2.623
1749261153,2.53000000,81.10600000,2.623
1749261153,2.52000000,946.51500000,2.623
1749261153,2.51000000,214.22300000,2.623
1749261153,2.50500000,2.92700000,2.623
1749261153,2.50000000,2609.23000000,2.623
1749261153,2.49700000,5.90000000,2.623
1749261153,2.49000000,7.64400000,2.623
1749261153,2.48200000,24.16200000,2.623
1749261153,2.47500000,15.20800000,2.623
1749261153,2.47000000,3.64400000,2.623
1749261153,2.46000000,6.23200000,2.623
1749261153,2.45900000,8.13300000,2.623
1749261153,2.45600000,3.80000000,2.623
1749261153,2.45000000,940.27300000,2.623
1749261153,2.44900000,2.44900000,2.623
1749261153,2.44600000,2.99700000,2.623
1749261153,2.44000000,6.42200000,2.623
1749261153,2.43200000,5210.98400000,2.623
1749261153,2.43100000,3.01600000,2.623
1749261153,2.42800000,5222.06800000,2.623
1749261153,2.42200000,5886.56100000,2.623
1749261153,2.42000000,14.62600000,2.623
1749261153,2.41900000,5457.27900000,2.623
1749261153,2.41700000,3.03300000,2.623
1749261153,2.41100000,7300.51600000,2.623
1749261153,2.40200000,3.05200000,2.623
1749261153,2.40000000,271.71200000,2.623
1749261153,2.39200000,2.34100000,2.623
1749261153,2.39100000,13.26100000,2.623
1749261153,2.38800000,3.07000000,2.623
1749261153,2.38000000,2.14200000,2.623
1749261153,2.37400000,3.08800000,2.623
1749261153,2.37000000,4.22000000,2.623
1749261153,2.35900000,3.10800000,2.623
1749261153,2.35600000,34.43900000,2.623
1749261153,2.35100000,40.83400000,2.623
1749261153,2.35000000,1104.44800000,2.623
1749261153,2.34500000,5.30100000,2.623
1749261153,2.33900000,16.23400000,2.623
1749261153,2.33100000,5.33200000,2.623
1749261153,2.32800000,8.00000000,2.623
1749261153,2.32500000,154.91400000,2.623
1749261153,2.32000000,4.35600000,2.623
1749261153,2.31700000,434.75600000,2.623
1749261459,2.62200000,48.17800000,2.624
1749261459,2.62100000,82.94200000,2.624
1749261459,2.62000000,25.07600000,2.624
1749261459,2.61900000,48.17800000,2.624
1749261459,2.61800000,77.95000000,2.624
1749261459,2.61700000,336.20100000,2.624
1749261459,2.61600000,518.31300000,2.624
1749261459,2.61500000,167.74800000,2.624
1749261459,2.61400000,435.36300000,2.624
1749261459,2.61300000,129.04600000,2.624
1749261459,2.61200000,377.43300000,2.624
1749261459,2.61100000,573.21700000,2.624
1749261459,2.61000000,385.92300000,2.624
1749261459,2.60900000,422.40500000,2.624
1749261459,2.60800000,677.28100000,2.624
1749261459,2.60700000,142.67200000,2.624
1749261459,2.60600000,584.03000000,2.624
1749261459,2.60500000,556.76700000,2.624
1749261459,2.60400000,347.49200000,2.624
1749261459,2.60300000,489.03500000,2.624
1749261459,2.60200000,401.49600000,2.624
1749261459,2.60100000,1685.57700000,2.624
1749261459,2.60000000,257.68100000,2.624
1749261459,2.59900000,645.13800000,2.624
1749261459,2.59700000,48.17800000,2.624
1749261459,2.59600000,364.00600000,2.624
1749261459,2.59500000,161.56500000,2.624
1749261459,2.59400000,12165.47600000,2.624
1749261459,2.59300000,143.06100000,2.624
1749261459,2.59200000,241.53300000,2.624
1749261459,2.59100000,274.17900000,2.624
1749261459,2.59000000,48.17800000,2.624
1749261459,2.58900000,197.48100000,2.624
1749261459,2.58800000,48.17800000,2.624
1749261459,2.58700000,354.33700000,2.624
1749261459,2.58600000,195.31800000,2.624
1749261459,2.58400000,222.21200000,2.624
1749261459,2.58300000,147.14000000,2.624
1749261459,2.58200000,48.17800000,2.624
1749261459,2.58100000,61.01900000,2.624
1749261459,2.58000000,244.10000000,2.624
1749261459,2.57800000,162.31300000,2.624
1749261459,2.57700000,675.24700000,2.624
1749261459,2.56900000,48.17800000,2.624
1749261459,2.56800000,2.12600000,2.624
1749261459,2.56700000,5.83400000,2.624
1749261459,2.56500000,2.85800000,2.624
1749261459,2.56400000,584.00000000,2.624
1749261459,2.55900000,387.00000000,2.624
1749261459,2.55000000,327.84900000,2.624
1749261459,2.54900000,2.35400000,2.624
1749261459,2.53900000,31.46500000,2.624
1749261459,2.53800000,1030.26800000,2.624
1749261459,2.53500000,2.89200000,2.624
1749261459,2.53200000,25.00000000,2.624
1749261459,2.53000000,81.10600000,2.624
1749261459,2.52000000,946.51500000,2.624
1749261459,2.51000000,214.22300000,2.624
1749261459,2.50500000,2.92700000,2.624
1749261459,2.50000000,2609.23000000,2.624
1749261459,2.49700000,5.90000000,2.624
1749261459,2.49000000,7.64400000,2.624
1749261459,2.48200000,24.16200000,2.624
1749261459,2.47500000,15.20800000,2.624
1749261459,2.47000000,3.64400000,2.624
1749261459,2.46000000,6.23200000,2.624
1749261459,2.45900000,8.13300000,2.624
1749261459,2.45600000,3.80000000,2.624
1749261459,2.45000000,940.27300000,2.624
1749261459,2.44900000,2.44900000,2.624
1749261459,2.44600000,2.99700000,2.624
1749261459,2.44000000,6.42200000,2.624
1749261459,2.43200000,5210.98400000,2.624
1749261459,2.43100000,3.01600000,2.624
1749261459,2.42800000,5222.06800000,2.624
1749261459,2.42200000,5886.56100000,2.624
1749261459,2.42000000,14.62600000,2.624
1749261459,2.41900000,5457.27900000,2.624
1749261459,2.41700000,3.03300000,2.624
1749261459,2.41100000,7300.51600000,2.624
1749261459,2.40200000,3.05200000,2.624
1749261459,2.40000000,271.71200000,2.624
1749261459,2.39200000,2.34100000,2.624
1749261459,2.39100000,13.26100000,2.624
1749261459,2.38800000,3.07000000,2.624
1749261459,2.38000000,2.14200000,2.624
1749261459,2.37400000,3.08800000,2.624
1749261459,2.37000000,4.22000000,2.624
1749261459,2.35900000,3.10800000,2.624
1749261459,2.35600000,34.43900000,2.624
1749261459,2.35100000,40.83400000,2.624
1749261459,2.35000000,1104.44800000,2.624
1749261459,2.34500000,5.30100000,2.624
1749261459,2.33900000,16.23400000,2.624
1749261459,2.33100000,5.33200000,2.624
1749261459,2.32800000,8.00000000,2.624
1749261459,2.32500000,154.91400000,2.624
1749261459,2.32000000,4.35600000,2.624
1749261459,2.31700000,434.75600000,2.624
1749261459,2.31000000,3015.54400000,2.624
1749261775,2.62300000,48.17800000,2.625
1749261775,2.62200000,106.70400000,2.625
1749261775,2.62100000,71.97200000,2.625
1749261775,2.62000000,23.79800000,2.625
1749261775,2.61900000,48.17800000,2.625
1749261775,2.61800000,87.85900000,2.625
1749261775,2.61700000,336.29800000,2.625
1749261775,2.61600000,262.14400000,2.625
1749261775,2.61500000,167.85600000,2.625
1749261775,2.61400000,397.19600000,2.625
1749261775,2.61300000,460.34200000,2.625
1749261775,2.61200000,178.61200000,2.625
1749261775,2.61100000,266.69800000,2.625
1749261775,2.61000000,309.54400000,2.625
1749261775,2.60900000,169.50000000,2.625
1749261775,2.60800000,399.24300000,2.625
1749261775,2.60700000,142.67200000,2.625
1749261775,2.60600000,359.02700000,2.625
1749261775,2.60500000,241.79600000,2.625
1749261775,2.60400000,580.26100000,2.625
1749261775,2.60300000,142.67200000,2.625
1749261775,2.60200000,935.39600000,2.625
1749261775,2.60100000,854.74200000,2.625
1749261775,2.60000000,142.79800000,2.625
1749261775,2.59900000,645.13800000,2.625
1749261775,2.59800000,410.73100000,2.625
1749261775,2.59700000,48.17800000,2.625
1749261775,2.59600000,364.00600000,2.625
1749261775,2.59500000,161.56500000,2.625
1749261775,2.59400000,260.46100000,2.625
1749261775,2.59300000,377.04100000,2.625
1749261775,2.59200000,881.00400000,2.625
1749261775,2.59100000,255.13900000,2.625
1749261775,2.59000000,48.17800000,2.625
1749261775,2.58900000,197.48100000,2.625
1749261775,2.58800000,11367.92500000,2.625
1749261775,2.58700000,304.17400000,2.625
1749261775,2.58600000,195.31800000,2.625
1749261775,2.58400000,222.21200000,2.625
1749261775,2.58300000,147.14000000,2.625
1749261775,2.58200000,48.17800000,2.625
1749261775,2.58100000,61.01900000,2.625
1749261775,2.58000000,244.10000000,2.625
1749261775,2.57800000,48.17800000,2.625
1749261775,2.57700000,675.24700000,2.625
1749261775,2.57600000,48.17800000,2.625
1749261775,2.57200000,114.40100000,2.625
1749261775,2.56900000,54.00700000,2.625
1749261775,2.56800000,2.12600000,2.625
1749261775,2.56500000,2.85800000,2.625
1749261775,2.56400000,584.00000000,2.625
1749261775,2.55800000,387.00000000,2.625
1749261775,2.55000000,327.84900000,2.625
1749261775,2.54900000,2.35400000,2.625
1749261775,2.53900000,50.29000000,2.625
1749261775,2.53800000,1030.26800000,2.625
1749261775,2.53500000,2.89200000,2.625
1749261775,2.53200000,25.00000000,2.625
1749261775,2.53000000,81.10600000,2.625
1749261775,2.52000000,946.51500000,2.625
1749261775,2.51000000,214.22300000,2.625
1749261775,2.50700000,876.60000000,2.625
1749261775,2.50500000,2.92700000,2.625
1749261775,2.50000000,2609.23000000,2.625
1749261775,2.49700000,5.90000000,2.625
1749261775,2.49000000,7.64400000,2.625
1749261775,2.48200000,24.16200000,2.625
1749261775,2.47500000,15.20800000,2.625
1749261775,2.47000000,3.64400000,2.625
1749261775,2.46000000,6.23200000,2.625
1749261775,2.45900000,8.13300000,2.625
1749261775,2.45600000,3.80000000,2.625
1749261775,2.45000000,940.27300000,2.625
1749261775,2.44900000,2.44900000,2.625
1749261775,2.44600000,2.99700000,2.625
1749261775,2.44000000,6.42200000,2.625
1749261775,2.43200000,5210.98400000,2.625
1749261775,2.43100000,3.01600000,2.625
1749261775,2.42800000,5222.06800000,2.625
1749261775,2.42200000,5886.56100000,2.625
1749261775,2.42000000,14.62600000,2.625
1749261775,2.41900000,5457.27900000,2.625
1749261775,2.41700000,3.03300000,2.625
1749261775,2.41100000,7300.51600000,2.625
1749261775,2.40200000,3.05200000,2.625
1749261775,2.40000000,271.71200000,2.625
1749261775,2.39200000,2.34100000,2.625
1749261775,2.39100000,13.26100000,2.625
1749261775,2.38800000,3.07000000,2.625
1749261775,2.38000000,2.14200000,2.625
1749261775,2.37400000,3.08800000,2.625
1749261775,2.37000000,4.22000000,2.625
1749261775,2.35900000,3.10800000,2.625
1749261775,2.35600000,34.43900000,2.625
1749261775,2.35100000,40.83400000,2.625
1749261775,2.35000000,1104.44800000,2.625
1749261775,2.34500000,5.30100000,2.625
1749261775,2.33900000,16.23400000,2.625
1749261775,2.33100000,5.33200000,2.625
1749261775,2.32800000,8.00000000,2.625
1749262078,2.61400000,44.89400000,2.614
1749262078,2.61300000,131.37400000,2.614
1749262078,2.61200000,59.04200000,2.614
1749262078,2.61100000,147.14000000,2.614
1749262078,2.61000000,58.15700000,2.614
1749262078,2.60900000,546.92900000,2.614
1749262078,2.60800000,756.41000000,2.614
1749262078,2.60700000,142.67200000,2.614
1749262078,2.60600000,501.18600000,2.614
1749262078,2.60500000,465.91200000,2.614
1749262078,2.60400000,142.67200000,2.614
1749262078,2.60300000,142.67200000,2.614
1749262078,2.60200000,326.79000000,2.614
1749262078,2.60100000,455.26400000,2.614
1749262078,2.60000000,364.00100000,2.614
1749262078,2.59900000,547.95300000,2.614
1749262078,2.59800000,505.24300000,2.614
1749262078,2.59700000,348.06200000,2.614
1749262078,2.59600000,507.00900000,2.614
1749262078,2.59500000,617.33500000,2.614
1749262078,2.59400000,450.08300000,2.614
1749262078,2.59300000,864.05000000,2.614
1749262078,2.59200000,456.52000000,2.614
1749262078,2.59100000,398.77900000,2.614
1749262078,2.59000000,48.17800000,2.614
1749262078,2.58900000,363.79300000,2.614
1749262078,2.58800000,235.96400000,2.614
1749262078,2.58700000,304.17400000,2.614
1749262078,2.58600000,245.40200000,2.614
1749262078,2.58400000,12001.41700000,2.614
1749262078,2.58300000,195.31800000,2.614
1749262078,2.58200000,48.17800000,2.614
1749262078,2.58100000,61.01900000,2.614
1749262078,2.58000000,265.38000000,2.614
1749262078,2.57800000,551.75700000,2.614
1749262078,2.57700000,162.35700000,2.614
1749262078,2.57100000,48.17800000,2.614
1749262078,2.56900000,162.71200000,2.614
1749262078,2.56800000,2.12600000,2.614
1749262078,2.56500000,2.85800000,2.614
1749262078,2.56200000,579.62500000,2.614
1749262078,2.55800000,5.80600000,2.614
1749262078,2.55700000,387.00000000,2.614
1749262078,2.55000000,327.84900000,2.614
1749262078,2.54900000,2.35400000,2.614
1749262078,2.53500000,2.89200000,2.614
1749262078,2.53200000,25.00000000,2.614
1749262078,2.53100000,31.25000000,2.614
1749262078,2.53000000,1092.66000000,2.614
1749262078,2.52000000,946.51500000,2.614
1749262078,2.51000000,214.22300000,2.614
1749262078,2.50700000,876.60000000,2.614
1749262078,2.50500000,2.92700000,2.614
1749262078,2.50000000,2609.23000000,2.614
1749262078,2.49700000,5.90000000,2.614
1749262078,2.49000000,7.64400000,2.614
1749262078,2.48200000,24.16200000,2.614
1749262078,2.47500000,15.20800000,2.614
1749262078,2.47000000,3.64400000,2.614
1749262078,2.46000000,6.23200000,2.614
1749262078,2.45900000,8.13300000,2.614
1749262078,2.45600000,3.80000000,2.614
1749262078,2.45000000,940.27300000,2.614
1749262078,2.44900000,2.44900000,2.614
1749262078,2.44600000,2.99700000,2.614
1749262078,2.44000000,6.42200000,2.614
1749262078,2.43200000,5210.98400000,2.614
1749262078,2.43100000,3.01600000,2.614
1749262078,2.42800000,5222.06800000,2.614
1749262078,2.42200000,5886.56100000,2.614
1749262078,2.42000000,14.62600000,2.614
1749262078,2.41900000,5457.27900000,2.614
1749262078,2.41700000,3.03300000,2.614
1749262078,2.41100000,7300.51600000,2.614
1749262078,2.40200000,3.05200000,2.614
1749262078,2.40000000,271.71200000,2.614
1749262078,2.39200000,2.34100000,2.614
1749262078,2.39100000,13.26100000,2.614
1749262078,2.38800000,3.07000000,2.614
1749262078,2.38000000,2.14200000,2.614
1749262078,2.37400000,3.08800000,2.614
1749262078,2.37000000,4.22000000,2.614
1749262078,2.35900000,3.10800000,2.614
1749262078,2.35600000,34.43900000,2.614
1749262078,2.35100000,40.83400000,2.614
1749262078,2.35000000,1104.44800000,2.614
1749262078,2.34500000,5.30100000,2.614
1749262078,2.33900000,16.23400000,2.614
1749262078,2.33100000,5.33200000,2.614
1749262078,2.32800000,8.00000000,2.614
1749262078,2.32500000,154.91400000,2.614
1749262078,2.32000000,4.35600000,2.614
1749262078,2.31700000,434.75600000,2.614
1749262078,2.31000000,3015.54400000,2.614
1749262078,2.30500000,16.23100000,2.614
1749262078,2.30400000,3.18200000,2.614
1749262078,2.30000000,117.01000000,2.614
1749262078,2.29000000,223.81200000,2.614
1749262078,2.28600000,5.90000000,2.614
1749262078,2.27600000,3.22100000,2.614
1749262384,2.61800000,48.17800000,2.62
1749262384,2.61700000,131.24600000,2.62
1749262384,2.61600000,187.96800000,2.62
1749262384,2.61500000,48.17800000,2.62
1749262384,2.61400000,9.97900000,2.62
1749262384,2.61300000,347.28300000,2.62
1749262384,2.61200000,317.46900000,2.62
1749262384,2.61100000,263.24300000,2.62
1749262384,2.61000000,142.99700000,2.62
1749262384,2.60900000,181.24500000,2.62
1749262384,2.60800000,356.55100000,2.62
1749262384,2.60700000,209.05600000,2.62
1749262384,2.60600000,396.51300000,2.62
1749262384,2.60500000,436.40200000,2.62
1749262384,2.60400000,572.47100000,2.62
1749262384,2.60300000,356.45100000,2.62
1749262384,2.60200000,289.84800000,2.62
1749262384,2.60100000,250.79000000,2.62
1749262384,2.60000000,142.79800000,2.62
1749262384,2.59900000,547.95300000,2.62
1749262384,2.59800000,891.39900000,2.62
1749262384,2.59700000,348.06200000,2.62
1749262384,2.59600000,292.65400000,2.62
1749262384,2.59500000,495.09200000,2.62
1749262384,2.59400000,473.99700000,2.62
1749262384,2.59300000,864.05000000,2.62
1749262384,2.59200000,456.52000000,2.62
1749262384,2.59000000,94.42900000,2.62
1749262384,2.58900000,363.79300000,2.62
1749262384,2.58800000,161.87200000,2.62
1749262384,2.58700000,304.17400000,2.62
1749262384,2.58600000,195.31800000,2.62
1749262384,2.58400000,12257.24700000,2.62
1749262384,2.58300000,195.31800000,2.62
1749262384,2.58200000,48.17800000,2.62
1749262384,2.58100000,61.01900000,2.62
1749262384,2.58000000,294.39900000,2.62
1749262384,2.57800000,665.89200000,2.62
1749262384,2.57700000,162.35700000,2.62
1749262384,2.56900000,48.17800000,2.62
1749262384,2.56800000,2.12600000,2.62
1749262384,2.56500000,2.85800000,2.62
1749262384,2.56200000,579.62500000,2.62
1749262384,2.55900000,387.00000000,2.62
1749262384,2.55000000,327.84900000,2.62
1749262384,2.54900000,2.35400000,2.62
1749262384,2.53500000,2.89200000,2.62
1749262384,2.53200000,25.00000000,2.62
1749262384,2.53100000,31.25000000,2.62
1749262384,2.53000000,1092.66000000,2.62
1749262384,2.52000000,946.51500000,2.62
1749262384,2.51000000,214.22300000,2.62
1749262384,2.50700000,876.60000000,2.62
1749262384,2.50500000,2.92700000,2.62
1749262384,2.50000000,2609.23000000,2.62
1749262384,2.49700000,5.90000000,2.62
1749262384,2.49000000,7.64400000,2.62
1749262384,2.48200000,24.16200000,2.62
1749262384,2.47500000,15.20800000,2.62
1749262384,2.47000000,3.64400000,2.62
1749262384,2.46000000,6.23200000,2.62
1749262384,2.45900000,8.13300000,2.62
1749262384,2.45600000,3.80000000,2.62
1749262384,2.45000000,940.27300000,2.62
1749262384,2.44900000,2.44900000,2.62
1749262384,2.44600000,2.99700000,2.62
1749262384,2.44000000,6.42200000,2.62
1749262384,2.43200000,5210.98400000,2.62
1749262384,2.43100000,3.01600000,2.62
1749262384,2.42800000,5222.06800000,2.62
1749262384,2.42200000,5886.56100000,2.62
1749262384,2.42000000,14.62600000,2.62
1749262384,2.41900000,5457.27900000,2.62
1749262384,2.41700000,3.03300000,2.62
1749262384,2.41100000,7300.51600000,2.62
1749262384,2.40200000,3.05200000,2.62
1749262384,2.40000000,271.71200000,2.62
1749262384,2.39200000,2.34100000,2.62
1749262384,2.39100000,13.26100000,2.62
1749262384,2.38800000,3.07000000,2.62
1749262384,2.38000000,2.14200000,2.62
1749262384,2.37400000,3.08800000,2.62
1749262384,2.37000000,4.22000000,2.62
1749262384,2.35900000,3.10800000,2.62
1749262384,2.35600000,34.43900000,2.62
1749262384,2.35100000,40.83400000,2.62
1749262384,2.35000000,1104.44800000,2.62
1749262384,2.34500000,5.30100000,2.62
1749262384,2.33900000,16.23400000,2.62
1749262384,2.33100000,5.33200000,2.62
1749262384,2.32800000,8.00000000,2.62
1749262384,2.32500000,154.91400000,2.62
1749262384,2.32000000,4.35600000,2.62
1749262384,2.31700000,434.75600000,2.62
1749262384,2.31000000,3015.54400000,2.62
1749262384,2.30500000,16.23100000,2.62
1749262384,2.30400000,3.18200000,2.62
1749262384,2.30000000,117.01000000,2.62
1749262384,2.29000000,223.81200000,2.62
1749262384,2.28600000,5.90000000,2.62
1749262686,2.62000000,48.17800000,2.621
1749262686,2.61900000,106.79300000,2.621
1749262686,2.61800000,71.96600000,2.621
1749262686,2.61700000,170.93800000,2.621
1749262686,2.61600000,92.77700000,2.621
1749262686,2.61500000,142.78000000,2.621
1749262686,2.61400000,461.80200000,2.621
1749262686,2.61300000,941.95200000,2.621
1749262686,2.61200000,208.70300000,2.621
1749262686,2.61100000,280.15200000,2.621
1749262686,2.61000000,432.58200000,2.621
1749262686,2.60900000,433.12700000,2.621
1749262686,2.60800000,492.16900000,2.621
1749262686,2.60700000,179.73100000,2.621
1749262686,2.60600000,359.02700000,2.621
1749262686,2.60500000,442.91900000,2.621
1749262686,2.60400000,777.29100000,2.621
1749262686,2.60300000,953.88300000,2.621
1749262686,2.60200000,705.41400000,2.621
1749262686,2.60100000,449.23300000,2.621
1749262686,2.60000000,429.50800000,2.621
1749262686,2.59900000,591.51300000,2.621
1749262686,2.59800000,303.57800000,2.621
1749262686,2.59700000,289.37500000,2.621
1749262686,2.59600000,571.86100000,2.621
1749262686,2.59500000,142.94200000,2.621
1749262686,2.59400000,48.17800000,2.621
1749262686,2.59300000,677.91500000,2.621
1749262686,2.59200000,241.53300000,2.621
1749262686,2.59100000,255.13900000,2.621
1749262686,2.59000000,442.96800000,2.621
1749262686,2.58900000,11462.73300000,2.621
1749262686,2.58800000,48.17800000,2.621
1749262686,2.58700000,304.17400000,2.621
1749262686,2.58600000,195.31800000,2.621
1749262686,2.58400000,386.30300000,2.621
1749262686,2.58300000,195.31800000,2.621
1749262686,2.58200000,48.17800000,2.621
1749262686,2.58100000,61.01900000,2.621
1749262686,2.58000000,244.10000000,2.621
1749262686,2.57800000,551.75700000,2.621
1749262686,2.57700000,162.35700000,2.621
1749262686,2.56900000,48.17800000,2.621
1749262686,2.56800000,2.12600000,2.621
1749262686,2.56500000,2.85800000,2.621
1749262686,2.56200000,579.62500000,2.621
1749262686,2.55000000,327.84900000,2.621
1749262686,2.54900000,2.35400000,2.621
1749262686,2.53800000,3.93300000,2.621
1749262686,2.53500000,2.89200000,2.621
1749262686,2.53200000,25.00000000,2.621
1749262686,2.53100000,47.25600000,2.621
1749262686,2.53000000,1092.66000000,2.621
1749262686,2.52000000,946.51500000,2.621
1749262686,2.51000000,214.22300000,2.621
1749262686,2.50500000,2.92700000,2.621
1749262686,2.50000000,2609.23000000,2.621
1749262686,2.49700000,5.90000000,2.621
1749262686,2.49000000,7.64400000,2.621
1749262686,2.48200000,24.16200000,2.621
1749262686,2.47500000,15.20800000,2.621
1749262686,2.47000000,3.64400000,2.621
1749262686,2.46000000,6.23200000,2.621
1749262686,2.45900000,8.13300000,2.621
1749262686,2.45600000,3.80000000,2.621
1749262686,2.45000000,940.27300000,2.621
1749262686,2.44900000,2.44900000,2.621
1749262686,2.44600000,2.99700000,2.621
1749262686,2.44000000,6.42200000,2.621
1749262686,2.43200000,5210.98400000,2.621
1749262686,2.43100000,3.01600000,2.621
1749262686,2.42800000,5222.06800000,2.621
1749262686,2.42200000,5886.56100000,2.621
1749262686,2.42000000,14.62600000,2.621
1749262686,2.41900000,5457.27900000,2.621
1749262686,2.41700000,3.03300000,2.621
1749262686,2.41100000,7300.51600000,2.621
1749262686,2.40200000,3.05200000,2.621
1749262686,2.40000000,271.71200000,2.621
1749262686,2.39200000,2.34100000,2.621
1749262686,2.39100000,13.26100000,2.621
1749262686,2.38800000,3.07000000,2.621
1749262686,2.38000000,2.14200000,2.621
1749262686,2.37400000,3.08800000,2.621
1749262686,2.37000000,4.22000000,2.621
1749262686,2.35900000,3.10800000,2.621
1749262686,2.35600000,34.43900000,2.621
1749262686,2.35100000,40.83400000,2.621
1749262686,2.35000000,1104.44800000,2.621
1749262686,2.34500000,5.30100000,2.621
1749262686,2.33900000,16.23400000,2.621
1749262686,2.33100000,5.33200000,2.621
1749262686,2.32800000,8.00000000,2.621
1749262686,2.32500000,154.91400000,2.621
1749262686,2.32000000,4.35600000,2.621
1749262686,2.31700000,434.75600000,2.621
1749262686,2.31000000,3015.54400000,2.621
1749262686,2.30500000,16.23100000,2.621
1749262686,2.30400000,3.18200000,2.621
1749262686,2.30000000,117.01000000,2.621
1749262990,2.62100000,48.17800000,2.621
1749262990,2.62000000,106.38100000,2.621
1749262990,2.61900000,48.17800000,2.621
1749262990,2.61800000,92.76700000,2.621
1749262990,2.61700000,219.11600000,2.621
1749262990,2.61600000,71.97600000,2.621
1749262990,2.61500000,317.28400000,2.621
1749262990,2.61400000,241.77800000,2.621
1749262990,2.61300000,524.08000000,2.621
1749262990,2.61200000,246.87000000,2.621
1749262990,2.61100000,374.67800000,2.621
1749262990,2.61000000,219.37600000,2.621
1749262990,2.60900000,300.29600000,2.621
1749262990,2.60800000,492.16900000,2.621
1749262990,2.60700000,179.57000000,2.621
1749262990,2.60600000,359.02700000,2.621
1749262990,2.60500000,442.91900000,2.621
1749262990,2.60400000,1121.70000000,2.621
1749262990,2.60300000,1167.66200000,2.621
1749262990,2.60200000,736.66400000,2.621
1749262990,2.60100000,958.58200000,2.621
1749262990,2.60000000,142.79800000,2.621
1749262990,2.59900000,591.51300000,2.621
1749262990,2.59800000,450.96700000,2.621
1749262990,2.59700000,142.69000000,2.621
1749262990,2.59600000,571.86100000,2.621
1749262990,2.59400000,71.60300000,2.621
1749262990,2.59300000,143.06100000,2.621
1749262990,2.59200000,241.53300000,2.621
1749262990,2.59100000,255.13900000,2.621
1749262990,2.59000000,442.96800000,2.621
1749262990,2.58900000,197.48100000,2.621
1749262990,2.58800000,72.56800000,2.621
1749262990,2.58700000,11578.13500000,2.621
1749262990,2.58600000,245.50000000,2.621
1749262990,2.58400000,222.21200000,2.621
1749262990,2.58300000,195.31800000,2.621
1749262990,2.58200000,48.17800000,2.621
1749262990,2.58100000,61.01900000,2.621
1749262990,2.58000000,244.10000000,2.621
1749262990,2.57800000,665.89200000,2.621
1749262990,2.57700000,162.35700000,2.621
1749262990,2.56900000,48.17800000,2.621
1749262990,2.56800000,2.12600000,2.621
1749262990,2.56600000,583.54500000,2.621
1749262990,2.56500000,2.85800000,2.621
1749262990,2.56300000,387.00000000,2.621
1749262990,2.55000000,327.84900000,2.621
1749262990,2.54900000,2.35400000,2.621
1749262990,2.53500000,2.89200000,2.621
1749262990,2.53200000,25.00000000,2.621
1749262990,2.53100000,16.00600000,2.621
1749262990,2.53000000,1092.66000000,2.621
1749262990,2.52000000,946.51500000,2.621
1749262990,2.51000000,214.22300000,2.621
1749262990,2.50500000,2.92700000,2.621
1749262990,2.50000000,2609.23000000,2.621
1749262990,2.49700000,5.90000000,2.621
1749262990,2.49000000,7.64400000,2.621
1749262990,2.48200000,24.16200000,2.621
1749262990,2.47500000,15.20800000,2.621
1749262990,2.47000000,3.64400000,2.621
1749262990,2.46000000,6.23200000,2.621
1749262990,2.45900000,8.13300000,2.621
1749262990,2.45600000,3.80000000,2.621
1749262990,2.45000000,940.27300000,2.621
1749262990,2.44900000,2.44900000,2.621
1749262990,2.44600000,2.99700000,2.621
1749262990,2.44000000,6.42200000,2.621
1749262990,2.43200000,5210.98400000,2.621
1749262990,2.43100000,3.01600000,2.621
1749262990,2.42800000,5222.06800000,2.621
1749262990,2.42200000,5886.56100000,2.621
1749262990,2.42000000,14.62600000,2.621
1749262990,2.41900000,5457.27900000,2.621
1749262990,2.41700000,3.03300000,2.621
1749262990,2.41100000,7300.51600000,2.621
1749262990,2.40200000,3.05200000,2.621
1749262990,2.40000000,271.71200000,2.621
1749262990,2.39200000,2.34100000,2.621
1749262990,2.39100000,13.26100000,2.621
1749262990,2.38800000,3.07000000,2.621
1749262990,2.38000000,2.14200000,2.621
1749262990,2.37400000,3.08800000,2.621
1749262990,2.37000000,4.22000000,2.621
1749262990,2.35900000,3.10800000,2.621
1749262990,2.35600000,34.43900000,2.621
1749262990,2.35100000,40.83400000,2.621
1749262990,2.35000000,1104.44800000,2.621
1749262990,2.34500000,5.30100000,2.621
1749262990,2.33900000,16.23400000,2.621
1749262990,2.33100000,5.33200000,2.621
1749262990,2.32800000,8.00000000,2.621
1749262990,2.32500000,154.91400000,2.621
1749262990,2.32000000,4.35600000,2.621
1749262990,2.31700000,434.75600000,2.621
1749262990,2.31000000,3015.54400000,2.621
1749262990,2.30500000,16.23100000,2.621
1749262990,2.30400000,3.18200000,2.621
1749262990,2.30000000,117.01000000,2.621
1749263303,2.62800000,7.74100000,2.63
1749263303,2.62700000,130.93000000,2.63
1749263303,2.62500000,23.40800000,2.63
1749263303,2.62400000,48.17800000,2.63
1749263303,2.62300000,361.62300000,2.63
1749263303,2.62200000,44.61000000,2.63
1749263303,2.62100000,142.60000000,2.63
1749263303,2.62000000,424.08200000,2.63
1749263303,2.61900000,180.82100000,2.63
1749263303,2.61800000,187.31500000,2.63
1749263303,2.61700000,313.64600000,2.63
1749263303,2.61600000,254.81900000,2.63
1749263303,2.61500000,179.71400000,2.63
1749263303,2.61400000,318.04000000,2.63
1749263303,2.61300000,476.72600000,2.63
1749263303,2.61200000,381.27300000,2.63
1749263303,2.61100000,241.90400000,2.63
1749263303,2.61000000,142.99700000,2.63
1749263303,2.60900000,142.99700000,2.63
1749263303,2.60800000,492.16900000,2.63
1749263303,2.60700000,142.67200000,2.63
1749263303,2.60600000,359.02700000,2.63
1749263303,2.60500000,592.42500000,2.63
1749263303,2.60400000,896.12200000,2.63
1749263303,2.60300000,1167.66200000,2.63
1749263303,2.60200000,754.19400000,2.63
1749263303,2.60100000,958.58200000,2.63
1749263303,2.60000000,237.42500000,2.63
1749263303,2.59900000,497.00100000,2.63
1749263303,2.59800000,209.06600000,2.63
1749263303,2.59700000,48.17800000,2.63
1749263303,2.59600000,477.34900000,2.63
1749263303,2.59500000,71.60500000,2.63
1749263303,2.59400000,144.38500000,2.63
1749263303,2.59300000,11296.05200000,2.63
1749263303,2.59200000,195.31800000,2.63
1749263303,2.59100000,428.70300000,2.63
1749263303,2.59000000,72.56800000,2.63
1749263303,2.58900000,197.48100000,2.63
1749263303,2.58800000,48.17800000,2.63
1749263303,2.58700000,304.17400000,2.63
1749263303,2.58600000,195.31800000,2.63
1749263303,2.58400000,48.17800000,2.63
1749263303,2.58300000,195.31800000,2.63
1749263303,2.58200000,48.17800000,2.63
1749263303,2.58100000,175.02100000,2.63
1749263303,2.58000000,195.92200000,2.63
1749263303,2.57800000,551.75700000,2.63
1749263303,2.57700000,114.17900000,2.63
1749263303,2.57400000,576.92300000,2.63
1749263303,2.56800000,2.12600000,2.63
1749263303,2.56500000,2.85800000,2.63
1749263303,2.55000000,327.84900000,2.63
1749263303,2.54900000,2.35400000,2.63
1749263303,2.53500000,2.89200000,2.63
1749263303,2.53200000,25.00000000,2.63
1749263303,2.53100000,74.42500000,2.63
1749263303,2.53000000,1092.66000000,2.63
1749263303,2.52000000,946.51500000,2.63
1749263303,2.51000000,214.22300000,2.63
1749263303,2.50500000,2.92700000,2.63
1749263303,2.50000000,2609.23000000,2.63
1749263303,2.49700000,5.90000000,2.63
1749263303,2.49000000,7.64400000,2.63
1749263303,2.48200000,24.16200000,2.63
1749263303,2.47500000,15.20800000,2.63
1749263303,2.47000000,3.64400000,2.63
1749263303,2.46000000,6.23200000,2.63
1749263303,2.45900000,8.13300000,2.63
1749263303,2.45600000,3.80000000,2.63
1749263303,2.45000000,940.27300000,2.63
1749263303,2.44900000,2.44900000,2.63
1749263303,2.44600000,2.99700000,2.63
1749263303,2.44000000,6.42200000,2.63
1749263303,2.43200000,5210.98400000,2.63
1749263303,2.43100000,3.01600000,2.63
1749263303,2.42800000,5222.06800000,2.63
1749263303,2.42200000,5886.56100000,2.63
1749263303,2.42000000,14.62600000,2.63
1749263303,2.41900000,5457.27900000,2.63
1749263303,2.41700000,3.03300000,2.63
1749263303,2.41100000,7300.51600000,2.63
1749263303,2.40200000,3.05200000,2.63
1749263303,2.40000000,271.71200000,2.63
1749263303,2.39200000,2.34100000,2.63
1749263303,2.39100000,13.26100000,2.63
1749263303,2.38800000,3.07000000,2.63
1749263303,2.38000000,2.14200000,2.63
1749263303,2.37400000,3.08800000,2.63
1749263303,2.37000000,4.22000000,2.63
1749263303,2.35900000,3.10800000,2.63
1749263303,2.35600000,34.43900000,2.63
1749263303,2.35100000,40.83400000,2.63
1749263303,2.35000000,1104.44800000,2.63
1749263303,2.34500000,5.30100000,2.63
1749263303,2.33900000,16.23400000,2.63
1749263303,2.33100000,5.33200000,2.63
1749263303,2.32800000,8.00000000,2.63
1749263303,2.32500000,154.91400000,2.63
1749263303,2.32000000,4.35600000,2.63
1749263605,2.62900000,23.23200000,2.63
1749263605,2.62800000,105.95300000,2.63
1749263605,2.62700000,71.41000000,2.63
1749263605,2.62600000,195.31800000,2.63
1749263605,2.62500000,73.15000000,2.63
1749263605,2.62400000,187.01400000,2.63
1749263605,2.62300000,246.02700000,2.63
1749263605,2.62200000,117.76800000,2.63
1749263605,2.62100000,201.94400000,2.63
1749263605,2.62000000,225.57500000,2.63
1749263605,2.61900000,142.65400000,2.63
1749263605,2.61800000,166.51400000,2.63
1749263605,2.61700000,350.54400000,2.63
1749263605,2.61600000,142.49200000,2.63
1749263605,2.61500000,142.81600000,2.63
1749263605,2.61400000,241.77800000,2.63
1749263605,2.61300000,142.79800000,2.63
1749263605,2.61200000,381.27300000,2.63
1749263605,2.61100000,492.68600000,2.63
1749263605,2.61000000,142.99700000,2.63
1749263605,2.60900000,142.99700000,2.63
1749263605,2.60800000,290.10100000,2.63
1749263605,2.60700000,532.30200000,2.63
1749263605,2.60600000,345.01300000,2.63
1749263605,2.60500000,442.91900000,2.63
1749263605,2.60400000,551.71300000,2.63
1749263605,2.60300000,1290.92300000,2.63
1749263605,2.60200000,514.57800000,2.63
1749263605,2.60100000,188.83600000,2.63
1749263605,2.60000000,759.13700000,2.63
1749263605,2.59900000,236.50300000,2.63
1749263605,2.59800000,209.06600000,2.63
1749263605,2.59700000,48.17800000,2.63
1749263605,2.59600000,248.13100000,2.63
1749263605,2.59500000,48.17800000,2.63
1749263605,2.59400000,513.51700000,2.63
1749263605,2.59300000,11508.46500000,2.63
1749263605,2.59200000,195.31800000,2.63
1749263605,2.59100000,542.26500000,2.63
1749263605,2.59000000,48.17800000,2.63
1749263605,2.58900000,197.48100000,2.63
1749263605,2.58700000,612.82100000,2.63
1749263605,2.58600000,195.31800000,2.63
1749263605,2.58400000,48.17800000,2.63
1749263605,2.58300000,195.31800000,2.63
1749263605,2.58200000,48.17800000,2.63
1749263605,2.58100000,61.01900000,2.63
1749263605,2.58000000,244.10000000,2.63
1749263605,2.57700000,114.17900000,2.63
1749263605,2.57400000,576.92300000,2.63
1749263605,2.57300000,5.82000000,2.63
1749263605,2.56800000,2.12600000,2.63
1749263605,2.56500000,2.85800000,2.63
1749263605,2.55000000,327.84900000,2.63
1749263605,2.54900000,6.27000000,2.63
1749263605,2.53500000,2.89200000,2.63
1749263605,2.53200000,25.00000000,2.63
1749263605,2.53100000,169.78800000,2.63
1749263605,2.53000000,1092.66000000,2.63
1749263605,2.52000000,946.51500000,2.63
1749263605,2.51700000,833.19500000,2.63
1749263605,2.51000000,214.22300000,2.63
1749263605,2.50500000,2.92700000,2.63
1749263605,2.50000000,2609.23000000,2.63
1749263605,2.49700000,5.90000000,2.63
1749263605,2.49000000,7.64400000,2.63
1749263605,2.48200000,24.16200000,2.63
1749263605,2.47500000,15.20800000,2.63
1749263605,2.47000000,3.64400000,2.63
1749263605,2.46000000,6.23200000,2.63
1749263605,2.45900000,8.13300000,2.63
1749263605,2.45600000,3.80000000,2.63
1749263605,2.45000000,940.27300000,2.63
1749263605,2.44900000,2.44900000,2.63
1749263605,2.44600000,2.99700000,2.63
1749263605,2.44000000,6.42200000,2.63
1749263605,2.43200000,5210.98400000,2.63
1749263605,2.43100000,3.01600000,2.63
1749263605,2.42800000,5222.06800000,2.63
1749263605,2.42200000,5886.56100000,2.63
1749263605,2.42000000,14.62600000,2.63
1749263605,2.41900000,5457.27900000,2.63
1749263605,2.41700000,3.03300000,2.63
1749263605,2.41100000,7300.51600000,2.63
1749263605,2.40200000,3.05200000,2.63
1749263605,2.40000000,271.71200000,2.63
1749263605,2.39200000,2.34100000,2.63
1749263605,2.39100000,13.26100000,2.63
1749263605,2.38800000,3.07000000,2.63
1749263605,2.38000000,2.14200000,2.63
1749263605,2.37400000,3.08800000,2.63
1749263605,2.37000000,4.22000000,2.63
1749263605,2.35900000,3.10800000,2.63
1749263605,2.35600000,34.43900000,2.63
1749263605,2.35100000,40.83400000,2.63
1749263605,2.35000000,1104.44800000,2.63
1749263605,2.34500000,5.30100000,2.63
1749263605,2.33900000,16.23400000,2.63
1749263605,2.33100000,5.33200000,2.63
1749263605,2.32800000,8.00000000,2.63
1749263907,2.63200000,48.17800000,2.633
1749263907,2.63100000,105.74800000,2.633
1749263907,2.63000000,48.17800000,2.633
1749263907,2.62900000,72.19200000,2.633
1749263907,2.62800000,195.31800000,2.633
1749263907,2.62700000,21.15300000,2.633
1749263907,2.62600000,142.36700000,2.633
1749263907,2.62500000,216.49600000,2.633
1749263907,2.62400000,127.76000000,2.633
1749263907,2.62300000,38.06600000,2.633
1749263907,2.62200000,117.73200000,2.633
1749263907,2.62100000,705.51900000,2.633
1749263907,2.62000000,264.71900000,2.633
1749263907,2.61900000,260.38900000,2.633
1749263907,2.61800000,294.55900000,2.633
1749263907,2.61700000,289.84800000,2.633
1749263907,2.61600000,610.46900000,2.633
1749263907,2.61500000,142.81600000,2.633
1749263907,2.61400000,241.77800000,2.633
1749263907,2.61300000,142.79800000,2.633
1749263907,2.61200000,156.59500000,2.633
1749263907,2.61100000,719.38800000,2.633
1749263907,2.61000000,142.99700000,2.633
1749263907,2.60900000,292.97700000,2.633
1749263907,2.60800000,590.29000000,2.633
1749263907,2.60700000,359.08800000,2.633
1749263907,2.60600000,345.01300000,2.633
1749263907,2.60500000,651.42300000,2.633
1749263907,2.60400000,347.49200000,2.633
1749263907,2.60300000,1219.79000000,2.633
1749263907,2.60200000,308.40000000,2.633
1749263907,2.60100000,257.64700000,2.633
1749263907,2.60000000,188.87800000,2.633
1749263907,2.59900000,930.36200000,2.633
1749263907,2.59800000,223.04700000,2.633
1749263907,2.59700000,11278.72700000,2.633
1749263907,2.59600000,198.14200000,2.633
1749263907,2.59500000,91.64800000,2.633
1749263907,2.59400000,303.48300000,2.633
1749263907,2.59300000,260.59100000,2.633
1749263907,2.59200000,195.31800000,2.633
1749263907,2.59000000,48.17800000,2.633
1749263907,2.58900000,311.13100000,2.633
1749263907,2.58700000,612.82100000,2.633
1749263907,2.58600000,195.31800000,2.633
1749263907,2.58500000,113.82500000,2.633
1749263907,2.58400000,48.17800000,2.633
1749263907,2.58300000,195.31800000,2.633
1749263907,2.58200000,48.17800000,2.633
1749263907,2.58100000,12.84100000,2.633
1749263907,2.58000000,195.92200000,2.633
1749263907,2.57400000,576.92300000,2.633
1749263907,2.57300000,5.82000000,2.633
1749263907,2.56800000,2.12600000,2.633
1749263907,2.56500000,2.85800000,2.633
1749263907,2.55200000,3.91100000,2.633
1749263907,2.55000000,327.84900000,2.633
1749263907,2.54900000,2.35400000,2.633
1749263907,2.53500000,2.89200000,2.633
1749263907,2.53200000,25.00000000,2.633
1749263907,2.53100000,119.94100000,2.633
1749263907,2.53000000,1092.66000000,2.633
1749263907,2.52000000,946.51500000,2.633
1749263907,2.51700000,833.19500000,2.633
1749263907,2.51000000,214.22300000,2.633
1749263907,2.50500000,2.92700000,2.633
1749263907,2.50000000,2609.23000000,2.633
1749263907,2.49700000,5.90000000,2.633
1749263907,2.49000000,7.64400000,2.633
1749263907,2.48200000,24.16200000,2.633
1749263907,2.47500000,15.20800000,2.633
1749263907,2.47000000,3.64400000,2.633
1749263907,2.46000000,6.23200000,2.633
1749263907,2.45900000,8.13300000,2.633
1749263907,2.45600000,3.80000000,2.633
1749263907,2.45000000,940.27300000,2.633
1749263907,2.44900000,2.44900000,2.633
1749263907,2.44600000,2.99700000,2.633
1749263907,2.44000000,6.42200000,2.633
1749263907,2.43200000,5210.98400000,2.633
1749263907,2.43100000,3.01600000,2.633
1749263907,2.42800000,5222.06800000,2.633
1749263907,2.42200000,5886.56100000,2.633
1749263907,2.42000000,14.62600000,2.633
1749263907,2.41900000,5457.27900000,2.633
1749263907,2.41700000,3.03300000,2.633
1749263907,2.41100000,7300.51600000,2.633
1749263907,2.40200000,3.05200000,2.633
1749263907,2.40000000,271.71200000,2.633
1749263907,2.39200000,2.34100000,2.633
1749263907,2.39100000,13.26100000,2.633
1749263907,2.38800000,3.07000000,2.633
1749263907,2.38000000,2.14200000,2.633
1749263907,2.37400000,3.08800000,2.633
1749263907,2.37000000,4.22000000,2.633
1749263907,2.35900000,3.10800000,2.633
1749263907,2.35600000,34.43900000,2.633
1749263907,2.35100000,40.83400000,2.633
1749263907,2.35000000,1104.44800000,2.633
1749263907,2.34500000,5.30100000,2.633
1749264208,2.63200000,48.17800000,2.632
1749264208,2.63100000,103.12200000,2.632
1749264208,2.63000000,48.17800000,2.632
1749264208,2.62900000,73.07200000,2.632
1749264208,2.62800000,195.31800000,2.632
1749264208,2.62700000,117.29900000,2.632
1749264208,2.62600000,163.52300000,2.632
1749264208,2.62500000,289.48900000,2.632
1749264208,2.62400000,149.05400000,2.632
1749264208,2.62300000,132.23700000,2.632
1749264208,2.62200000,272.30900000,2.632
1749264208,2.62100000,142.56400000,2.632
1749264208,2.62000000,264.71900000,2.632
1749264208,2.61900000,326.51100000,2.632
1749264208,2.61800000,142.72600000,2.632
1749264208,2.61700000,289.84800000,2.632
1749264208,2.61600000,544.20400000,2.632
1749264208,2.61500000,142.81600000,2.632
1749264208,2.61400000,241.77800000,2.632
1749264208,2.61300000,142.79800000,2.632
1749264208,2.61200000,156.59500000,2.632
1749264208,2.61100000,719.38800000,2.632
1749264208,2.61000000,142.99700000,2.632
1749264208,2.60900000,292.97700000,2.632
1749264208,2.60800000,384.45000000,2.632
1749264208,2.60700000,359.08800000,2.632
1749264208,2.60600000,142.67200000,2.632
1749264208,2.60500000,556.76700000,2.632
1749264208,2.60400000,299.00000000,2.632
1749264208,2.60300000,236.94700000,2.632
1749264208,2.60200000,308.40000000,2.632
1749264208,2.60100000,254.57200000,2.632
1749264208,2.60000000,142.80500000,2.632
1749264208,2.59900000,878.89500000,2.632
1749264208,2.59800000,223.04700000,2.632
1749264208,2.59700000,48.17800000,2.632
1749264208,2.59600000,412.49700000,2.632
1749264208,2.59400000,48.17800000,2.632
1749264208,2.59300000,11508.46500000,2.632
1749264208,2.59200000,195.31800000,2.632
1749264208,2.59100000,210.26200000,2.632
1749264208,2.59000000,48.17800000,2.632
1749264208,2.58900000,197.48100000,2.632
1749264208,2.58700000,612.82100000,2.632
1749264208,2.58600000,195.31800000,2.632
1749264208,2.58500000,162.00300000,2.632
1749264208,2.58400000,162.04800000,2.632
1749264208,2.58300000,195.31800000,2.632
1749264208,2.58100000,12.84100000,2.632
1749264208,2.58000000,195.92200000,2.632
1749264208,2.57400000,576.92300000,2.632
1749264208,2.56800000,2.12600000,2.632
1749264208,2.56500000,2.85800000,2.632
1749264208,2.56400000,387.00000000,2.632
1749264208,2.55400000,3.90800000,2.632
1749264208,2.55000000,327.84900000,2.632
1749264208,2.54900000,2.35400000,2.632
1749264208,2.53500000,2.89200000,2.632
1749264208,2.53200000,25.00000000,2.632
1749264208,2.53100000,162.87000000,2.632
1749264208,2.53000000,1092.66000000,2.632
1749264208,2.52000000,946.51500000,2.632
1749264208,2.51700000,833.19500000,2.632
1749264208,2.51000000,214.22300000,2.632
1749264208,2.50500000,2.92700000,2.632
1749264208,2.50000000,2609.23000000,2.632
1749264208,2.49700000,5.90000000,2.632
1749264208,2.49000000,7.64400000,2.632
1749264208,2.48200000,24.16200000,2.632
1749264208,2.47500000,15.20800000,2.632
1749264208,2.47000000,3.64400000,2.632
1749264208,2.46000000,6.23200000,2.632
1749264208,2.45900000,8.13300000,2.632
1749264208,2.45600000,3.80000000,2.632
1749264208,2.45000000,940.27300000,2.632
1749264208,2.44900000,2.44900000,2.632
1749264208,2.44600000,2.99700000,2.632
1749264208,2.44000000,6.42200000,2.632
1749264208,2.43200000,5210.98400000,2.632
1749264208,2.43100000,3.01600000,2.632
1749264208,2.42800000,5222.06800000,2.632
1749264208,2.42200000,5886.56100000,2.632
1749264208,2.42000000,14.62600000,2.632
1749264208,2.41900000,5457.27900000,2.632
1749264208,2.41700000,3.03300000,2.632
1749264208,2.41100000,7300.51600000,2.632
1749264208,2.40200000,3.05200000,2.632
1749264208,2.40000000,271.71200000,2.632
1749264208,2.39200000,2.34100000,2.632
1749264208,2.39100000,13.26100000,2.632
1749264208,2.38800000,3.07000000,2.632
1749264208,2.38000000,2.14200000,2.632
1749264208,2.37400000,3.08800000,2.632
1749264208,2.37000000,4.22000000,2.632
1749264208,2.35900000,3.10800000,2.632
1749264208,2.35600000,34.43900000,2.632
1749264208,2.35100000,40.83400000,2.632
1749264208,2.35000000,1104.44800000,2.632
1749264208,2.34500000,5.30100000,2.632
1749264208,2.33900000,16.23400000,2.632
1749264510,2.63500000,48.17800000,2.632
1749264510,2.63400000,105.63600000,2.632
1749264510,2.63300000,71.28200000,2.632
1749264510,2.63200000,195.31800000,2.632
1749264510,2.63100000,19.92200000,2.632
1749264510,2.63000000,98.09400000,2.632
1749264510,2.62900000,138.40500000,2.632
1749264510,2.62800000,195.31800000,2.632
1749264510,2.62700000,44.27200000,2.632
1749264510,2.62600000,142.42000000,2.632
1749264510,2.62500000,233.38400000,2.632
1749264510,2.62400000,127.28500000,2.632
1749264510,2.62300000,94.17100000,2.632
1749264510,2.62200000,117.73200000,2.632
1749264510,2.62100000,179.25900000,2.632
1749264510,2.62000000,437.36000000,2.632
1749264510,2.61900000,142.65400000,2.632
1749264510,2.61800000,208.75600000,2.632
1749264510,2.61700000,289.84800000,2.632
1749264510,2.61600000,367.35400000,2.632
1749264510,2.61500000,142.81600000,2.632
1749264510,2.61400000,241.77800000,2.632
1749264510,2.61300000,525.57700000,2.632
1749264510,2.61200000,156.59500000,2.632
1749264510,2.61100000,241.90400000,2.632
1749264510,2.61000000,142.99700000,2.632
1749264510,2.60900000,142.99700000,2.632
1749264510,2.60800000,384.45000000,2.632
1749264510,2.60700000,359.08800000,2.632
1749264510,2.60600000,142.67200000,2.632
1749264510,2.60500000,147.14000000,2.632
1749264510,2.60400000,503.35300000,2.632
1749264510,2.60300000,213.59500000,2.632
1749264510,2.60200000,331.75900000,2.632
1749264510,2.60100000,254.57200000,2.632
1749264510,2.60000000,142.80500000,2.632
1749264510,2.59900000,439.38900000,2.632
1749264510,2.59800000,633.77800000,2.632
1749264510,2.59700000,478.41500000,2.632
1749264510,2.59600000,412.49700000,2.632
1749264510,2.59400000,11356.96900000,2.632
1749264510,2.59300000,48.17800000,2.632
1749264510,2.59200000,195.31800000,2.632
1749264510,2.59000000,48.17800000,2.632
1749264510,2.58900000,197.48100000,2.632
1749264510,2.58700000,823.37700000,2.632
1749264510,2.58600000,408.33100000,2.632
1749264510,2.58500000,162.00300000,2.632
1749264510,2.58400000,48.17800000,2.632
1749264510,2.58300000,195.31800000,2.632
1749264510,2.58100000,12.84100000,2.632
1749264510,2.58000000,195.92200000,2.632
1749264510,2.57400000,576.92300000,2.632
1749264510,2.56800000,2.12600000,2.632
1749264510,2.56500000,2.85800000,2.632
1749264510,2.55000000,327.84900000,2.632
1749264510,2.54900000,2.35400000,2.632
1749264510,2.53500000,2.89200000,2.632
1749264510,2.53200000,25.00000000,2.632
1749264510,2.53100000,156.06500000,2.632
1749264510,2.53000000,1092.66000000,2.632
1749264510,2.52000000,946.51500000,2.632
1749264510,2.51000000,214.22300000,2.632
1749264510,2.50500000,816.65700000,2.632
1749264510,2.50000000,2609.23000000,2.632
1749264510,2.49700000,5.90000000,2.632
1749264510,2.49000000,7.64400000,2.632
1749264510,2.48200000,24.16200000,2.632
1749264510,2.47500000,15.20800000,2.632
1749264510,2.47000000,3.64400000,2.632
1749264510,2.46000000,6.23200000,2.632
1749264510,2.45900000,8.13300000,2.632
1749264510,2.45600000,3.80000000,2.632
1749264510,2.45000000,940.27300000,2.632
1749264510,2.44900000,2.44900000,2.632
1749264510,2.44600000,2.99700000,2.632
1749264510,2.44000000,6.42200000,2.632
1749264510,2.43200000,5210.98400000,2.632
1749264510,2.43100000,3.01600000,2.632
1749264510,2.42800000,5222.06800000,2.632
1749264510,2.42200000,5886.56100000,2.632
1749264510,2.42000000,14.62600000,2.632
1749264510,2.41900000,5457.27900000,2.632
1749264510,2.41700000,3.03300000,2.632
1749264510,2.41100000,7300.51600000,2.632
1749264510,2.40200000,3.05200000,2.632
1749264510,2.40000000,271.71200000,2.632
1749264510,2.39200000,2.34100000,2.632
1749264510,2.39100000,13.26100000,2.632
1749264510,2.38800000,3.07000000,2.632
1749264510,2.38000000,2.14200000,2.632
1749264510,2.37400000,3.08800000,2.632
1749264510,2.37000000,4.22000000,2.632
1749264510,2.35900000,3.10800000,2.632
1749264510,2.35600000,34.43900000,2.632
1749264510,2.35100000,40.83400000,2.632
1749264510,2.35000000,1104.44800000,2.632
1749264510,2.34500000,5.30100000,2.632
1749264510,2.33900000,16.23400000,2.632
1749264510,2.33100000,5.33200000,2.632
1749264811,2.63500000,48.17800000,2.634
1749264811,2.63400000,96.68100000,2.634
1749264811,2.63300000,78.32200000,2.634
1749264811,2.63200000,195.31800000,2.634
1749264811,2.63100000,19.92200000,2.634
1749264811,2.63000000,69.32500000,2.634
1749264811,2.62900000,117.27300000,2.634
1749264811,2.62800000,272.14300000,2.634
1749264811,2.62700000,117.20900000,2.634
1749264811,2.62600000,180.36300000,2.634
1749264811,2.62500000,289.41700000,2.634
1749264811,2.62400000,451.77300000,2.634
1749264811,2.62300000,94.17100000,2.634
1749264811,2.62200000,461.36800000,2.634
1749264811,2.62100000,497.69700000,2.634
1749264811,2.62000000,658.87900000,2.634
1749264811,2.61900000,299.35200000,2.634
1749264811,2.61800000,142.72600000,2.634
1749264811,2.61700000,289.84800000,2.634
1749264811,2.61600000,142.49200000,2.634
1749264811,2.61500000,394.63000000,2.634
1749264811,2.61400000,241.77800000,2.634
1749264811,2.61300000,142.79800000,2.634
1749264811,2.61200000,296.18400000,2.634
1749264811,2.61100000,445.70900000,2.634
1749264811,2.61000000,255.73200000,2.634
1749264811,2.60900000,142.99700000,2.634
1749264811,2.60800000,590.29000000,2.634
1749264811,2.60700000,1126.96400000,2.634
1749264811,2.60600000,250.51900000,2.634
1749264811,2.60500000,556.76700000,2.634
1749264811,2.60400000,416.83000000,2.634
1749264811,2.60300000,773.81300000,2.634
1749264811,2.60200000,195.31800000,2.634
1749264811,2.60100000,209.42300000,2.634
1749264811,2.60000000,11477.63500000,2.634
1749264811,2.59900000,540.78700000,2.634
1749264811,2.59800000,216.56700000,2.634
1749264811,2.59700000,303.18800000,2.634
1749264811,2.59600000,198.14200000,2.634
1749264811,2.59400000,113.43100000,2.634
1749264811,2.59300000,48.17800000,2.634
1749264811,2.59200000,195.31800000,2.634
1749264811,2.59000000,48.17800000,2.634
1749264811,2.58900000,197.48100000,2.634
1749264811,2.58700000,612.82100000,2.634
1749264811,2.58600000,195.31800000,2.634
1749264811,2.58500000,162.00300000,2.634
1749264811,2.58400000,48.17800000,2.634
1749264811,2.58100000,12.84100000,2.634
1749264811,2.58000000,195.92200000,2.634
1749264811,2.56800000,2.12600000,2.634
1749264811,2.56500000,2.85800000,2.634
1749264811,2.56200000,387.00000000,2.634
1749264811,2.55000000,327.84900000,2.634
1749264811,2.53500000,2.89200000,2.634
1749264811,2.53200000,25.00000000,2.634
1749264811,2.53100000,112.54700000,2.634
1749264811,2.53000000,1092.66000000,2.634
1749264811,2.52000000,946.51500000,2.634
1749264811,2.51000000,214.22300000,2.634
1749264811,2.50500000,816.65700000,2.634
1749264811,2.50000000,2609.23000000,2.634
1749264811,2.49700000,5.90000000,2.634
1749264811,2.49000000,7.64400000,2.634
1749264811,2.48200000,24.16200000,2.634
1749264811,2.47500000,15.20800000,2.634
1749264811,2.46000000,6.23200000,2.634
1749264811,2.45900000,8.13300000,2.634
1749264811,2.45600000,3.80000000,2.634
1749264811,2.45000000,940.27300000,2.634
1749264811,2.44900000,2.44900000,2.634
1749264811,2.44600000,2.99700000,2.634
1749264811,2.44000000,6.42200000,2.634
1749264811,2.43200000,5210.98400000,2.634
1749264811,2.43100000,3.01600000,2.634
1749264811,2.42800000,5222.06800000,2.634
1749264811,2.42200000,5886.56100000,2.634
1749264811,2.42000000,14.62600000,2.634
1749264811,2.41900000,5457.27900000,2.634
1749264811,2.41700000,3.03300000,2.634
1749264811,2.41100000,7300.51600000,2.634
1749264811,2.40200000,3.05200000,2.634
1749264811,2.40000000,271.71200000,2.634
1749264811,2.39200000,2.34100000,2.634
1749264811,2.39100000,8.24200000,2.634
1749264811,2.38800000,3.07000000,2.634
1749264811,2.38000000,2.14200000,2.634
1749264811,2.37400000,3.08800000,2.634
1749264811,2.37000000,4.22000000,2.634
1749264811,2.35900000,3.10800000,2.634
1749264811,2.35600000,34.43900000,2.634
1749264811,2.35100000,40.83400000,2.634
1749264811,2.35000000,1104.44800000,2.634
1749264811,2.34500000,5.30100000,2.634
1749264811,2.33900000,16.23400000,2.634
1749264811,2.33100000,5.33200000,2.634
1749264811,2.32800000,8.00000000,2.634
1749264811,2.32500000,154.91400000,2.634
1749264811,2.32000000,4.35600000,2.634
1749265113,2.63800000,23.12800000,2.64
1749265113,2.63700000,105.56600000,2.64
1749265113,2.63600000,62.88200000,2.64
1749265113,2.63500000,195.31800000,2.64
1749265113,2.63400000,51.39500000,2.64
1749265113,2.63300000,145.88600000,2.64
1749265113,2.63200000,344.95400000,2.64
1749265113,2.63100000,325.89300000,2.64
1749265113,2.63000000,142.09900000,2.64
1749265113,2.62900000,337.15500000,2.64
1749265113,2.62800000,292.11800000,2.64
1749265113,2.62700000,173.62700000,2.64
1749265113,2.62600000,218.33400000,2.64
1749265113,2.62500000,391.80500000,2.64
1749265113,2.62400000,345.92500000,2.64
1749265113,2.62300000,94.17100000,2.64
1749265113,2.62200000,175.28000000,2.64
1749265113,2.62100000,319.22100000,2.64
1749265113,2.62000000,241.31100000,2.64
1749265113,2.61900000,142.65400000,2.64
1749265113,2.61800000,345.98600000,2.64
1749265113,2.61700000,402.28200000,2.64
1749265113,2.61600000,293.95700000,2.64
1749265113,2.61500000,694.01500000,2.64
1749265113,2.61400000,498.29800000,2.64
1749265113,2.61300000,390.06100000,2.64
1749265113,2.61200000,482.82000000,2.64
1749265113,2.61100000,953.03800000,2.64
1749265113,2.61000000,685.75900000,2.64
1749265113,2.60900000,48.17800000,2.64
1749265113,2.60800000,195.31800000,2.64
1749265113,2.60600000,48.17800000,2.64
1749265113,2.60500000,319.77100000,2.64
1749265113,2.60400000,48.17800000,2.64
1749265113,2.60300000,11712.31700000,2.64
1749265113,2.60200000,499.25200000,2.64
1749265113,2.60100000,209.42300000,2.64
1749265113,2.60000000,260.04400000,2.64
1749265113,2.59900000,450.21100000,2.64
1749265113,2.59700000,48.17800000,2.64
1749265113,2.59600000,746.77800000,2.64
1749265113,2.59300000,48.17800000,2.64
1749265113,2.59200000,195.31800000,2.64
1749265113,2.59100000,113.56200000,2.64
1749265113,2.59000000,48.17800000,2.64
1749265113,2.58900000,771.06100000,2.64
1749265113,2.58200000,5.80000000,2.64
1749265113,2.58100000,12.84100000,2.64
1749265113,2.58000000,195.92200000,2.64
1749265113,2.57900000,387.00000000,2.64
1749265113,2.56800000,2.12600000,2.64
1749265113,2.56500000,2.85800000,2.64
1749265113,2.55000000,405.51200000,2.64
1749265113,2.54900000,1006.45900000,2.64
1749265113,2.53500000,2.89200000,2.64
1749265113,2.53200000,25.00000000,2.64
1749265113,2.53100000,90.74900000,2.64
1749265113,2.53000000,81.10600000,2.64
1749265113,2.52000000,946.51500000,2.64
1749265113,2.51000000,214.22300000,2.64
1749265113,2.50500000,816.65700000,2.64
1749265113,2.50000000,2609.23000000,2.64
1749265113,2.49700000,5.90000000,2.64
1749265113,2.49000000,7.64400000,2.64
1749265113,2.48200000,24.16200000,2.64
1749265113,2.47500000,15.20800000,2.64
1749265113,2.46000000,6.23200000,2.64
1749265113,2.45900000,8.13300000,2.64
1749265113,2.45600000,3.80000000,2.64
1749265113,2.45000000,940.27300000,2.64
1749265113,2.44900000,2.44900000,2.64
1749265113,2.44600000,2.99700000,2.64
1749265113,2.44000000,6.42200000,2.64
1749265113,2.43200000,5210.98400000,2.64
1749265113,2.43100000,3.01600000,2.64
1749265113,2.42800000,5222.06800000,2.64
1749265113,2.42200000,5886.56100000,2.64
1749265113,2.42000000,14.62600000,2.64
1749265113,2.41900000,5457.27900000,2.64
1749265113,2.41700000,3.03300000,2.64
1749265113,2.41100000,7300.51600000,2.64
1749265113,2.40200000,3.05200000,2.64
1749265113,2.40000000,271.71200000,2.64
1749265113,2.39200000,2.34100000,2.64
1749265113,2.39100000,8.24200000,2.64
1749265113,2.38800000,3.07000000,2.64
1749265113,2.38000000,2.14200000,2.64
1749265113,2.37400000,3.08800000,2.64
1749265113,2.37000000,4.22000000,2.64
1749265113,2.35900000,3.10800000,2.64
1749265113,2.35600000,34.43900000,2.64
1749265113,2.35100000,40.83400000,2.64
1749265113,2.35000000,1104.44800000,2.64
1749265113,2.34500000,5.30100000,2.64
1749265113,2.33900000,16.23400000,2.64
1749265113,2.33100000,5.33200000,2.64
1749265113,2.32800000,8.00000000,2.64
1749265113,2.32500000,154.91400000,2.64
1749265113,2.32000000,4.35600000,2.64
1749265113,2.31700000,434.75600000,2.64
1749265414,2.62900000,48.17800000,2.63
1749265414,2.62800000,130.89900000,2.63
1749265414,2.62700000,169.01400000,2.63
1749265414,2.62600000,111.75300000,2.63
1749265414,2.62500000,107.84900000,2.63
1749265414,2.62400000,443.80000000,2.63
1749265414,2.62300000,75.13200000,2.63
1749265414,2.62200000,521.38300000,2.63
1749265414,2.62100000,371.97500000,2.63
1749265414,2.62000000,150.64700000,2.63
1749265414,2.61900000,222.22700000,2.63
1749265414,2.61800000,261.38500000,2.63
1749265414,2.61700000,178.87700000,2.63
1749265414,2.61600000,2427.49100000,2.63
1749265414,2.61500000,686.12000000,2.63
1749265414,2.61400000,350.79800000,2.63
1749265414,2.61300000,367.55900000,2.63
1749265414,2.61200000,715.35600000,2.63
1749265414,2.61100000,903.76300000,2.63
1749265414,2.61000000,418.83500000,2.63
1749265414,2.60900000,142.45600000,2.63
1749265414,2.60800000,142.47400000,2.63
1749265414,2.60700000,289.59600000,2.63
1749265414,2.60600000,505.04900000,2.63
1749265414,2.60500000,804.99600000,2.63
1749265414,2.60400000,816.93800000,2.63
1749265414,2.60300000,161.21600000,2.63
1749265414,2.60200000,48.17800000,2.63
1749265414,2.60100000,11683.62100000,2.63
1749265414,2.60000000,260.04400000,2.63
1749265414,2.59700000,48.17800000,2.63
1749265414,2.59600000,305.64900000,2.63
1749265414,2.59400000,474.54400000,2.63
1749265414,2.59300000,3.75200000,2.63
1749265414,2.59100000,113.56200000,2.63
1749265414,2.58900000,2.16300000,2.63
1749265414,2.58800000,50.14300000,2.63
1749265414,2.58700000,21.22200000,2.63
1749265414,2.58600000,572.92000000,2.63
1749265414,2.58100000,12.84100000,2.63
1749265414,2.58000000,195.92200000,2.63
1749265414,2.57700000,576.25100000,2.63
1749265414,2.57500000,387.00000000,2.63
1749265414,2.56900000,5.78100000,2.63
1749265414,2.56800000,2.12600000,2.63
1749265414,2.56500000,2.85800000,2.63
1749265414,2.55000000,469.09100000,2.63
1749265414,2.54900000,1006.45900000,2.63
1749265414,2.53500000,2.89200000,2.63
1749265414,2.53200000,25.00000000,2.63
1749265414,2.53000000,81.10600000,2.63
1749265414,2.52100000,32.57500000,2.63
1749265414,2.52000000,946.51500000,2.63
1749265414,2.51000000,214.22300000,2.63
1749265414,2.50600000,724.04700000,2.63
1749265414,2.50500000,2.92700000,2.63
1749265414,2.50000000,2609.23000000,2.63
1749265414,2.49700000,5.90000000,2.63
1749265414,2.49000000,7.64400000,2.63
1749265414,2.48200000,24.16200000,2.63
1749265414,2.47500000,15.20800000,2.63
1749265414,2.46000000,6.23200000,2.63
1749265414,2.45900000,8.13300000,2.63
1749265414,2.45600000,3.80000000,2.63
1749265414,2.45000000,940.27300000,2.63
1749265414,2.44900000,2.44900000,2.63
1749265414,2.44600000,2.99700000,2.63
1749265414,2.44000000,6.42200000,2.63
1749265414,2.43300000,85.67900000,2.63
1749265414,2.43200000,5210.98400000,2.63
1749265414,2.43100000,3.01600000,2.63
1749265414,2.42800000,5222.06800000,2.63
1749265414,2.42200000,5886.56100000,2.63
1749265414,2.42000000,14.62600000,2.63
1749265414,2.41900000,5457.27900000,2.63
1749265414,2.41700000,3.03300000,2.63
1749265414,2.41100000,7300.51600000,2.63
1749265414,2.40200000,3.05200000,2.63
1749265414,2.40000000,271.71200000,2.63
1749265414,2.39300000,208.91600000,2.63
1749265414,2.39200000,2.34100000,2.63
1749265414,2.39100000,8.24200000,2.63
1749265414,2.38800000,3.07000000,2.63
1749265414,2.38000000,2.14200000,2.63
1749265414,2.37400000,3.08800000,2.63
1749265414,2.37000000,4.22000000,2.63
1749265414,2.35900000,3.10800000,2.63
1749265414,2.35600000,34.43900000,2.63
1749265414,2.35100000,40.83400000,2.63
1749265414,2.35000000,1104.44800000,2.63
1749265414,2.34500000,5.30100000,2.63
1749265414,2.33900000,16.23400000,2.63
1749265414,2.33100000,5.33200000,2.63
1749265414,2.32800000,8.00000000,2.63
1749265414,2.32500000,154.91400000,2.63
1749265414,2.32000000,4.35600000,2.63
1749265414,2.31700000,434.75600000,2.63
1749265414,2.31000000,3015.54400000,2.63
1749265414,2.30500000,16.23100000,2.63
1749265414,2.30400000,3.18200000,2.63
1749265719,2.63800000,48.17800000,2.639
1749265719,2.63700000,104.28400000,2.639
1749265719,2.63600000,48.17800000,2.639
1749265719,2.63400000,182.28600000,2.639
1749265719,2.63300000,195.31800000,2.639
1749265719,2.63200000,115.84600000,2.639
1749265719,2.63100000,164.02400000,2.639
1749265719,2.63000000,262.98600000,2.639
1749265719,2.62900000,741.01500000,2.639
1749265719,2.62800000,546.21000000,2.639
1749265719,2.62700000,408.56900000,2.639
1749265719,2.62600000,187.09500000,2.639
1749265719,2.62500000,535.23200000,2.639
1749265719,2.62400000,351.73900000,2.639
1749265719,2.62300000,163.94200000,2.639
1749265719,2.62200000,320.26100000,2.639
1749265719,2.62100000,289.31000000,2.639
1749265719,2.62000000,142.45600000,2.639
1749265719,2.61900000,142.45600000,2.639
1749265719,2.61800000,603.63200000,2.639
1749265719,2.61700000,254.60400000,2.639
1749265719,2.61600000,199.47000000,2.639
1749265719,2.61500000,195.31800000,2.639
1749265719,2.61400000,723.32400000,2.639
1749265719,2.61300000,557.08600000,2.639
1749265719,2.61200000,444.57000000,2.639
1749265719,2.61100000,1094.66400000,2.639
1749265719,2.61000000,849.15200000,2.639
1749265719,2.60900000,11465.24200000,2.639
1749265719,2.60800000,257.03900000,2.639
1749265719,2.60700000,358.43700000,2.639
1749265719,2.60600000,48.17800000,2.639
1749265719,2.60400000,98.01300000,2.639
1749265719,2.60300000,253.96300000,2.639
1749265719,2.60200000,221.00800000,2.639
1749265719,2.60100000,401.83700000,2.639
1749265719,2.60000000,48.17800000,2.639
1749265719,2.59600000,2.82400000,2.639
1749265719,2.59500000,562.61300000,2.639
1749265719,2.59100000,113.56200000,2.639
1749265719,2.58900000,2.16300000,2.639
1749265719,2.58600000,574.24500000,2.639
1749265719,2.58100000,12.84100000,2.639
1749265719,2.58000000,195.92200000,2.639
1749265719,2.57600000,387.00000000,2.639
1749265719,2.56800000,2.12600000,2.639
1749265719,2.56500000,2.85800000,2.639
1749265719,2.56000000,3.89900000,2.639
1749265719,2.55000000,380.14200000,2.639
1749265719,2.54900000,1006.45900000,2.639
1749265719,2.53500000,2.89200000,2.639
1749265719,2.53200000,25.00000000,2.639
1749265719,2.53000000,81.10600000,2.639
1749265719,2.52000000,946.51500000,2.639
1749265719,2.51000000,214.22300000,2.639
1749265719,2.50600000,724.04700000,2.639
1749265719,2.50500000,2.92700000,2.639
1749265719,2.50000000,2609.23000000,2.639
1749265719,2.49700000,5.90000000,2.639
1749265719,2.49000000,7.64400000,2.639
1749265719,2.48200000,24.16200000,2.639
1749265719,2.47500000,15.20800000,2.639
1749265719,2.46000000,6.23200000,2.639
1749265719,2.45900000,8.13300000,2.639
1749265719,2.45600000,3.80000000,2.639
1749265719,2.45000000,940.27300000,2.639
1749265719,2.44900000,2.44900000,2.639
1749265719,2.44600000,2.99700000,2.639
1749265719,2.44000000,6.42200000,2.639
1749265719,2.43200000,5210.98400000,2.639
1749265719,2.43100000,3.01600000,2.639
1749265719,2.42800000,5222.06800000,2.639
1749265719,2.42200000,5886.56100000,2.639
1749265719,2.42000000,14.62600000,2.639
1749265719,2.41900000,5457.27900000,2.639
1749265719,2.41700000,3.03300000,2.639
1749265719,2.41100000,7300.51600000,2.639
1749265719,2.40200000,3.05200000,2.639
1749265719,2.40000000,271.71200000,2.639
1749265719,2.39200000,2.34100000,2.639
1749265719,2.39100000,8.24200000,2.639
1749265719,2.38800000,3.07000000,2.639
1749265719,2.38000000,2.14200000,2.639
1749265719,2.37400000,3.08800000,2.639
1749265719,2.37000000,4.22000000,2.639
1749265719,2.35900000,3.10800000,2.639
1749265719,2.35600000,34.43900000,2.639
1749265719,2.35100000,40.83400000,2.639
1749265719,2.35000000,1104.44800000,2.639
1749265719,2.34500000,5.30100000,2.639
1749265719,2.33900000,16.23400000,2.639
1749265719,2.33100000,5.33200000,2.639
1749265719,2.32800000,8.00000000,2.639
1749265719,2.32500000,154.91400000,2.639
1749265719,2.32000000,4.35600000,2.639
1749265719,2.31700000,434.75600000,2.639
1749265719,2.31000000,3015.54400000,2.639
1749265719,2.30500000,16.23100000,2.639
1749265719,2.30400000,3.18200000,2.639
1749265719,2.30000000,117.01000000,2.639
1749266022,2.63900000,48.17800000,2.641
1749266022,2.63800000,295.60500000,2.641
1749266022,2.63700000,69.65200000,2.641
1749266022,2.63600000,48.17800000,2.641
1749266022,2.63500000,147.14000000,2.641
1749266022,2.63400000,79.51400000,2.641
1749266022,2.63300000,533.29000000,2.641
1749266022,2.63200000,320.50400000,2.641
1749266022,2.63100000,395.31400000,2.641
1749266022,2.63000000,94.06400000,2.641
1749266022,2.62900000,617.64500000,2.641
1749266022,2.62800000,2201.27800000,2.641
1749266022,2.62700000,167.87000000,2.641
1749266022,2.62600000,142.22400000,2.641
1749266022,2.62500000,432.82500000,2.641
1749266022,2.62400000,289.38200000,2.641
1749266022,2.62300000,386.79800000,2.641
1749266022,2.62200000,511.96000000,2.641
1749266022,2.62100000,504.44600000,2.641
1749266022,2.62000000,485.07800000,2.641
1749266022,2.61900000,342.11200000,2.641
1749266022,2.61800000,1274.60800000,2.641
1749266022,2.61700000,312.15700000,2.641
1749266022,2.61500000,355.44200000,2.641
1749266022,2.61400000,248.47000000,2.641
1749266022,2.61300000,94.16800000,2.641
1749266022,2.61200000,409.18900000,2.641
1749266022,2.61100000,382.99500000,2.641
1749266022,2.61000000,437.70000000,2.641
1749266022,2.60900000,284.05900000,2.641
1749266022,2.60800000,11183.18100000,2.641
1749266022,2.60700000,358.43700000,2.641
1749266022,2.60600000,49.79700000,2.641
1749266022,2.60300000,253.96300000,2.641
1749266022,2.60200000,172.83000000,2.641
1749266022,2.60100000,401.83700000,2.641
1749266022,2.59600000,2.82400000,2.641
1749266022,2.59500000,709.75300000,2.641
1749266022,2.59100000,113.56200000,2.641
1749266022,2.58900000,2.16300000,2.641
1749266022,2.58600000,574.24500000,2.641
1749266022,2.58100000,12.84100000,2.641
1749266022,2.58000000,195.92200000,2.641
1749266022,2.57400000,387.00000000,2.641
1749266022,2.56800000,2.12600000,2.641
1749266022,2.56500000,2.85800000,2.641
1749266022,2.56000000,3.89900000,2.641
1749266022,2.55000000,468.40400000,2.641
1749266022,2.54900000,1006.45900000,2.641
1749266022,2.53500000,2.89200000,2.641
1749266022,2.53200000,25.00000000,2.641
1749266022,2.53000000,81.10600000,2.641
1749266022,2.52000000,946.51500000,2.641
1749266022,2.51000000,214.22300000,2.641
1749266022,2.50600000,724.04700000,2.641
1749266022,2.50500000,2.92700000,2.641
1749266022,2.50000000,2609.23000000,2.641
1749266022,2.49700000,5.90000000,2.641
1749266022,2.49000000,7.64400000,2.641
1749266022,2.48200000,24.16200000,2.641
1749266022,2.47500000,15.20800000,2.641
1749266022,2.46000000,6.23200000,2.641
1749266022,2.45900000,8.13300000,2.641
1749266022,2.45600000,3.80000000,2.641
1749266022,2.45000000,940.27300000,2.641
1749266022,2.44900000,2.44900000,2.641
1749266022,2.44600000,2.99700000,2.641
1749266022,2.44000000,6.42200000,2.641
1749266022,2.43200000,5210.98400000,2.641
1749266022,2.43100000,3.01600000,2.641
1749266022,2.42800000,5222.06800000,2.641
1749266022,2.42200000,5886.56100000,2.641
1749266022,2.42000000,14.62600000,2.641
1749266022,2.41900000,5457.27900000,2.641
1749266022,2.41700000,3.03300000,2.641
1749266022,2.41100000,7300.51600000,2.641
1749266022,2.40200000,3.05200000,2.641
1749266022,2.40000000,271.71200000,2.641
1749266022,2.39200000,2.34100000,2.641
1749266022,2.39100000,8.24200000,2.641
1749266022,2.38800000,3.07000000,2.641
1749266022,2.38000000,2.14200000,2.641
1749266022,2.37400000,3.08800000,2.641
1749266022,2.37000000,4.22000000,2.641
1749266022,2.35900000,3.10800000,2.641
1749266022,2.35600000,34.43900000,2.641
1749266022,2.35100000,40.83400000,2.641
1749266022,2.35000000,1104.44800000,2.641
1749266022,2.34500000,5.30100000,2.641
1749266022,2.33900000,16.23400000,2.641
1749266022,2.33100000,5.33200000,2.641
1749266022,2.32800000,8.00000000,2.641
1749266022,2.32500000,154.91400000,2.641
1749266022,2.32000000,4.35600000,2.641
1749266022,2.31700000,434.75600000,2.641
1749266022,2.31000000,3015.54400000,2.641
1749266022,2.30500000,16.23100000,2.641
1749266022,2.30400000,3.18200000,2.641
1749266022,2.30000000,117.01000000,2.641
1749266022,2.29000000,223.81200000,2.641
1749266323,2.63600000,219.75000000,2.643
1749266323,2.63500000,516.04800000,2.643
1749266323,2.63400000,69.69500000,2.643
1749266323,2.63300000,236.28600000,2.643
1749266323,2.63200000,390.16500000,2.643
1749266323,2.63100000,48.17800000,2.643
1749266323,2.63000000,308.12500000,2.643
1749266323,2.62900000,445.46200000,2.643
1749266323,2.62800000,2237.48600000,2.643
1749266323,2.62700000,141.92200000,2.643
1749266323,2.62600000,141.78000000,2.643
1749266323,2.62500000,344.49800000,2.643
1749266323,2.62400000,195.31800000,2.643
1749266323,2.62300000,165.02500000,2.643
1749266323,2.62200000,235.76700000,2.643
1749266323,2.62100000,456.17900000,2.643
1749266323,2.62000000,729.21300000,2.643
1749266323,2.61900000,646.35300000,2.643
1749266323,2.61800000,1133.91600000,2.643
1749266323,2.61700000,347.23100000,2.643
1749266323,2.61600000,254.62900000,2.643
1749266323,2.61500000,355.44200000,2.643
1749266323,2.61400000,609.98800000,2.643
1749266323,2.61300000,825.95500000,2.643
1749266323,2.61200000,367.59800000,2.643
1749266323,2.61100000,636.17900000,2.643
1749266323,2.61000000,48.17800000,2.643
1749266323,2.60900000,253.91600000,2.643
1749266323,2.60800000,11231.35900000,2.643
1749266323,2.60700000,195.31800000,2.643
1749266323,2.60600000,21.06800000,2.643
1749266323,2.60500000,97.99400000,2.643
1749266323,2.60100000,880.33600000,2.643
1749266323,2.60000000,4.88300000,2.643
1749266323,2.59900000,113.21200000,2.643
1749266323,2.59700000,563.70000000,2.643
1749266323,2.59600000,2.82400000,2.643
1749266323,2.59500000,147.14000000,2.643
1749266323,2.58900000,7.94700000,2.643
1749266323,2.58600000,574.24500000,2.643
1749266323,2.58100000,12.84100000,2.643
1749266323,2.58000000,195.92200000,2.643
1749266323,2.57900000,387.00000000,2.643
1749266323,2.56800000,2.12600000,2.643
1749266323,2.56500000,2.85800000,2.643
1749266323,2.56100000,3.89700000,2.643
1749266323,2.55000000,479.31700000,2.643
1749266323,2.54900000,1006.45900000,2.643
1749266323,2.53500000,2.89200000,2.643
1749266323,2.53200000,25.00000000,2.643
1749266323,2.53000000,81.10600000,2.643
1749266323,2.52100000,27.99800000,2.643
1749266323,2.52000000,946.51500000,2.643
1749266323,2.51000000,214.22300000,2.643
1749266323,2.50500000,2.92700000,2.643
1749266323,2.50000000,2609.23000000,2.643
1749266323,2.49700000,5.90000000,2.643
1749266323,2.49000000,7.64400000,2.643
1749266323,2.48200000,24.16200000,2.643
1749266323,2.47500000,15.20800000,2.643
1749266323,2.46000000,6.23200000,2.643
1749266323,2.45900000,8.13300000,2.643
1749266323,2.45600000,3.80000000,2.643
1749266323,2.45000000,940.27300000,2.643
1749266323,2.44900000,2.44900000,2.643
1749266323,2.44600000,2.99700000,2.643
1749266323,2.44000000,6.42200000,2.643
1749266323,2.43200000,5210.98400000,2.643
1749266323,2.43100000,3.01600000,2.643
1749266323,2.42800000,5222.06800000,2.643
1749266323,2.42200000,5886.56100000,2.643
1749266323,2.42000000,14.62600000,2.643
1749266323,2.41900000,5457.27900000,2.643
1749266323,2.41700000,3.03300000,2.643
1749266323,2.41100000,7300.51600000,2.643
1749266323,2.40200000,3.05200000,2.643
1749266323,2.40000000,271.71200000,2.643
1749266323,2.39200000,2.34100000,2.643
1749266323,2.39100000,8.24200000,2.643
1749266323,2.38800000,3.07000000,2.643
1749266323,2.38000000,2.14200000,2.643
1749266323,2.37400000,3.08800000,2.643
1749266323,2.37000000,4.22000000,2.643
1749266323,2.35900000,3.10800000,2.643
1749266323,2.35600000,34.43900000,2.643
1749266323,2.35100000,40.83400000,2.643
1749266323,2.35000000,1104.44800000,2.643
1749266323,2.34500000,5.30100000,2.643
1749266323,2.33900000,16.23400000,2.643
1749266323,2.33100000,5.33200000,2.643
1749266323,2.32800000,8.00000000,2.643
1749266323,2.32500000,154.91400000,2.643
1749266323,2.32000000,4.35600000,2.643
1749266323,2.31700000,434.75600000,2.643
1749266323,2.31000000,3015.54400000,2.643
1749266323,2.30500000,16.23100000,2.643
1749266323,2.30400000,3.18200000,2.643
1749266323,2.30000000,117.01000000,2.643
1749266323,2.29000000,223.81200000,2.643
1749266323,2.28600000,5.90000000,2.643
1749266633,2.64500000,17.65000000,2.647
1749266633,2.64400000,48.17800000,2.647
1749266633,2.64300000,195.31800000,2.647
1749266633,2.64200000,64.24200000,2.647
1749266633,2.64100000,460.42000000,2.647
1749266633,2.64000000,203.25800000,2.647
1749266633,2.63900000,48.17800000,2.647
1749266633,2.63800000,47.23400000,2.647
1749266633,2.63700000,263.83300000,2.647
1749266633,2.63600000,2069.07300000,2.647
1749266633,2.63500000,141.78000000,2.647
1749266633,2.63400000,282.46900000,2.647
1749266633,2.63300000,335.63000000,2.647
1749266633,2.63200000,339.36000000,2.647
1749266633,2.63100000,217.72800000,2.647
1749266633,2.63000000,141.92200000,2.647
1749266633,2.62900000,699.76300000,2.647
1749266633,2.62800000,144.71200000,2.647
1749266633,2.62700000,283.04100000,2.647
1749266633,2.62600000,141.92200000,2.647
1749266633,2.62500000,135.30100000,2.647
1749266633,2.62400000,93.74400000,2.647
1749266633,2.62300000,300.22900000,2.647
1749266633,2.62200000,187.39400000,2.647
1749266633,2.62100000,215.26000000,2.647
1749266633,2.62000000,147.14000000,2.647
1749266633,2.61900000,93.94100000,2.647
1749266633,2.61800000,571.45500000,2.647
1749266633,2.61700000,250.52700000,2.647
1749266633,2.61500000,259.66000000,2.647
1749266633,2.61400000,248.47000000,2.647
1749266633,2.61300000,1192.51700000,2.647
1749266633,2.61200000,522.70000000,2.647
1749266633,2.61100000,444.32100000,2.647
1749266633,2.61000000,11174.61200000,2.647
1749266633,2.60900000,168.18400000,2.647
1749266633,2.60800000,49.75900000,2.647
1749266633,2.60600000,558.34900000,2.647
1749266633,2.60300000,356.40200000,2.647
1749266633,2.60100000,944.98100000,2.647
1749266633,2.60000000,4.88300000,2.647
1749266633,2.59900000,113.21200000,2.647
1749266633,2.59600000,2.82400000,2.647
1749266633,2.59400000,572.47400000,2.647
1749266633,2.58900000,7.94700000,2.647
1749266633,2.58100000,12.84100000,2.647
1749266633,2.58000000,195.92200000,2.647
1749266633,2.57900000,387.00000000,2.647
1749266633,2.56900000,3.88500000,2.647
1749266633,2.56800000,2.12600000,2.647
1749266633,2.56500000,2.85800000,2.647
1749266633,2.55000000,476.75100000,2.647
1749266633,2.54900000,1006.45900000,2.647
1749266633,2.53500000,2.89200000,2.647
1749266633,2.53200000,25.00000000,2.647
1749266633,2.53000000,81.10600000,2.647
1749266633,2.52000000,946.51500000,2.647
1749266633,2.51000000,214.22300000,2.647
1749266633,2.50500000,2.92700000,2.647
1749266633,2.50000000,2609.23000000,2.647
1749266633,2.49700000,5.90000000,2.647
1749266633,2.49000000,7.64400000,2.647
1749266633,2.48200000,24.16200000,2.647
1749266633,2.47500000,15.20800000,2.647
1749266633,2.46000000,6.23200000,2.647
1749266633,2.45900000,8.13300000,2.647
1749266633,2.45600000,3.80000000,2.647
1749266633,2.45000000,940.27300000,2.647
1749266633,2.44900000,2.44900000,2.647
1749266633,2.44600000,2.99700000,2.647
1749266633,2.44000000,6.42200000,2.647
1749266633,2.43200000,5210.98400000,2.647
1749266633,2.43100000,3.01600000,2.647
1749266633,2.42800000,5222.06800000,2.647
1749266633,2.42200000,5886.56100000,2.647
1749266633,2.42000000,14.62600000,2.647
1749266633,2.41900000,5457.27900000,2.647
1749266633,2.41700000,3.03300000,2.647
1749266633,2.41100000,7300.51600000,2.647
1749266633,2.40200000,3.05200000,2.647
1749266633,2.40000000,271.71200000,2.647
1749266633,2.39200000,2.34100000,2.647
1749266633,2.39100000,8.24200000,2.647
1749266633,2.38800000,3.07000000,2.647
1749266633,2.38000000,2.14200000,2.647
1749266633,2.37400000,3.08800000,2.647
1749266633,2.37000000,4.22000000,2.647
1749266633,2.35900000,3.10800000,2.647
1749266633,2.35600000,34.43900000,2.647
1749266633,2.35100000,40.83400000,2.647
1749266633,2.35000000,1104.44800000,2.647
1749266633,2.34500000,5.30100000,2.647
1749266633,2.33900000,16.23400000,2.647
1749266633,2.33100000,5.33200000,2.647
1749266633,2.32800000,8.00000000,2.647
1749266633,2.32500000,154.91400000,2.647
1749266633,2.32000000,4.35600000,2.647
1749266633,2.31700000,434.75600000,2.647
1749266633,2.31000000,3015.54400000,2.647
1749266633,2.30500000,16.23100000,2.647
1749266935,2.64600000,48.17800000,2.648
1749266935,2.64500000,120.07500000,2.648
1749266935,2.64400000,244.99300000,2.648
1749266935,2.64300000,392.17400000,2.648
1749266935,2.64200000,64.24200000,2.648
1749266935,2.64100000,67.53200000,2.648
1749266935,2.64000000,147.14000000,2.648
1749266935,2.63900000,232.73300000,2.648
1749266935,2.63800000,2157.83600000,2.648
1749266935,2.63700000,385.52300000,2.648
1749266935,2.63600000,392.73900000,2.648
1749266935,2.63500000,217.47700000,2.648
1749266935,2.63400000,391.02100000,2.648
1749266935,2.63300000,229.18600000,2.648
1749266935,2.63200000,563.68400000,2.648
1749266935,2.63100000,141.92200000,2.648
1749266935,2.63000000,141.92200000,2.648
1749266935,2.62900000,323.39300000,2.648
1749266935,2.62800000,137.07900000,2.648
1749266935,2.62700000,296.11200000,2.648
1749266935,2.62600000,141.78000000,2.648
1749266935,2.62500000,299.34600000,2.648
1749266935,2.62400000,201.51900000,2.648
1749266935,2.62300000,147.14000000,2.648
1749266935,2.62200000,142.02300000,2.648
1749266935,2.62100000,215.26000000,2.648
1749266935,2.62000000,599.01900000,2.648
1749266935,2.61900000,293.98900000,2.648
1749266935,2.61800000,751.31200000,2.648
1749266935,2.61600000,112.47700000,2.648
1749266935,2.61500000,147.14000000,2.648
1749266935,2.61400000,257.43100000,2.648
1749266935,2.61300000,212.94100000,2.648
1749266935,2.61200000,11488.17100000,2.648
1749266935,2.61100000,382.99500000,2.648
1749266935,2.61000000,208.70100000,2.648
1749266935,2.60900000,147.14000000,2.648
1749266935,2.60800000,211.21600000,2.648
1749266935,2.60600000,558.34900000,2.648
1749266935,2.60300000,147.14000000,2.648
1749266935,2.60100000,733.19600000,2.648
1749266935,2.60000000,4.88300000,2.648
1749266935,2.59900000,113.21200000,2.648
1749266935,2.59600000,579.62500000,2.648
1749266935,2.58900000,2.16300000,2.648
1749266935,2.58100000,12.84100000,2.648
1749266935,2.58000000,195.92200000,2.648
1749266935,2.56800000,2.12600000,2.648
1749266935,2.56500000,2.85800000,2.648
1749266935,2.55000000,534.62500000,2.648
1749266935,2.54900000,1006.45900000,2.648
1749266935,2.53700000,387.00000000,2.648
1749266935,2.53500000,2.89200000,2.648
1749266935,2.53200000,25.00000000,2.648
1749266935,2.53000000,81.10600000,2.648
1749266935,2.52000000,946.51500000,2.648
1749266935,2.51000000,214.22300000,2.648
1749266935,2.50500000,2.92700000,2.648
1749266935,2.50000000,2609.23000000,2.648
1749266935,2.49700000,5.90000000,2.648
1749266935,2.49000000,7.64400000,2.648
1749266935,2.48200000,24.16200000,2.648
1749266935,2.47500000,15.20800000,2.648
1749266935,2.46000000,6.23200000,2.648
1749266935,2.45900000,8.13300000,2.648
1749266935,2.45600000,3.80000000,2.648
1749266935,2.45000000,940.27300000,2.648
1749266935,2.44900000,2.44900000,2.648
1749266935,2.44600000,2.99700000,2.648
1749266935,2.44000000,6.42200000,2.648
1749266935,2.43200000,5210.98400000,2.648
1749266935,2.43100000,3.01600000,2.648
1749266935,2.42800000,5222.06800000,2.648
1749266935,2.42200000,5886.56100000,2.648
1749266935,2.42000000,14.62600000,2.648
1749266935,2.41900000,5457.27900000,2.648
1749266935,2.41700000,3.03300000,2.648
1749266935,2.41100000,7300.51600000,2.648
1749266935,2.40200000,3.05200000,2.648
1749266935,2.40000000,271.71200000,2.648
1749266935,2.39200000,2.34100000,2.648
1749266935,2.39100000,8.24200000,2.648
1749266935,2.38800000,3.07000000,2.648
1749266935,2.38000000,2.14200000,2.648
1749266935,2.37400000,3.08800000,2.648
1749266935,2.37000000,4.22000000,2.648
1749266935,2.35900000,3.10800000,2.648
1749266935,2.35600000,34.43900000,2.648
1749266935,2.35100000,40.83400000,2.648
1749266935,2.35000000,1104.44800000,2.648
1749266935,2.34500000,5.30100000,2.648
1749266935,2.33900000,16.23400000,2.648
1749266935,2.33100000,5.33200000,2.648
1749266935,2.32800000,8.00000000,2.648
1749266935,2.32500000,154.91400000,2.648
1749266935,2.32000000,4.35600000,2.648
1749266935,2.31700000,434.75600000,2.648
1749266935,2.31000000,3015.54400000,2.648
1749266935,2.30500000,16.23100000,2.648
1749266935,2.30400000,3.18200000,2.648
1749267236,2.64200000,48.17800000,2.645
1749267236,2.64100000,130.49200000,2.645
1749267236,2.64000000,48.17800000,2.645
1749267236,2.63900000,117.46800000,2.645
1749267236,2.63800000,243.67400000,2.645
1749267236,2.63700000,412.46300000,2.645
1749267236,2.63600000,219.75000000,2.645
1749267236,2.63500000,264.03100000,2.645
1749267236,2.63400000,310.65000000,2.645
1749267236,2.63300000,281.03300000,2.645
1749267236,2.63200000,2024.33500000,2.645
1749267236,2.63100000,141.92200000,2.645
1749267236,2.63000000,217.76300000,2.645
1749267236,2.62900000,492.46500000,2.645
1749267236,2.62800000,217.88200000,2.645
1749267236,2.62700000,93.54900000,2.645
1749267236,2.62600000,288.92000000,2.645
1749267236,2.62500000,203.59000000,2.645
1749267236,2.62400000,365.63000000,2.645
1749267236,2.62300000,240.86600000,2.645
1749267236,2.62200000,259.05300000,2.645
1749267236,2.62100000,309.07500000,2.645
1749267236,2.62000000,648.97500000,2.645
1749267236,2.61900000,358.24100000,2.645
1749267236,2.61800000,203.72500000,2.645
1749267236,2.61700000,212.71100000,2.645
1749267236,2.61600000,48.17800000,2.645
1749267236,2.61500000,473.71100000,2.645
1749267236,2.61400000,253.61200000,2.645
1749267236,2.61300000,414.74000000,2.645
1749267236,2.61200000,522.70000000,2.645
1749267236,2.61100000,429.54300000,2.645
1749267236,2.61000000,160.91300000,2.645
1749267236,2.60900000,195.31800000,2.645
1749267236,2.60800000,11232.94000000,2.645
1749267236,2.60600000,558.34900000,2.645
1749267236,2.60300000,356.40200000,2.645
1749267236,2.60100000,211.78500000,2.645
1749267236,2.60000000,4.88300000,2.645
1749267236,2.59900000,113.21200000,2.645
1749267236,2.59600000,2.82400000,2.645
1749267236,2.58900000,580.52400000,2.645
1749267236,2.58500000,387.00000000,2.645
1749267236,2.58100000,12.84100000,2.645
1749267236,2.58000000,195.92200000,2.645
1749267236,2.56800000,2.12600000,2.645
1749267236,2.56500000,2.85800000,2.645
1749267236,2.55000000,490.44100000,2.645
1749267236,2.54900000,1006.45900000,2.645
1749267236,2.53500000,2.89200000,2.645
1749267236,2.53200000,25.00000000,2.645
1749267236,2.53000000,81.10600000,2.645
1749267236,2.52000000,946.51500000,2.645
1749267236,2.51000000,214.22300000,2.645
1749267236,2.50500000,2.92700000,2.645
1749267236,2.50000000,2609.23000000,2.645
1749267236,2.49700000,5.90000000,2.645
1749267236,2.49000000,7.64400000,2.645
1749267236,2.48200000,24.16200000,2.645
1749267236,2.47500000,15.20800000,2.645
1749267236,2.46000000,6.23200000,2.645
1749267236,2.45900000,8.13300000,2.645
1749267236,2.45600000,3.80000000,2.645
1749267236,2.45000000,940.27300000,2.645
1749267236,2.44900000,2.44900000,2.645
1749267236,2.44600000,2.99700000,2.645
1749267236,2.44000000,6.42200000,2.645
1749267236,2.43200000,5210.98400000,2.645
1749267236,2.43100000,3.01600000,2.645
1749267236,2.42800000,5222.06800000,2.645
1749267236,2.42200000,5886.56100000,2.645
1749267236,2.42000000,14.62600000,2.645
1749267236,2.41900000,5457.27900000,2.645
1749267236,2.41700000,3.03300000,2.645
1749267236,2.41100000,7300.51600000,2.645
1749267236,2.40200000,3.05200000,2.645
1749267236,2.40000000,271.71200000,2.645
1749267236,2.39200000,2.34100000,2.645
1749267236,2.39100000,8.24200000,2.645
1749267236,2.38800000,3.07000000,2.645
1749267236,2.38000000,2.14200000,2.645
1749267236,2.37400000,3.08800000,2.645
1749267236,2.37000000,4.22000000,2.645
1749267236,2.35900000,3.10800000,2.645
1749267236,2.35600000,34.43900000,2.645
1749267236,2.35100000,40.83400000,2.645
1749267236,2.35000000,1104.44800000,2.645
1749267236,2.34500000,5.30100000,2.645
1749267236,2.33900000,16.23400000,2.645
1749267236,2.33100000,5.33200000,2.645
1749267236,2.32800000,8.00000000,2.645
1749267236,2.32500000,154.91400000,2.645
1749267236,2.32000000,4.35600000,2.645
1749267236,2.31700000,434.75600000,2.645
1749267236,2.31000000,3015.54400000,2.645
1749267236,2.30500000,16.23100000,2.645
1749267236,2.30400000,3.18200000,2.645
1749267236,2.30000000,117.01000000,2.645
1749267236,2.29000000,223.81200000,2.645
1749267236,2.28600000,5.90000000,2.645
1749267538,2.65000000,48.17800000,2.652
1749267538,2.64900000,130.24300000,2.652
1749267538,2.64800000,17.21800000,2.652
1749267538,2.64700000,65.66400000,2.652
1749267538,2.64600000,164.62200000,2.652
1749267538,2.64500000,48.17800000,2.652
1749267538,2.64400000,83.42000000,2.652
1749267538,2.64300000,164.70900000,2.652
1749267538,2.64200000,141.81500000,2.652
1749267538,2.64100000,441.82400000,2.652
1749267538,2.64000000,333.88200000,2.652
1749267538,2.63900000,2084.41700000,2.652
1749267538,2.63800000,140.97800000,2.652
1749267538,2.63700000,375.60100000,2.652
1749267538,2.63600000,313.56500000,2.652
1749267538,2.63500000,141.99300000,2.652
1749267538,2.63400000,310.65000000,2.652
1749267538,2.63300000,154.11500000,2.652
1749267538,2.63200000,437.33400000,2.652
1749267538,2.63100000,141.92200000,2.652
1749267538,2.63000000,141.92200000,2.652
1749267538,2.62900000,417.06600000,2.652
1749267538,2.62800000,291.01200000,2.652
1749267538,2.62700000,48.17800000,2.652
1749267538,2.62600000,195.31800000,2.652
1749267538,2.62500000,315.68100000,2.652
1749267538,2.62400000,48.17800000,2.652
1749267538,2.62300000,147.14000000,2.652
1749267538,2.62200000,142.02300000,2.652
1749267538,2.62100000,215.26000000,2.652
1749267538,2.62000000,373.50700000,2.652
1749267538,2.61900000,142.11900000,2.652
1749267538,2.61800000,203.72500000,2.652
1749267538,2.61700000,258.48400000,2.652
1749267538,2.61600000,160.65500000,2.652
1749267538,2.61500000,473.71100000,2.652
1749267538,2.61400000,413.15400000,2.652
1749267538,2.61300000,464.40400000,2.652
1749267538,2.61200000,11688.75500000,2.652
1749267538,2.61100000,382.99500000,2.652
1749267538,2.60900000,147.14000000,2.652
1749267538,2.60600000,558.34900000,2.652
1749267538,2.60300000,356.40200000,2.652
1749267538,2.60100000,211.78500000,2.652
1749267538,2.60000000,4.88300000,2.652
1749267538,2.59900000,113.21200000,2.652
1749267538,2.59600000,2.82400000,2.652
1749267538,2.58900000,580.52400000,2.652
1749267538,2.58100000,12.84100000,2.652
1749267538,2.58000000,195.92200000,2.652
1749267538,2.56800000,2.12600000,2.652
1749267538,2.56500000,2.85800000,2.652
1749267538,2.55000000,537.21100000,2.652
1749267538,2.54900000,1006.45900000,2.652
1749267538,2.53500000,2.89200000,2.652
1749267538,2.53200000,25.00000000,2.652
1749267538,2.53000000,81.10600000,2.652
1749267538,2.52000000,946.51500000,2.652
1749267538,2.51000000,214.22300000,2.652
1749267538,2.50500000,2.92700000,2.652
1749267538,2.50000000,2609.23000000,2.652
1749267538,2.49700000,5.90000000,2.652
1749267538,2.49000000,7.64400000,2.652
1749267538,2.48200000,24.16200000,2.652
1749267538,2.47500000,15.20800000,2.652
1749267538,2.46000000,6.23200000,2.652
1749267538,2.45900000,8.13300000,2.652
1749267538,2.45600000,3.80000000,2.652
1749267538,2.45000000,940.27300000,2.652
1749267538,2.44900000,2.44900000,2.652
1749267538,2.44600000,2.99700000,2.652
1749267538,2.44000000,6.42200000,2.652
1749267538,2.43200000,5210.98400000,2.652
1749267538,2.43100000,3.01600000,2.652
1749267538,2.42800000,5222.06800000,2.652
1749267538,2.42200000,5886.56100000,2.652
1749267538,2.42000000,14.62600000,2.652
1749267538,2.41900000,5457.27900000,2.652
1749267538,2.41700000,3.03300000,2.652
1749267538,2.41100000,7300.51600000,2.652
1749267538,2.40200000,3.05200000,2.652
1749267538,2.40000000,271.71200000,2.652
1749267538,2.39200000,2.34100000,2.652
1749267538,2.39100000,8.24200000,2.652
1749267538,2.38800000,3.07000000,2.652
1749267538,2.38000000,2.14200000,2.652
1749267538,2.37400000,3.08800000,2.652
1749267538,2.37000000,4.22000000,2.652
1749267538,2.35900000,3.10800000,2.652
1749267538,2.35600000,34.43900000,2.652
1749267538,2.35100000,40.83400000,2.652
1749267538,2.35000000,1104.44800000,2.652
1749267538,2.34500000,5.30100000,2.652
1749267538,2.33900000,16.23400000,2.652
1749267538,2.33100000,5.33200000,2.652
1749267538,2.32800000,8.00000000,2.652
1749267538,2.32500000,154.91400000,2.652
1749267538,2.32000000,4.35600000,2.652
1749267538,2.31700000,434.75600000,2.652
1749267538,2.31000000,3015.54400000,2.652
1749267840,2.65300000,54.30700000,2.654
1749267840,2.65200000,130.15000000,2.654
1749267840,2.65100000,77.42700000,2.654
1749267840,2.64900000,195.31800000,2.654
1749267840,2.64800000,48.17800000,2.654
1749267840,2.64700000,65.66400000,2.654
1749267840,2.64600000,164.62200000,2.654
1749267840,2.64500000,176.84600000,2.654
1749267840,2.64400000,272.10800000,2.654
1749267840,2.64300000,258.13500000,2.654
1749267840,2.64200000,2028.06300000,2.654
1749267840,2.64100000,207.36200000,2.654
1749267840,2.64000000,258.31100000,2.654
1749267840,2.63900000,141.79800000,2.654
1749267840,2.63800000,140.97800000,2.654
1749267840,2.63700000,309.88700000,2.654
1749267840,2.63600000,538.97200000,2.654
1749267840,2.63500000,141.99300000,2.654
1749267840,2.63400000,310.65000000,2.654
1749267840,2.63300000,154.11500000,2.654
1749267840,2.63200000,141.86800000,2.654
1749267840,2.63100000,288.55500000,2.654
1749267840,2.63000000,202.61500000,2.654
1749267840,2.62900000,323.39300000,2.654
1749267840,2.62800000,91.51300000,2.654
1749267840,2.62700000,48.17800000,2.654
1749267840,2.62600000,195.31800000,2.654
1749267840,2.62500000,160.26900000,2.654
1749267840,2.62400000,370.05700000,2.654
1749267840,2.62300000,147.14000000,2.654
1749267840,2.62200000,117.10500000,2.654
1749267840,2.62100000,215.26000000,2.654
1749267840,2.62000000,350.24500000,2.654
1749267840,2.61900000,343.53900000,2.654
1749267840,2.61800000,582.77300000,2.654
1749267840,2.61500000,147.14000000,2.654
1749267840,2.61400000,207.78600000,2.654
1749267840,2.61300000,11363.58100000,2.654
1749267840,2.61200000,322.11600000,2.654
1749267840,2.61100000,382.99500000,2.654
1749267840,2.60900000,259.91800000,2.654
1749267840,2.60600000,558.34900000,2.654
1749267840,2.60300000,147.14000000,2.654
1749267840,2.60000000,4.88300000,2.654
1749267840,2.59800000,571.59300000,2.654
1749267840,2.59600000,2.82400000,2.654
1749267840,2.59200000,387.00000000,2.654
1749267840,2.58900000,2.16300000,2.654
1749267840,2.58100000,12.84100000,2.654
1749267840,2.58000000,195.92200000,2.654
1749267840,2.56800000,2.12600000,2.654
1749267840,2.56500000,2.85800000,2.654
1749267840,2.55000000,496.97000000,2.654
1749267840,2.54900000,1006.45900000,2.654
1749267840,2.53500000,2.89200000,2.654
1749267840,2.53200000,25.00000000,2.654
1749267840,2.53000000,81.10600000,2.654
1749267840,2.52100000,30.97200000,2.654
1749267840,2.52000000,946.51500000,2.654
1749267840,2.51000000,214.22300000,2.654
1749267840,2.50500000,2.92700000,2.654
1749267840,2.50000000,2609.23000000,2.654
1749267840,2.49700000,5.90000000,2.654
1749267840,2.49000000,7.64400000,2.654
1749267840,2.48200000,24.16200000,2.654
1749267840,2.47500000,15.20800000,2.654
1749267840,2.46000000,6.23200000,2.654
1749267840,2.45900000,8.13300000,2.654
1749267840,2.45600000,3.80000000,2.654
1749267840,2.45000000,940.27300000,2.654
1749267840,2.44900000,2.44900000,2.654
1749267840,2.44600000,2.99700000,2.654
1749267840,2.44000000,6.42200000,2.654
1749267840,2.43200000,5210.98400000,2.654
1749267840,2.43100000,3.01600000,2.654
1749267840,2.42800000,5222.06800000,2.654
1749267840,2.42200000,5886.56100000,2.654
1749267840,2.42000000,14.62600000,2.654
1749267840,2.41900000,5457.27900000,2.654
1749267840,2.41700000,3.03300000,2.654
1749267840,2.41100000,7300.51600000,2.654
1749267840,2.40200000,3.05200000,2.654
1749267840,2.40000000,271.71200000,2.654
1749267840,2.39200000,2.34100000,2.654
1749267840,2.39100000,8.24200000,2.654
1749267840,2.38800000,3.07000000,2.654
1749267840,2.38000000,2.14200000,2.654
1749267840,2.37400000,3.08800000,2.654
1749267840,2.37000000,4.22000000,2.654
1749267840,2.35900000,3.10800000,2.654
1749267840,2.35600000,34.43900000,2.654
1749267840,2.35100000,40.83400000,2.654
1749267840,2.35000000,1104.44800000,2.654
1749267840,2.34500000,5.30100000,2.654
1749267840,2.33900000,16.23400000,2.654
1749267840,2.33100000,5.33200000,2.654
1749267840,2.32800000,8.00000000,2.654
1749267840,2.32500000,154.91400000,2.654
1749267840,2.32000000,4.35600000,2.654
1749267840,2.31700000,434.75600000,2.654
1749268141,2.65900000,48.17800000,2.662
1749268141,2.65800000,129.96500000,2.662
1749268141,2.65700000,55.71400000,2.662
1749268141,2.65600000,65.63700000,2.662
1749268141,2.65500000,38.65300000,2.662
1749268141,2.65400000,212.67200000,2.662
1749268141,2.65300000,408.82900000,2.662
1749268141,2.65200000,65.53200000,2.662
1749268141,2.65100000,251.00000000,2.662
1749268141,2.64900000,249.04000000,2.662
1749268141,2.64800000,2025.01000000,2.662
1749268141,2.64700000,224.05000000,2.662
1749268141,2.64600000,164.62200000,2.662
1749268141,2.64500000,141.25300000,2.662
1749268141,2.64400000,594.45300000,2.662
1749268141,2.64300000,147.14000000,2.662
1749268141,2.64200000,141.21800000,2.662
1749268141,2.64100000,361.15700000,2.662
1749268141,2.64000000,240.21500000,2.662
1749268141,2.63900000,391.66500000,2.662
1749268141,2.63800000,128.63000000,2.662
1749268141,2.63700000,353.20400000,2.662
1749268141,2.63600000,141.25300000,2.662
1749268141,2.63500000,93.26300000,2.662
1749268141,2.63400000,195.31800000,2.662
1749268141,2.63300000,176.98800000,2.662
1749268141,2.63200000,228.84000000,2.662
