timestamp,price,volume,current_price
1749254678,21.29000000,21.60000000,21.3
1749254678,21.28000000,97.76800000,21.3
1749254678,21.27000000,168.35900000,21.3
1749254678,21.26000000,399.45800000,21.3
1749254678,21.25000000,388.08400000,21.3
1749254678,21.24000000,354.72300000,21.3
1749254678,21.23000000,383.98000000,21.3
1749254678,21.22000000,133.89900000,21.3
1749254678,21.21000000,40.16300000,21.3
1749254678,21.20000000,89.59300000,21.3
1749254678,21.19000000,40.20600000,21.3
1749254678,21.18000000,41.50200000,21.3
1749254678,21.17000000,34.92000000,21.3
1749254678,21.16000000,111.02000000,21.3
1749254678,21.15000000,118.57500000,21.3
1749254678,21.14000000,36.14000000,21.3
1749254678,21.13000000,41.84300000,21.3
1749254678,21.12000000,12.95900000,21.3
1749254678,21.11000000,11.51200000,21.3
1749254678,21.10000000,12.68700000,21.3
1749254678,21.09000000,37.53400000,21.3
1749254678,21.08000000,12.60000000,21.3
1749254678,21.07000000,69.62300000,21.3
1749254678,21.06000000,1.17500000,21.3
1749254678,21.05000000,10.80000000,21.3
1749254678,21.04000000,2.35000000,21.3
1749254678,21.02000000,61.26700000,21.3
1749254678,21.01000000,17.19300000,21.3
1749254678,21.00000000,45.18700000,21.3
1749254678,20.98000000,0.12400000,21.3
1749254678,20.95000000,0.26900000,21.3
1749254678,20.94000000,1.35700000,21.3
1749254678,20.93000000,17.80000000,21.3
1749254678,20.92000000,0.35600000,21.3
1749254678,20.91000000,2.34300000,21.3
1749254678,20.90000000,0.85600000,21.3
1749254678,20.89000000,10.80000000,21.3
1749254678,20.88000000,5.26900000,21.3
1749254678,20.87000000,19.68700000,21.3
1749254678,20.86000000,3.95100000,21.3
1749254678,20.85000000,0.52000000,21.3
1749254678,20.84000000,0.27400000,21.3
1749254678,20.83000000,5.80000000,21.3
1749254678,20.82000000,0.32500000,21.3
1749254678,20.81000000,0.26900000,21.3
1749254678,20.80000000,0.29900000,21.3
1749254678,20.76000000,7.33700000,21.3
1749254678,20.75000000,16.93400000,21.3
1749254678,20.74000000,0.26900000,21.3
1749254678,20.72000000,5.55200000,21.3
1749254678,20.70000000,3.69400000,21.3
1749254678,20.67000000,0.26900000,21.3
1749254678,20.61000000,0.26900000,21.3
1749254678,20.57000000,3.64500000,21.3
1749254678,20.56000000,1.07300000,21.3
1749254678,20.55000000,0.24400000,21.3
1749254678,20.54000000,0.66700000,21.3
1749254678,20.52000000,0.40300000,21.3
1749254678,20.51000000,0.48800000,21.3
1749254678,20.50000000,33.51300000,21.3
1749254678,20.48000000,0.29900000,21.3
1749254678,20.47000000,944.23000000,21.3
1749254678,20.43000000,0.64300000,21.3
1749254678,20.41000000,0.60600000,21.3
1749254678,20.40000000,0.24600000,21.3
1749254678,20.34000000,1.52300000,21.3
1749254678,20.31000000,968.65900000,21.3
1749254678,20.30000000,1.36100000,21.3
1749254678,20.29000000,1.85200000,21.3
1749254678,20.28000000,266.01000000,21.3
1749254678,20.27000000,3.94900000,21.3
1749254678,20.25000000,1.46300000,21.3
1749254678,20.24000000,2.37700000,21.3
1749254678,20.23000000,0.49400000,21.3
1749254678,20.21000000,0.26900000,21.3
1749254678,20.20000000,50.00000000,21.3
1749254678,20.19000000,0.32500000,21.3
1749254678,20.16000000,0.84300000,21.3
1749254678,20.15000000,4964.55800000,21.3
1749254678,20.14000000,3.25100000,21.3
1749254678,20.13000000,19.86600000,21.3
1749254678,20.12000000,5.30000000,21.3
1749254678,20.11000000,51.10100000,21.3
1749254678,20.10000000,0.90300000,21.3
1749254678,20.09000000,0.95800000,21.3
1749254678,20.08000000,1.84300000,21.3
1749254678,20.07000000,0.54500000,21.3
1749254678,20.06000000,0.33700000,21.3
1749254678,20.05000000,1.42900000,21.3
1749254678,20.03000000,19.05500000,21.3
1749254678,20.02000000,0.25000000,21.3
1749254678,20.01000000,136.45700000,21.3
1749254678,20.00000000,559.28100000,21.3
1749254678,19.99000000,0.40000000,21.3
1749254678,19.97000000,3.33500000,21.3
1749254678,19.95000000,20.57000000,21.3
1749254678,19.94000000,0.35300000,21.3
1749254678,19.92000000,2.67700000,21.3
1749254678,19.90000000,28.95800000,21.3
1749254678,19.89000000,3.46600000,21.3
1749254997,21.34000000,10.80000000,21.34
1749254997,21.33000000,76.41100000,21.34
1749254997,21.32000000,125.24200000,21.34
1749254997,21.31000000,244.12200000,21.34
1749254997,21.30000000,267.57700000,21.34
1749254997,21.29000000,197.63900000,21.34
1749254997,21.28000000,281.18800000,21.34
1749254997,21.27000000,186.32600000,21.34
1749254997,21.26000000,170.45700000,21.34
1749254997,21.25000000,274.62900000,21.34
1749254997,21.24000000,41.32900000,21.34
1749254997,21.23000000,93.03200000,21.34
1749254997,21.22000000,36.31500000,21.34
1749254997,21.21000000,62.88300000,21.34
1749254997,21.20000000,84.28200000,21.34
1749254997,21.19000000,34.89600000,21.34
1749254997,21.18000000,36.07900000,21.34
1749254997,21.17000000,34.92000000,21.34
1749254997,21.16000000,12.68200000,21.34
1749254997,21.15000000,67.59300000,21.34
1749254997,21.14000000,12.68200000,21.34
1749254997,21.13000000,23.45500000,21.34
1749254997,21.12000000,12.60100000,21.34
1749254997,21.11000000,12.11400000,21.34
1749254997,21.10000000,71.07400000,21.34
1749254997,21.09000000,31.88000000,21.34
1749254997,21.08000000,12.59700000,21.34
1749254997,21.07000000,51.09700000,21.34
1749254997,21.06000000,1.17100000,21.34
1749254997,21.05000000,10.80000000,21.34
1749254997,21.04000000,7.29000000,21.34
1749254997,21.02000000,10.80000000,21.34
1749254997,21.01000000,0.26900000,21.34
1749254997,21.00000000,45.18700000,21.34
1749254997,20.98000000,0.12400000,21.34
1749254997,20.95000000,0.26900000,21.34
1749254997,20.94000000,1.35700000,21.34
1749254997,20.93000000,7.00000000,21.34
1749254997,20.92000000,16.41400000,21.34
1749254997,20.91000000,2.34300000,21.34
1749254997,20.90000000,0.85600000,21.34
1749254997,20.88000000,5.26900000,21.34
1749254997,20.87000000,3.33500000,21.34
1749254997,20.86000000,3.95100000,21.34
1749254997,20.85000000,0.52000000,21.34
1749254997,20.84000000,0.27400000,21.34
1749254997,20.83000000,5.80000000,21.34
1749254997,20.82000000,0.32500000,21.34
1749254997,20.81000000,0.26900000,21.34
1749254997,20.80000000,16.70600000,21.34
1749254997,20.76000000,7.33700000,21.34
1749254997,20.75000000,0.48700000,21.34
1749254997,20.74000000,0.26900000,21.34
1749254997,20.72000000,5.55200000,21.34
1749254997,20.70000000,3.69400000,21.34
1749254997,20.67000000,0.26900000,21.34
1749254997,20.61000000,0.26900000,21.34
1749254997,20.57000000,3.64500000,21.34
1749254997,20.56000000,1.07300000,21.34
1749254997,20.55000000,0.24400000,21.34
1749254997,20.54000000,0.66700000,21.34
1749254997,20.52000000,0.89100000,21.34
1749254997,20.50000000,33.51300000,21.34
1749254997,20.48000000,0.29900000,21.34
1749254997,20.47000000,944.23000000,21.34
1749254997,20.43000000,0.27400000,21.34
1749254997,20.41000000,0.60600000,21.34
1749254997,20.40000000,0.24600000,21.34
1749254997,20.38000000,0.38200000,21.34
1749254997,20.34000000,1.52300000,21.34
1749254997,20.31000000,968.65900000,21.34
1749254997,20.30000000,1.36100000,21.34
1749254997,20.29000000,1.85200000,21.34
1749254997,20.28000000,266.01000000,21.34
1749254997,20.27000000,3.94900000,21.34
1749254997,20.25000000,1.46300000,21.34
1749254997,20.24000000,2.37700000,21.34
1749254997,20.23000000,1.97900000,21.34
1749254997,20.21000000,0.26900000,21.34
1749254997,20.20000000,50.00000000,21.34
1749254997,20.19000000,0.32500000,21.34
1749254997,20.16000000,0.84300000,21.34
1749254997,20.15000000,4964.55800000,21.34
1749254997,20.14000000,1.76000000,21.34
1749254997,20.13000000,19.86600000,21.34
1749254997,20.12000000,5.30000000,21.34
1749254997,20.11000000,51.10100000,21.34
1749254997,20.10000000,0.90300000,21.34
1749254997,20.09000000,0.95800000,21.34
1749254997,20.08000000,1.84300000,21.34
1749254997,20.07000000,0.54500000,21.34
1749254997,20.06000000,0.33700000,21.34
1749254997,20.05000000,1.42900000,21.34
1749254997,20.03000000,19.05500000,21.34
1749254997,20.02000000,0.25000000,21.34
1749254997,20.01000000,136.45700000,21.34
1749254997,20.00000000,559.28100000,21.34
1749254997,19.99000000,0.40000000,21.34
1749254997,19.97000000,3.33500000,21.34
1749254997,19.95000000,20.57000000,21.34
