timestamp,price,volume,current_price
1749258438,21.37000000,75.82200000,21.37
1749258438,21.36000000,156.24200000,21.37
1749258438,21.35000000,182.79300000,21.37
1749258438,21.34000000,199.85800000,21.37
1749258438,21.33000000,273.49400000,21.37
1749258438,21.32000000,181.62800000,21.37
1749258438,21.31000000,61.57800000,21.37
1749258438,21.30000000,285.91700000,21.37
1749258438,21.29000000,130.06600000,21.37
1749258438,21.28000000,41.74200000,21.37
1749258438,21.27000000,40.44300000,21.37
1749258438,21.26000000,110.83500000,21.37
1749258438,21.25000000,62.97900000,21.37
1749258438,21.24000000,25.09200000,21.37
1749258438,21.23000000,23.94300000,21.37
1749258438,21.22000000,2.15100000,21.37
1749258438,21.21000000,0.70800000,21.37
1749258438,21.20000000,1.88200000,21.37
1749258438,21.19000000,0.35400000,21.37
1749258438,21.18000000,60.03000000,21.37
1749258438,21.17000000,5.65500000,21.37
1749258438,21.16000000,0.35500000,21.37
1749258438,21.15000000,1.79600000,21.37
1749258438,21.14000000,51.87700000,21.37
1749258438,21.13000000,23.25300000,21.37
1749258438,21.12000000,34.27500000,21.37
1749258438,21.11000000,1.31400000,21.37
1749258438,21.10000000,0.35600000,21.37
1749258438,21.09000000,0.35600000,21.37
1749258438,21.08000000,0.62500000,21.37
1749258438,21.06000000,22.40900000,21.37
1749258438,21.01000000,0.26900000,21.37
1749258438,21.00000000,34.38700000,21.37
1749258438,20.98000000,0.12400000,21.37
1749258438,20.95000000,0.26900000,21.37
1749258438,20.94000000,1.35700000,21.37
1749258438,20.93000000,7.00000000,21.37
1749258438,20.92000000,0.35600000,21.37
1749258438,20.91000000,2.34300000,21.37
1749258438,20.90000000,0.85600000,21.37
1749258438,20.89000000,0.35300000,21.37
1749258438,20.88000000,5.62300000,21.37
1749258438,20.87000000,3.68900000,21.37
1749258438,20.86000000,4.30500000,21.37
1749258438,20.85000000,0.52000000,21.37
1749258438,20.84000000,0.27400000,21.37
1749258438,20.83000000,5.80000000,21.37
1749258438,20.82000000,0.32500000,21.37
1749258438,20.81000000,0.26900000,21.37
1749258438,20.80000000,0.29900000,21.37
1749258438,20.76000000,7.33700000,21.37
1749258438,20.75000000,0.48700000,21.37
1749258438,20.74000000,0.26900000,21.37
1749258438,20.72000000,5.55200000,21.37
1749258438,20.70000000,3.69400000,21.37
1749258438,20.67000000,0.26900000,21.37
1749258438,20.61000000,0.26900000,21.37
1749258438,20.57000000,3.64500000,21.37
1749258438,20.56000000,1.07300000,21.37
1749258438,20.55000000,0.24400000,21.37
1749258438,20.54000000,0.66700000,21.37
1749258438,20.52000000,0.40300000,21.37
1749258438,20.50000000,33.51300000,21.37
1749258438,20.49000000,0.48900000,21.37
1749258438,20.48000000,0.29900000,21.37
1749258438,20.47000000,944.23000000,21.37
1749258438,20.43000000,0.27400000,21.37
1749258438,20.41000000,0.60600000,21.37
1749258438,20.40000000,0.24600000,21.37
1749258438,20.38000000,0.38200000,21.37
1749258438,20.34000000,1.52300000,21.37
1749258438,20.31000000,968.65900000,21.37
1749258438,20.30000000,1.36100000,21.37
1749258438,20.29000000,1.85200000,21.37
1749258438,20.28000000,266.01000000,21.37
1749258438,20.27000000,3.94900000,21.37
1749258438,20.25000000,1.46300000,21.37
1749258438,20.24000000,2.37700000,21.37
1749258438,20.23000000,1.97900000,21.37
1749258438,20.22000000,1.00000000,21.37
1749258438,20.21000000,0.76900000,21.37
1749258438,20.20000000,50.00000000,21.37
1749258438,20.19000000,0.32500000,21.37
1749258438,20.16000000,0.84300000,21.37
1749258438,20.15000000,4964.55800000,21.37
1749258438,20.14000000,1.76000000,21.37
1749258438,20.13000000,19.86600000,21.37
1749258438,20.12000000,5.30000000,21.37
1749258438,20.11000000,51.10100000,21.37
1749258438,20.10000000,0.90300000,21.37
1749258438,20.09000000,0.95800000,21.37
1749258438,20.08000000,1.84300000,21.37
1749258438,20.07000000,0.54500000,21.37
1749258438,20.06000000,0.33700000,21.37
1749258438,20.05000000,1.42900000,21.37
1749258438,20.03000000,19.05500000,21.37
1749258438,20.02000000,0.25000000,21.37
1749258438,20.01000000,136.45700000,21.37
1749258438,20.00000000,559.28100000,21.37
1749258438,19.99000000,0.40000000,21.37
1749258779,21.37000000,21.60000000,21.37
1749258779,21.36000000,42.66200000,21.37
1749258779,21.35000000,51.59800000,21.37
1749258779,21.34000000,252.10500000,21.37
1749258779,21.33000000,176.37800000,21.37
1749258779,21.32000000,368.59600000,21.37
1749258779,21.31000000,276.30700000,21.37
1749258779,21.30000000,167.91900000,21.37
1749258779,21.29000000,186.60200000,21.37
1749258779,21.28000000,295.50300000,21.37
1749258779,21.27000000,49.81100000,21.37
1749258779,21.26000000,47.37200000,21.37
1749258779,21.25000000,109.44500000,21.37
1749258779,21.24000000,64.07400000,21.37
1749258779,21.23000000,34.74300000,21.37
1749258779,21.22000000,11.77700000,21.37
1749258779,21.21000000,34.75400000,21.37
1749258779,21.20000000,1.87800000,21.37
1749258779,21.19000000,0.35400000,21.37
1749258779,21.18000000,58.87800000,21.37
1749258779,21.17000000,5.65500000,21.37
1749258779,21.16000000,1.52400000,21.37
1749258779,21.15000000,1.79600000,21.37
1749258779,21.14000000,0.35500000,21.37
1749258779,21.13000000,7.35500000,21.37
1749258779,21.12000000,29.35300000,21.37
1749258779,21.11000000,52.98700000,21.37
1749258779,21.10000000,6.45300000,21.37
1749258779,21.09000000,0.35600000,21.37
1749258779,21.08000000,17.73000000,21.37
1749258779,21.06000000,22.40900000,21.37
1749258779,21.04000000,1.17000000,21.37
1749258779,21.01000000,0.26900000,21.37
1749258779,21.00000000,35.55700000,21.37
1749258779,20.98000000,0.12400000,21.37
1749258779,20.96000000,1.17000000,21.37
1749258779,20.95000000,0.26900000,21.37
1749258779,20.94000000,1.35700000,21.37
1749258779,20.93000000,7.00000000,21.37
1749258779,20.92000000,0.35600000,21.37
1749258779,20.91000000,2.34300000,21.37
1749258779,20.90000000,0.85600000,21.37
1749258779,20.89000000,0.35300000,21.37
1749258779,20.88000000,5.62300000,21.37
1749258779,20.87000000,3.68900000,21.37
1749258779,20.86000000,4.30500000,21.37
1749258779,20.85000000,0.52000000,21.37
1749258779,20.84000000,0.27400000,21.37
1749258779,20.83000000,5.80000000,21.37
1749258779,20.82000000,0.32500000,21.37
1749258779,20.81000000,0.26900000,21.37
1749258779,20.80000000,0.29900000,21.37
1749258779,20.76000000,7.33700000,21.37
1749258779,20.75000000,0.48700000,21.37
1749258779,20.74000000,0.26900000,21.37
1749258779,20.72000000,5.55200000,21.37
1749258779,20.70000000,3.69400000,21.37
1749258779,20.67000000,0.26900000,21.37
1749258779,20.61000000,0.26900000,21.37
1749258779,20.57000000,3.64500000,21.37
1749258779,20.56000000,1.07300000,21.37
1749258779,20.55000000,0.24400000,21.37
1749258779,20.54000000,0.66700000,21.37
1749258779,20.52000000,0.40300000,21.37
1749258779,20.50000000,33.51300000,21.37
1749258779,20.49000000,0.48900000,21.37
1749258779,20.48000000,0.29900000,21.37
1749258779,20.47000000,944.23000000,21.37
1749258779,20.43000000,0.27400000,21.37
1749258779,20.41000000,0.60600000,21.37
1749258779,20.40000000,0.24600000,21.37
1749258779,20.38000000,0.36600000,21.37
1749258779,20.34000000,1.52300000,21.37
1749258779,20.31000000,968.65900000,21.37
1749258779,20.30000000,1.36100000,21.37
1749258779,20.29000000,1.85200000,21.37
1749258779,20.28000000,266.01000000,21.37
1749258779,20.27000000,3.94900000,21.37
1749258779,20.25000000,1.46300000,21.37
1749258779,20.24000000,2.37700000,21.37
1749258779,20.23000000,1.97900000,21.37
1749258779,20.22000000,1.00000000,21.37
1749258779,20.21000000,0.76900000,21.37
1749258779,20.20000000,50.00000000,21.37
1749258779,20.19000000,0.32500000,21.37
1749258779,20.16000000,0.84300000,21.37
1749258779,20.15000000,4964.55800000,21.37
1749258779,20.14000000,1.76000000,21.37
1749258779,20.13000000,19.86600000,21.37
1749258779,20.12000000,5.30000000,21.37
1749258779,20.11000000,51.10100000,21.37
1749258779,20.10000000,0.90300000,21.37
1749258779,20.09000000,0.95800000,21.37
1749258779,20.08000000,1.84300000,21.37
1749258779,20.07000000,0.54500000,21.37
1749258779,20.06000000,0.33700000,21.37
1749258779,20.05000000,1.42900000,21.37
1749258779,20.03000000,19.05500000,21.37
1749258779,20.02000000,0.25000000,21.37
1749258779,20.01000000,136.45700000,21.37
1749259081,21.32000000,16.30000000,21.33
1749259081,21.31000000,129.00100000,21.33
1749259081,21.30000000,299.80500000,21.33
1749259081,21.29000000,288.26600000,21.33
1749259081,21.28000000,148.34300000,21.33
1749259081,21.27000000,193.16600000,21.33
1749259081,21.26000000,94.54000000,21.33
1749259081,21.25000000,59.36900000,21.33
1749259081,21.24000000,286.26200000,21.33
1749259081,21.23000000,57.70900000,21.33
1749259081,21.22000000,81.96800000,21.33
1749259081,21.21000000,62.63400000,21.33
1749259081,21.20000000,12.67800000,21.33
1749259081,21.19000000,34.42200000,21.33
1749259081,21.18000000,69.67800000,21.33
1749259081,21.17000000,0.35500000,21.33
1749259081,21.16000000,76.42600000,21.33
1749259081,21.15000000,12.59600000,21.33
1749259081,21.14000000,11.15500000,21.33
1749259081,21.13000000,18.15500000,21.33
1749259081,21.12000000,34.65300000,21.33
1749259081,21.11000000,52.98700000,21.33
1749259081,21.10000000,0.35600000,21.33
1749259081,21.09000000,0.35600000,21.33
1749259081,21.08000000,23.83400000,21.33
1749259081,21.06000000,22.40900000,21.33
1749259081,21.04000000,1.17000000,21.33
1749259081,21.01000000,0.26900000,21.33
1749259081,21.00000000,35.55700000,21.33
1749259081,20.98000000,0.12400000,21.33
1749259081,20.96000000,1.17000000,21.33
1749259081,20.95000000,0.26900000,21.33
1749259081,20.94000000,1.35700000,21.33
1749259081,20.93000000,7.00000000,21.33
1749259081,20.92000000,1.52600000,21.33
1749259081,20.91000000,2.34300000,21.33
1749259081,20.90000000,0.85600000,21.33
1749259081,20.89000000,0.35300000,21.33
1749259081,20.88000000,5.62300000,21.33
1749259081,20.87000000,3.68900000,21.33
1749259081,20.86000000,4.30500000,21.33
1749259081,20.85000000,0.52000000,21.33
1749259081,20.84000000,0.27400000,21.33
1749259081,20.83000000,5.80000000,21.33
1749259081,20.82000000,0.32500000,21.33
1749259081,20.81000000,0.26900000,21.33
1749259081,20.80000000,0.29900000,21.33
1749259081,20.76000000,7.33700000,21.33
1749259081,20.75000000,0.48700000,21.33
1749259081,20.74000000,0.26900000,21.33
1749259081,20.72000000,5.55200000,21.33
1749259081,20.70000000,3.69400000,21.33
1749259081,20.67000000,0.26900000,21.33
1749259081,20.61000000,0.26900000,21.33
1749259081,20.57000000,3.64500000,21.33
1749259081,20.56000000,1.07300000,21.33
1749259081,20.55000000,0.24400000,21.33
1749259081,20.54000000,0.66700000,21.33
1749259081,20.52000000,0.40300000,21.33
1749259081,20.50000000,33.51300000,21.33
1749259081,20.49000000,0.48900000,21.33
1749259081,20.48000000,0.29900000,21.33
1749259081,20.47000000,944.23000000,21.33
1749259081,20.43000000,0.27400000,21.33
1749259081,20.41000000,0.60600000,21.33
1749259081,20.40000000,0.24600000,21.33
1749259081,20.38000000,0.36600000,21.33
1749259081,20.34000000,1.52300000,21.33
1749259081,20.31000000,968.65900000,21.33
1749259081,20.30000000,1.36100000,21.33
1749259081,20.29000000,1.85200000,21.33
1749259081,20.28000000,266.01000000,21.33
1749259081,20.27000000,3.94900000,21.33
1749259081,20.25000000,1.46300000,21.33
1749259081,20.24000000,2.37700000,21.33
1749259081,20.23000000,1.97900000,21.33
1749259081,20.22000000,1.00000000,21.33
1749259081,20.21000000,0.76900000,21.33
1749259081,20.20000000,50.00000000,21.33
1749259081,20.19000000,0.32500000,21.33
1749259081,20.16000000,0.84300000,21.33
1749259081,20.15000000,4964.55800000,21.33
1749259081,20.14000000,1.76000000,21.33
1749259081,20.13000000,19.86600000,21.33
1749259081,20.12000000,5.30000000,21.33
1749259081,20.11000000,51.10100000,21.33
1749259081,20.10000000,0.90300000,21.33
1749259081,20.09000000,0.95800000,21.33
1749259081,20.08000000,1.84300000,21.33
1749259081,20.07000000,0.54500000,21.33
1749259081,20.06000000,0.33700000,21.33
1749259081,20.05000000,1.42900000,21.33
1749259081,20.03000000,19.05500000,21.33
1749259081,20.02000000,0.25000000,21.33
1749259081,20.01000000,136.45700000,21.33
1749259081,20.00000000,559.28100000,21.33
1749259081,19.99000000,0.40000000,21.33
1749259081,19.97000000,3.33500000,21.33
1749259081,19.95000000,20.57000000,21.33
1749259081,19.94000000,0.35300000,21.33
