timestamp,price,volume,current_price
1749260826,21.30000000,27.10000000,21.32
1749260826,21.29000000,64.50200000,21.32
1749260826,21.28000000,116.81600000,21.32
1749260826,21.27000000,175.58100000,21.32
1749260826,21.26000000,333.84800000,21.32
1749260826,21.25000000,132.64500000,21.32
1749260826,21.24000000,239.36000000,21.32
1749260826,21.23000000,71.97700000,21.32
1749260826,21.22000000,53.84400000,21.32
1749260826,21.21000000,108.00600000,21.32
1749260826,21.20000000,169.81400000,21.32
1749260826,21.19000000,34.77500000,21.32
1749260826,21.18000000,72.32200000,21.32
1749260826,21.17000000,34.78700000,21.32
1749260826,21.16000000,11.50800000,21.32
1749260826,21.15000000,11.42400000,21.32
1749260826,21.14000000,11.15500000,21.32
1749260826,21.13000000,18.15500000,21.32
1749260826,21.12000000,70.11900000,21.32
1749260826,21.11000000,12.11400000,21.32
1749260826,21.10000000,16.45600000,21.32
1749260826,21.09000000,0.35600000,21.32
1749260826,21.08000000,11.42500000,21.32
1749260826,21.07000000,10.80000000,21.32
1749260826,21.06000000,90.50200000,21.32
1749260826,21.05000000,22.48700000,21.32
1749260826,21.04000000,1.17000000,21.32
1749260826,21.02000000,26.78100000,21.32
1749260826,21.01000000,0.26900000,21.32
1749260826,21.00000000,34.38700000,21.32
1749260826,20.98000000,0.12400000,21.32
1749260826,20.95000000,0.26900000,21.32
1749260826,20.94000000,1.35700000,21.32
1749260826,20.93000000,7.00000000,21.32
1749260826,20.92000000,16.41400000,21.32
1749260826,20.91000000,18.40900000,21.32
1749260826,20.90000000,0.85600000,21.32
1749260826,20.89000000,0.35300000,21.32
1749260826,20.88000000,5.62300000,21.32
1749260826,20.87000000,3.68900000,21.32
1749260826,20.86000000,4.30500000,21.32
1749260826,20.85000000,0.52000000,21.32
1749260826,20.84000000,0.27400000,21.32
1749260826,20.83000000,5.80000000,21.32
1749260826,20.82000000,0.32500000,21.32
1749260826,20.81000000,0.26900000,21.32
1749260826,20.80000000,0.29900000,21.32
1749260826,20.76000000,7.33700000,21.32
1749260826,20.75000000,0.48700000,21.32
1749260826,20.74000000,0.26900000,21.32
1749260826,20.72000000,5.55200000,21.32
1749260826,20.70000000,3.69400000,21.32
1749260826,20.68000000,0.29000000,21.32
1749260826,20.67000000,0.26900000,21.32
1749260826,20.61000000,0.26900000,21.32
1749260826,20.57000000,3.64500000,21.32
1749260826,20.56000000,1.07300000,21.32
1749260826,20.55000000,0.24400000,21.32
1749260826,20.54000000,0.66700000,21.32
1749260826,20.52000000,0.89100000,21.32
1749260826,20.50000000,33.51300000,21.32
1749260826,20.48000000,0.29900000,21.32
1749260826,20.47000000,944.23000000,21.32
1749260826,20.43000000,0.27400000,21.32
1749260826,20.41000000,0.60600000,21.32
1749260826,20.40000000,0.24600000,21.32
1749260826,20.38000000,0.36600000,21.32
1749260826,20.34000000,1.52300000,21.32
1749260826,20.31000000,968.65900000,21.32
1749260826,20.30000000,1.36100000,21.32
1749260826,20.29000000,1.85200000,21.32
1749260826,20.28000000,266.01000000,21.32
1749260826,20.27000000,3.94900000,21.32
1749260826,20.25000000,1.46300000,21.32
1749260826,20.24000000,2.37700000,21.32
1749260826,20.23000000,1.97900000,21.32
1749260826,20.22000000,1.00000000,21.32
1749260826,20.21000000,0.76900000,21.32
1749260826,20.20000000,50.00000000,21.32
1749260826,20.19000000,0.32500000,21.32
1749260826,20.16000000,0.84300000,21.32
1749260826,20.15000000,4964.55800000,21.32
1749260826,20.14000000,1.76000000,21.32
1749260826,20.13000000,19.86600000,21.32
1749260826,20.12000000,5.30000000,21.32
1749260826,20.11000000,51.10100000,21.32
1749260826,20.10000000,0.90300000,21.32
1749260826,20.09000000,0.95800000,21.32
1749260826,20.08000000,1.84300000,21.32
1749260826,20.07000000,0.54500000,21.32
1749260826,20.06000000,0.33700000,21.32
1749260826,20.05000000,1.42900000,21.32
1749260826,20.04000000,0.44900000,21.32
1749260826,20.03000000,19.05500000,21.32
1749260826,20.02000000,0.25000000,21.32
1749260826,20.01000000,136.45700000,21.32
1749260826,20.00000000,559.28100000,21.32
1749260826,19.99000000,0.40000000,21.32
1749260826,19.97000000,3.33500000,21.32
1749260826,19.95000000,20.57000000,21.32
1749261151,21.33000000,27.10000000,21.33
1749261151,21.32000000,67.46100000,21.33
1749261151,21.31000000,123.98900000,21.33
1749261151,21.30000000,148.63300000,21.33
1749261151,21.29000000,244.48000000,21.33
1749261151,21.28000000,398.73100000,21.33
1749261151,21.27000000,358.06500000,21.33
1749261151,21.26000000,239.81500000,21.33
1749261151,21.25000000,58.70100000,21.33
1749261151,21.24000000,101.84200000,21.33
1749261151,21.23000000,71.97700000,21.33
1749261151,21.22000000,138.56200000,21.33
1749261151,21.21000000,94.23800000,21.33
1749261151,21.20000000,91.14500000,21.33
1749261151,21.19000000,62.43500000,21.33
1749261151,21.18000000,34.82900000,21.33
1749261151,21.17000000,11.50800000,21.33
1749261151,21.16000000,11.50800000,21.33
1749261151,21.15000000,11.42400000,21.33
1749261151,21.14000000,11.15500000,21.33
1749261151,21.13000000,18.15500000,21.33
1749261151,21.12000000,75.41900000,21.33
1749261151,21.11000000,23.76800000,21.33
1749261151,21.10000000,11.15600000,21.33
1749261151,21.09000000,0.35600000,21.33
1749261151,21.08000000,11.42500000,21.33
1749261151,21.07000000,26.74400000,21.33
1749261151,21.06000000,90.50000000,21.33
1749261151,21.04000000,11.97000000,21.33
1749261151,21.01000000,0.26900000,21.33
1749261151,21.00000000,34.38700000,21.33
1749261151,20.98000000,0.12400000,21.33
1749261151,20.97000000,16.02000000,21.33
1749261151,20.96000000,16.02700000,21.33
1749261151,20.95000000,0.26900000,21.33
1749261151,20.94000000,1.35700000,21.33
1749261151,20.93000000,7.00000000,21.33
1749261151,20.92000000,0.35600000,21.33
1749261151,20.91000000,2.34300000,21.33
1749261151,20.90000000,0.85600000,21.33
1749261151,20.89000000,0.35300000,21.33
1749261151,20.88000000,5.62300000,21.33
1749261151,20.87000000,3.68900000,21.33
1749261151,20.86000000,4.30500000,21.33
1749261151,20.85000000,0.52000000,21.33
1749261151,20.84000000,0.27400000,21.33
1749261151,20.83000000,5.80000000,21.33
1749261151,20.82000000,0.32500000,21.33
1749261151,20.81000000,0.26900000,21.33
1749261151,20.80000000,0.29900000,21.33
1749261151,20.76000000,7.33700000,21.33
1749261151,20.75000000,0.48700000,21.33
1749261151,20.74000000,0.26900000,21.33
1749261151,20.72000000,5.55200000,21.33
1749261151,20.70000000,3.69400000,21.33
1749261151,20.68000000,0.29000000,21.33
1749261151,20.67000000,0.26900000,21.33
1749261151,20.61000000,0.26900000,21.33
1749261151,20.57000000,3.64500000,21.33
1749261151,20.56000000,1.07300000,21.33
1749261151,20.55000000,0.24400000,21.33
1749261151,20.54000000,0.66700000,21.33
1749261151,20.52000000,0.89100000,21.33
1749261151,20.50000000,33.51300000,21.33
1749261151,20.48000000,0.29900000,21.33
1749261151,20.47000000,944.23000000,21.33
1749261151,20.43000000,0.27400000,21.33
1749261151,20.41000000,0.60600000,21.33
1749261151,20.40000000,0.24600000,21.33
1749261151,20.38000000,0.36600000,21.33
1749261151,20.34000000,1.52300000,21.33
1749261151,20.31000000,968.65900000,21.33
1749261151,20.30000000,1.36100000,21.33
1749261151,20.29000000,1.85200000,21.33
1749261151,20.28000000,266.01000000,21.33
1749261151,20.27000000,3.94900000,21.33
1749261151,20.25000000,1.46300000,21.33
1749261151,20.24000000,2.37700000,21.33
1749261151,20.23000000,1.97900000,21.33
1749261151,20.22000000,1.00000000,21.33
1749261151,20.21000000,0.76900000,21.33
1749261151,20.20000000,50.00000000,21.33
1749261151,20.19000000,0.32500000,21.33
1749261151,20.16000000,0.84300000,21.33
1749261151,20.15000000,4964.55800000,21.33
1749261151,20.14000000,1.76000000,21.33
1749261151,20.13000000,19.86600000,21.33
1749261151,20.12000000,5.30000000,21.33
1749261151,20.11000000,51.10100000,21.33
1749261151,20.10000000,0.90300000,21.33
1749261151,20.09000000,0.95800000,21.33
1749261151,20.08000000,1.84300000,21.33
1749261151,20.07000000,0.54500000,21.33
1749261151,20.06000000,0.33700000,21.33
1749261151,20.05000000,1.42900000,21.33
1749261151,20.04000000,0.44900000,21.33
1749261151,20.03000000,19.05500000,21.33
1749261151,20.02000000,0.25000000,21.33
1749261151,20.01000000,136.45700000,21.33
1749261151,20.00000000,559.28100000,21.33
1749261458,21.34000000,41.41600000,21.33
1749261458,21.33000000,98.29400000,21.33
1749261458,21.32000000,206.52100000,21.33
1749261458,21.31000000,217.26300000,21.33
1749261458,21.30000000,548.74700000,21.33
1749261458,21.29000000,188.96100000,21.33
1749261458,21.28000000,231.31500000,21.33
1749261458,21.27000000,165.88100000,21.33
1749261458,21.26000000,46.71000000,21.33
1749261458,21.25000000,123.69700000,21.33
1749261458,21.24000000,111.43800000,21.33
1749261458,21.23000000,77.10400000,21.33
1749261458,21.22000000,35.04500000,21.33
1749261458,21.21000000,113.07200000,21.33
1749261458,21.20000000,81.77700000,21.33
1749261458,21.19000000,11.50700000,21.33
1749261458,21.18000000,11.50700000,21.33
1749261458,21.17000000,11.50800000,21.33
1749261458,21.16000000,11.50800000,21.33
1749261458,21.15000000,11.42400000,21.33
1749261458,21.14000000,11.15500000,21.33
1749261458,21.13000000,23.45500000,21.33
1749261458,21.12000000,70.11900000,21.33
1749261458,21.11000000,23.76800000,21.33
1749261458,21.10000000,11.15600000,21.33
1749261458,21.09000000,0.35600000,21.33
1749261458,21.08000000,11.42500000,21.33
1749261458,21.07000000,26.74400000,21.33
1749261458,21.06000000,73.59100000,21.33
1749261458,21.04000000,1.17000000,21.33
1749261458,21.01000000,0.26900000,21.33
1749261458,21.00000000,34.38700000,21.33
1749261458,20.98000000,0.12400000,21.33
1749261458,20.97000000,16.02000000,21.33
1749261458,20.96000000,16.02700000,21.33
1749261458,20.95000000,0.26900000,21.33
1749261458,20.94000000,1.35700000,21.33
1749261458,20.93000000,7.00000000,21.33
1749261458,20.92000000,0.35600000,21.33
1749261458,20.91000000,2.34300000,21.33
1749261458,20.90000000,0.85600000,21.33
1749261458,20.89000000,0.35300000,21.33
1749261458,20.88000000,5.62300000,21.33
1749261458,20.87000000,3.68900000,21.33
1749261458,20.86000000,4.30500000,21.33
1749261458,20.85000000,0.52000000,21.33
1749261458,20.84000000,0.27400000,21.33
1749261458,20.83000000,5.80000000,21.33
1749261458,20.82000000,0.32500000,21.33
1749261458,20.81000000,0.26900000,21.33
1749261458,20.80000000,0.29900000,21.33
1749261458,20.76000000,7.33700000,21.33
1749261458,20.75000000,0.48700000,21.33
1749261458,20.74000000,0.26900000,21.33
1749261458,20.72000000,5.55200000,21.33
1749261458,20.70000000,3.69400000,21.33
1749261458,20.68000000,0.29000000,21.33
1749261458,20.67000000,0.26900000,21.33
1749261458,20.61000000,0.26900000,21.33
1749261458,20.57000000,3.64500000,21.33
1749261458,20.56000000,1.07300000,21.33
1749261458,20.55000000,0.24400000,21.33
1749261458,20.54000000,0.66700000,21.33
1749261458,20.53000000,0.48800000,21.33
1749261458,20.52000000,0.40300000,21.33
1749261458,20.50000000,33.51300000,21.33
1749261458,20.48000000,0.29900000,21.33
1749261458,20.47000000,944.23000000,21.33
1749261458,20.43000000,0.27400000,21.33
1749261458,20.41000000,0.60600000,21.33
1749261458,20.40000000,0.24600000,21.33
1749261458,20.38000000,0.36600000,21.33
1749261458,20.34000000,1.52300000,21.33
1749261458,20.31000000,968.65900000,21.33
1749261458,20.30000000,1.36100000,21.33
1749261458,20.29000000,1.85200000,21.33
1749261458,20.28000000,266.01000000,21.33
1749261458,20.27000000,3.94900000,21.33
1749261458,20.25000000,1.46300000,21.33
1749261458,20.24000000,2.37700000,21.33
1749261458,20.23000000,1.97900000,21.33
1749261458,20.22000000,1.00000000,21.33
1749261458,20.21000000,0.76900000,21.33
1749261458,20.20000000,50.00000000,21.33
1749261458,20.19000000,0.32500000,21.33
1749261458,20.16000000,0.84300000,21.33
1749261458,20.15000000,4964.55800000,21.33
1749261458,20.14000000,1.76000000,21.33
1749261458,20.13000000,19.86600000,21.33
1749261458,20.12000000,5.30000000,21.33
1749261458,20.11000000,51.10100000,21.33
1749261458,20.10000000,0.90300000,21.33
1749261458,20.09000000,0.95800000,21.33
1749261458,20.08000000,1.84300000,21.33
1749261458,20.07000000,0.54500000,21.33
1749261458,20.06000000,0.33700000,21.33
1749261458,20.05000000,1.42900000,21.33
1749261458,20.04000000,0.44900000,21.33
1749261458,20.03000000,19.05500000,21.33
1749261458,20.02000000,0.25000000,21.33
1749261774,21.33000000,21.60000000,21.33
1749261774,21.32000000,92.63900000,21.33
1749261774,21.31000000,239.06400000,21.33
1749261774,21.30000000,183.07300000,21.33
1749261774,21.29000000,412.91700000,21.33
1749261774,21.28000000,51.68900000,21.33
1749261774,21.27000000,229.96400000,21.33
1749261774,21.26000000,46.71000000,21.33
1749261774,21.25000000,75.35400000,21.33
1749261774,21.24000000,111.43800000,21.33
1749261774,21.23000000,322.02300000,21.33
1749261774,21.22000000,38.94900000,21.33
1749261774,21.21000000,112.37500000,21.33
1749261774,21.20000000,81.74500000,21.33
1749261774,21.19000000,86.30300000,21.33
1749261774,21.18000000,11.50700000,21.33
1749261774,21.17000000,11.50800000,21.33
1749261774,21.16000000,11.50800000,21.33
1749261774,21.15000000,11.42400000,21.33
1749261774,21.14000000,11.15500000,21.33
1749261774,21.13000000,18.15500000,21.33
1749261774,21.12000000,75.41900000,21.33
1749261774,21.11000000,23.76800000,21.33
1749261774,21.10000000,11.15600000,21.33
1749261774,21.09000000,6.45700000,21.33
1749261774,21.08000000,11.42500000,21.33
1749261774,21.07000000,26.74400000,21.33
1749261774,21.06000000,84.39100000,21.33
1749261774,21.04000000,1.17000000,21.33
1749261774,21.01000000,0.26900000,21.33
1749261774,21.00000000,34.38700000,21.33
1749261774,20.98000000,0.12400000,21.33
1749261774,20.97000000,16.02000000,21.33
1749261774,20.96000000,16.02700000,21.33
1749261774,20.95000000,0.26900000,21.33
1749261774,20.94000000,1.35700000,21.33
1749261774,20.93000000,7.00000000,21.33
1749261774,20.92000000,0.35600000,21.33
1749261774,20.91000000,2.34300000,21.33
1749261774,20.90000000,0.85600000,21.33
1749261774,20.89000000,0.35300000,21.33
1749261774,20.88000000,5.62300000,21.33
1749261774,20.87000000,3.68900000,21.33
1749261774,20.86000000,4.30500000,21.33
1749261774,20.85000000,0.52000000,21.33
1749261774,20.84000000,0.27400000,21.33
1749261774,20.83000000,5.80000000,21.33
1749261774,20.82000000,0.32500000,21.33
1749261774,20.81000000,0.26900000,21.33
1749261774,20.80000000,0.29900000,21.33
1749261774,20.76000000,7.33700000,21.33
1749261774,20.75000000,0.48700000,21.33
1749261774,20.74000000,0.26900000,21.33
1749261774,20.72000000,5.55200000,21.33
1749261774,20.70000000,3.69400000,21.33
1749261774,20.68000000,0.29000000,21.33
1749261774,20.67000000,0.26900000,21.33
1749261774,20.61000000,0.26900000,21.33
1749261774,20.57000000,3.64500000,21.33
1749261774,20.56000000,1.07300000,21.33
1749261774,20.55000000,0.24400000,21.33
1749261774,20.54000000,0.66700000,21.33
1749261774,20.53000000,0.48800000,21.33
1749261774,20.52000000,0.40300000,21.33
1749261774,20.50000000,33.51300000,21.33
1749261774,20.48000000,0.29900000,21.33
1749261774,20.47000000,944.23000000,21.33
1749261774,20.43000000,0.27400000,21.33
1749261774,20.41000000,0.60600000,21.33
1749261774,20.40000000,0.24600000,21.33
1749261774,20.38000000,0.36600000,21.33
1749261774,20.34000000,1.52300000,21.33
1749261774,20.31000000,968.65900000,21.33
1749261774,20.30000000,1.36100000,21.33
1749261774,20.29000000,1.85200000,21.33
1749261774,20.28000000,266.01000000,21.33
1749261774,20.27000000,3.94900000,21.33
1749261774,20.25000000,1.46300000,21.33
1749261774,20.24000000,2.37700000,21.33
1749261774,20.23000000,1.97900000,21.33
1749261774,20.22000000,1.00000000,21.33
1749261774,20.21000000,0.76900000,21.33
1749261774,20.20000000,50.00000000,21.33
1749261774,20.19000000,0.32500000,21.33
1749261774,20.16000000,0.84300000,21.33
1749261774,20.15000000,4964.55800000,21.33
1749261774,20.14000000,1.76000000,21.33
1749261774,20.13000000,19.86600000,21.33
1749261774,20.12000000,5.30000000,21.33
1749261774,20.11000000,51.10100000,21.33
1749261774,20.10000000,0.90300000,21.33
1749261774,20.09000000,0.95800000,21.33
1749261774,20.08000000,1.84300000,21.33
1749261774,20.07000000,0.54500000,21.33
1749261774,20.06000000,0.33700000,21.33
1749261774,20.05000000,1.42900000,21.33
1749261774,20.04000000,0.44900000,21.33
1749261774,20.03000000,19.05500000,21.33
1749261774,20.02000000,0.25000000,21.33
1749261774,20.01000000,136.45700000,21.33
1749262077,21.31000000,27.50000000,21.31
1749262077,21.30000000,106.81800000,21.31
1749262077,21.29000000,267.28300000,21.31
1749262077,21.28000000,236.44600000,21.31
1749262077,21.27000000,233.71500000,21.31
1749262077,21.26000000,291.45500000,21.31
1749262077,21.25000000,187.54600000,21.31
1749262077,21.24000000,149.01000000,21.31
1749262077,21.23000000,99.24700000,21.31
1749262077,21.22000000,283.97100000,21.31
1749262077,21.21000000,94.48000000,21.31
1749262077,21.20000000,48.73700000,21.31
1749262077,21.19000000,39.68300000,21.31
1749262077,21.18000000,34.79700000,21.31
1749262077,21.17000000,86.37400000,21.31
1749262077,21.16000000,11.50800000,21.31
1749262077,21.15000000,11.42400000,21.31
1749262077,21.14000000,58.24600000,21.31
1749262077,21.13000000,18.15500000,21.31
1749262077,21.12000000,70.11900000,21.31
1749262077,21.11000000,29.06800000,21.31
1749262077,21.10000000,11.15600000,21.31
1749262077,21.09000000,0.35600000,21.31
1749262077,21.08000000,11.42500000,21.31
1749262077,21.07000000,26.74400000,21.31
1749262077,21.06000000,84.39100000,21.31
1749262077,21.05000000,6.11100000,21.31
1749262077,21.04000000,1.17000000,21.31
1749262077,21.01000000,0.26900000,21.31
1749262077,21.00000000,34.38700000,21.31
1749262077,20.98000000,0.12400000,21.31
1749262077,20.95000000,0.26900000,21.31
1749262077,20.94000000,1.35700000,21.31
1749262077,20.93000000,7.00000000,21.31
1749262077,20.92000000,0.35600000,21.31
1749262077,20.91000000,18.40900000,21.31
1749262077,20.90000000,0.85600000,21.31
1749262077,20.89000000,0.35300000,21.31
1749262077,20.88000000,5.62300000,21.31
1749262077,20.87000000,3.68900000,21.31
1749262077,20.86000000,4.30500000,21.31
1749262077,20.85000000,0.52000000,21.31
1749262077,20.84000000,0.27400000,21.31
1749262077,20.83000000,5.80000000,21.31
1749262077,20.82000000,0.32500000,21.31
1749262077,20.81000000,0.26900000,21.31
1749262077,20.80000000,0.29900000,21.31
1749262077,20.76000000,7.33700000,21.31
1749262077,20.75000000,0.48700000,21.31
1749262077,20.74000000,0.26900000,21.31
1749262077,20.72000000,5.55200000,21.31
1749262077,20.70000000,3.69400000,21.31
1749262077,20.68000000,0.29000000,21.31
1749262077,20.67000000,0.26900000,21.31
1749262077,20.61000000,0.26900000,21.31
1749262077,20.57000000,3.64500000,21.31
1749262077,20.56000000,1.07300000,21.31
1749262077,20.55000000,0.24400000,21.31
1749262077,20.54000000,0.66700000,21.31
1749262077,20.53000000,0.48800000,21.31
1749262077,20.52000000,0.40300000,21.31
1749262077,20.50000000,33.51300000,21.31
1749262077,20.48000000,0.29900000,21.31
1749262077,20.47000000,944.23000000,21.31
1749262077,20.43000000,0.27400000,21.31
1749262077,20.41000000,0.60600000,21.31
1749262077,20.40000000,0.24600000,21.31
1749262077,20.38000000,0.36600000,21.31
1749262077,20.34000000,1.52300000,21.31
1749262077,20.31000000,968.65900000,21.31
1749262077,20.30000000,1.36100000,21.31
1749262077,20.29000000,1.85200000,21.31
1749262077,20.28000000,266.01000000,21.31
1749262077,20.27000000,3.94900000,21.31
1749262077,20.25000000,1.46300000,21.31
1749262077,20.24000000,2.37700000,21.31
1749262077,20.23000000,1.97900000,21.31
1749262077,20.22000000,1.00000000,21.31
1749262077,20.21000000,0.76900000,21.31
1749262077,20.20000000,50.00000000,21.31
1749262077,20.19000000,0.32500000,21.31
1749262077,20.16000000,0.84300000,21.31
1749262077,20.15000000,4964.55800000,21.31
1749262077,20.14000000,1.76000000,21.31
1749262077,20.13000000,19.86600000,21.31
1749262077,20.12000000,5.30000000,21.31
1749262077,20.11000000,51.10100000,21.31
1749262077,20.10000000,0.90300000,21.31
1749262077,20.09000000,0.95800000,21.31
1749262077,20.08000000,1.84300000,21.31
1749262077,20.07000000,0.54500000,21.31
1749262077,20.06000000,0.33700000,21.31
1749262077,20.05000000,1.42900000,21.31
1749262077,20.04000000,0.44900000,21.31
1749262077,20.03000000,19.05500000,21.31
1749262077,20.02000000,0.25000000,21.31
1749262077,20.01000000,136.45700000,21.31
1749262077,20.00000000,559.28100000,21.31
1749262077,19.99000000,0.40000000,21.31
1749262077,19.97000000,3.33500000,21.31
1749262383,21.34000000,21.60000000,21.35
1749262383,21.33000000,37.50000000,21.35
1749262383,21.32000000,48.32700000,21.35
1749262383,21.31000000,192.94200000,21.35
1749262383,21.30000000,295.36300000,21.35
1749262383,21.29000000,331.81100000,21.35
1749262383,21.28000000,215.51400000,21.35
1749262383,21.27000000,230.08800000,21.35
1749262383,21.26000000,137.68400000,21.35
1749262383,21.25000000,293.82400000,21.35
1749262383,21.24000000,111.43800000,21.35
1749262383,21.23000000,72.98100000,21.35
1749262383,21.22000000,62.86900000,21.35
1749262383,21.21000000,159.59500000,21.35
1749262383,21.20000000,81.74500000,21.35
1749262383,21.19000000,11.50700000,21.35
1749262383,21.18000000,34.79700000,21.35
1749262383,21.17000000,11.50800000,21.35
1749262383,21.16000000,11.50800000,21.35
1749262383,21.15000000,11.42400000,21.35
1749262383,21.14000000,11.15500000,21.35
1749262383,21.13000000,23.45500000,21.35
1749262383,21.12000000,70.11900000,21.35
1749262383,21.11000000,23.76800000,21.35
1749262383,21.10000000,11.15600000,21.35
1749262383,21.09000000,0.35600000,21.35
1749262383,21.08000000,17.52800000,21.35
1749262383,21.07000000,26.74400000,21.35
1749262383,21.06000000,73.59100000,21.35
1749262383,21.04000000,1.17000000,21.35
1749262383,21.01000000,0.26900000,21.35
1749262383,21.00000000,34.38700000,21.35
1749262383,20.98000000,16.13600000,21.35
1749262383,20.95000000,0.26900000,21.35
1749262383,20.94000000,17.40000000,21.35
1749262383,20.93000000,7.00000000,21.35
1749262383,20.92000000,0.35600000,21.35
1749262383,20.91000000,2.34300000,21.35
1749262383,20.90000000,0.85600000,21.35
1749262383,20.89000000,0.35300000,21.35
1749262383,20.88000000,5.62300000,21.35
1749262383,20.87000000,3.68900000,21.35
1749262383,20.86000000,4.30500000,21.35
1749262383,20.85000000,0.52000000,21.35
1749262383,20.84000000,0.27400000,21.35
1749262383,20.83000000,5.80000000,21.35
1749262383,20.82000000,0.32500000,21.35
1749262383,20.81000000,0.26900000,21.35
1749262383,20.80000000,0.29900000,21.35
1749262383,20.76000000,7.33700000,21.35
1749262383,20.75000000,0.48700000,21.35
1749262383,20.74000000,0.26900000,21.35
1749262383,20.72000000,5.55200000,21.35
1749262383,20.70000000,3.69400000,21.35
1749262383,20.68000000,0.29000000,21.35
1749262383,20.67000000,0.26900000,21.35
1749262383,20.61000000,0.26900000,21.35
1749262383,20.57000000,3.64500000,21.35
1749262383,20.56000000,1.07300000,21.35
1749262383,20.55000000,0.73100000,21.35
1749262383,20.54000000,0.66700000,21.35
1749262383,20.52000000,0.40300000,21.35
1749262383,20.50000000,33.51300000,21.35
1749262383,20.48000000,0.29900000,21.35
1749262383,20.47000000,944.23000000,21.35
1749262383,20.43000000,0.27400000,21.35
1749262383,20.41000000,0.60600000,21.35
1749262383,20.40000000,0.24600000,21.35
1749262383,20.34000000,1.52300000,21.35
1749262383,20.31000000,968.65900000,21.35
1749262383,20.30000000,1.36100000,21.35
1749262383,20.29000000,1.85200000,21.35
1749262383,20.28000000,266.01000000,21.35
1749262383,20.27000000,3.94900000,21.35
1749262383,20.25000000,1.46300000,21.35
1749262383,20.24000000,2.37700000,21.35
1749262383,20.23000000,1.97900000,21.35
1749262383,20.22000000,1.00000000,21.35
1749262383,20.21000000,0.76900000,21.35
1749262383,20.20000000,50.00000000,21.35
1749262383,20.19000000,0.32500000,21.35
1749262383,20.16000000,0.84300000,21.35
1749262383,20.15000000,4964.55800000,21.35
1749262383,20.14000000,1.76000000,21.35
1749262383,20.13000000,19.86600000,21.35
1749262383,20.12000000,5.30000000,21.35
1749262383,20.11000000,51.58600000,21.35
1749262383,20.10000000,0.90300000,21.35
1749262383,20.09000000,0.95800000,21.35
1749262383,20.08000000,1.84300000,21.35
1749262383,20.07000000,0.54500000,21.35
1749262383,20.06000000,0.33700000,21.35
1749262383,20.05000000,1.42900000,21.35
1749262383,20.04000000,0.44900000,21.35
1749262383,20.03000000,19.05500000,21.35
1749262383,20.02000000,0.25000000,21.35
1749262383,20.01000000,136.45700000,21.35
1749262383,20.00000000,559.28100000,21.35
1749262383,19.99000000,0.40000000,21.35
1749262383,19.97000000,3.33500000,21.35
1749262685,21.37000000,21.60000000,21.37
1749262685,21.36000000,54.42700000,21.37
1749262685,21.35000000,123.68700000,21.37
1749262685,21.34000000,282.95300000,21.37
1749262685,21.33000000,437.65400000,21.37
1749262685,21.32000000,236.00100000,21.37
1749262685,21.31000000,347.91200000,21.37
1749262685,21.30000000,65.67200000,21.37
1749262685,21.29000000,138.04100000,21.37
1749262685,21.28000000,44.54000000,21.37
1749262685,21.27000000,50.23600000,21.37
1749262685,21.26000000,121.25700000,21.37
1749262685,21.25000000,72.23900000,21.37
1749262685,21.24000000,34.83900000,21.37
1749262685,21.23000000,34.74300000,21.37
1749262685,21.22000000,35.04500000,21.37
1749262685,21.21000000,11.50800000,21.37
1749262685,21.20000000,58.46600000,21.37
1749262685,21.19000000,11.50700000,21.37
1749262685,21.18000000,11.50700000,21.37
1749262685,21.17000000,11.50800000,21.37
1749262685,21.16000000,75.03400000,21.37
1749262685,21.15000000,11.42400000,21.37
1749262685,21.14000000,27.04600000,21.37
1749262685,21.13000000,18.15500000,21.37
1749262685,21.12000000,11.42900000,21.37
1749262685,21.11000000,81.34000000,21.37
1749262685,21.10000000,0.35600000,21.37
1749262685,21.09000000,0.35600000,21.37
1749262685,21.08000000,0.62500000,21.37
1749262685,21.06000000,22.40900000,21.37
1749262685,21.04000000,17.13600000,21.37
1749262685,21.01000000,0.26900000,21.37
1749262685,21.00000000,34.38700000,21.37
1749262685,20.99000000,16.00400000,21.37
1749262685,20.98000000,0.12400000,21.37
1749262685,20.95000000,0.26900000,21.37
1749262685,20.94000000,1.35700000,21.37
1749262685,20.93000000,7.00000000,21.37
1749262685,20.92000000,0.35600000,21.37
1749262685,20.91000000,2.34300000,21.37
1749262685,20.90000000,0.85600000,21.37
1749262685,20.89000000,0.35300000,21.37
1749262685,20.88000000,5.62300000,21.37
1749262685,20.87000000,3.68900000,21.37
1749262685,20.86000000,4.30500000,21.37
1749262685,20.85000000,0.52000000,21.37
1749262685,20.84000000,0.27400000,21.37
1749262685,20.83000000,5.80000000,21.37
1749262685,20.82000000,0.32500000,21.37
1749262685,20.81000000,0.26900000,21.37
1749262685,20.80000000,0.29900000,21.37
1749262685,20.76000000,7.33700000,21.37
1749262685,20.75000000,0.48700000,21.37
1749262685,20.74000000,0.26900000,21.37
1749262685,20.72000000,5.55200000,21.37
1749262685,20.70000000,3.69400000,21.37
1749262685,20.68000000,0.29000000,21.37
1749262685,20.67000000,0.26900000,21.37
1749262685,20.61000000,0.26900000,21.37
1749262685,20.57000000,3.64500000,21.37
1749262685,20.56000000,1.07300000,21.37
1749262685,20.55000000,0.73100000,21.37
1749262685,20.54000000,0.66700000,21.37
1749262685,20.52000000,0.40300000,21.37
1749262685,20.50000000,33.51300000,21.37
1749262685,20.48000000,0.29900000,21.37
1749262685,20.47000000,944.23000000,21.37
1749262685,20.43000000,0.27400000,21.37
1749262685,20.41000000,0.60600000,21.37
1749262685,20.40000000,0.24600000,21.37
1749262685,20.34000000,1.52300000,21.37
1749262685,20.31000000,968.65900000,21.37
1749262685,20.30000000,1.36100000,21.37
1749262685,20.29000000,1.85200000,21.37
1749262685,20.28000000,266.01000000,21.37
1749262685,20.27000000,3.94900000,21.37
1749262685,20.25000000,1.46300000,21.37
1749262685,20.24000000,2.37700000,21.37
1749262685,20.23000000,1.97900000,21.37
1749262685,20.22000000,1.00000000,21.37
1749262685,20.21000000,0.76900000,21.37
1749262685,20.20000000,50.00000000,21.37
1749262685,20.19000000,0.32500000,21.37
1749262685,20.16000000,0.84300000,21.37
1749262685,20.15000000,4964.55800000,21.37
1749262685,20.14000000,1.76000000,21.37
1749262685,20.13000000,19.86600000,21.37
1749262685,20.12000000,5.30000000,21.37
1749262685,20.11000000,51.58600000,21.37
1749262685,20.10000000,0.90300000,21.37
1749262685,20.09000000,0.95800000,21.37
1749262685,20.08000000,1.84300000,21.37
1749262685,20.07000000,0.54500000,21.37
1749262685,20.06000000,0.33700000,21.37
1749262685,20.05000000,1.42900000,21.37
1749262685,20.04000000,0.44900000,21.37
1749262685,20.03000000,19.05500000,21.37
1749262685,20.02000000,0.25000000,21.37
1749262685,20.01000000,136.45700000,21.37
1749262988,21.35000000,21.60000000,21.35
1749262988,21.34000000,89.81200000,21.35
1749262988,21.33000000,306.69300000,21.35
1749262988,21.32000000,254.68400000,21.35
1749262988,21.31000000,254.37400000,21.35
1749262988,21.30000000,262.47300000,21.35
1749262988,21.29000000,99.85600000,21.35
1749262988,21.28000000,206.92600000,21.35
1749262988,21.27000000,115.88500000,21.35
1749262988,21.26000000,291.31700000,21.35
1749262988,21.25000000,34.83900000,21.35
1749262988,21.24000000,48.33500000,21.35
1749262988,21.23000000,44.77000000,21.35
1749262988,21.22000000,35.04500000,21.35
1749262988,21.21000000,137.31300000,21.35
1749262988,21.20000000,81.73400000,21.35
1749262988,21.19000000,11.50700000,21.35
1749262988,21.18000000,11.50700000,21.35
1749262988,21.17000000,11.50800000,21.35
1749262988,21.16000000,70.90500000,21.35
1749262988,21.15000000,11.42400000,21.35
1749262988,21.14000000,16.45500000,21.35
1749262988,21.13000000,18.15500000,21.35
1749262988,21.12000000,11.42900000,21.35
1749262988,21.11000000,75.24500000,21.35
1749262988,21.10000000,0.35600000,21.35
1749262988,21.09000000,33.18300000,21.35
1749262988,21.08000000,0.62500000,21.35
1749262988,21.06000000,22.40900000,21.35
1749262988,21.04000000,15.96600000,21.35
1749262988,21.01000000,0.26900000,21.35
1749262988,21.00000000,34.38700000,21.35
1749262988,20.98000000,0.12400000,21.35
1749262988,20.95000000,0.26900000,21.35
1749262988,20.94000000,17.40000000,21.35
1749262988,20.93000000,7.00000000,21.35
1749262988,20.92000000,0.35600000,21.35
1749262988,20.91000000,2.34300000,21.35
1749262988,20.90000000,0.85600000,21.35
1749262988,20.89000000,0.35300000,21.35
1749262988,20.88000000,5.62300000,21.35
1749262988,20.87000000,3.68900000,21.35
1749262988,20.86000000,4.30500000,21.35
1749262988,20.85000000,0.52000000,21.35
1749262988,20.84000000,0.27400000,21.35
1749262988,20.83000000,5.80000000,21.35
1749262988,20.82000000,0.32500000,21.35
1749262988,20.81000000,0.26900000,21.35
1749262988,20.80000000,0.29900000,21.35
1749262988,20.76000000,7.33700000,21.35
1749262988,20.75000000,0.48700000,21.35
1749262988,20.74000000,0.26900000,21.35
1749262988,20.72000000,5.55200000,21.35
1749262988,20.70000000,3.69400000,21.35
1749262988,20.68000000,0.29000000,21.35
1749262988,20.67000000,0.26900000,21.35
1749262988,20.61000000,0.26900000,21.35
1749262988,20.57000000,3.64500000,21.35
1749262988,20.56000000,1.07300000,21.35
1749262988,20.55000000,0.73100000,21.35
1749262988,20.54000000,0.66700000,21.35
1749262988,20.52000000,0.40300000,21.35
1749262988,20.50000000,33.51300000,21.35
1749262988,20.48000000,0.29900000,21.35
1749262988,20.47000000,944.23000000,21.35
1749262988,20.43000000,0.27400000,21.35
1749262988,20.41000000,0.60600000,21.35
1749262988,20.40000000,0.24600000,21.35
1749262988,20.34000000,1.52300000,21.35
1749262988,20.31000000,968.65900000,21.35
1749262988,20.30000000,1.36100000,21.35
1749262988,20.29000000,1.85200000,21.35
1749262988,20.28000000,266.01000000,21.35
1749262988,20.27000000,3.94900000,21.35
1749262988,20.25000000,1.46300000,21.35
1749262988,20.24000000,2.37700000,21.35
1749262988,20.23000000,1.97900000,21.35
1749262988,20.22000000,1.00000000,21.35
1749262988,20.21000000,0.76900000,21.35
1749262988,20.20000000,50.00000000,21.35
1749262988,20.19000000,0.32500000,21.35
1749262988,20.16000000,0.84300000,21.35
1749262988,20.15000000,4964.55800000,21.35
1749262988,20.14000000,1.76000000,21.35
1749262988,20.13000000,19.86600000,21.35
1749262988,20.12000000,5.30000000,21.35
1749262988,20.11000000,51.58600000,21.35
1749262988,20.10000000,0.90300000,21.35
1749262988,20.09000000,0.95800000,21.35
1749262988,20.08000000,1.84300000,21.35
1749262988,20.07000000,0.54500000,21.35
1749262988,20.06000000,0.33700000,21.35
1749262988,20.05000000,1.42900000,21.35
1749262988,20.04000000,0.44900000,21.35
1749262988,20.03000000,19.05500000,21.35
1749262988,20.02000000,0.25000000,21.35
1749262988,20.01000000,136.45700000,21.35
1749262988,20.00000000,559.28100000,21.35
1749262988,19.99000000,0.40000000,21.35
1749262988,19.97000000,3.33500000,21.35
1749263302,21.37000000,21.60000000,21.37
1749263302,21.36000000,56.85400000,21.37
1749263302,21.35000000,140.72800000,21.37
1749263302,21.34000000,264.98000000,21.37
1749263302,21.33000000,357.61800000,21.37
1749263302,21.32000000,236.90400000,21.37
1749263302,21.31000000,351.08500000,21.37
1749263302,21.30000000,105.93300000,21.37
1749263302,21.29000000,63.80700000,21.37
1749263302,21.28000000,294.62000000,21.37
1749263302,21.27000000,89.66800000,21.37
1749263302,21.26000000,117.35200000,21.37
1749263302,21.25000000,34.83900000,21.37
1749263302,21.24000000,34.83900000,21.37
1749263302,21.23000000,72.51200000,21.37
1749263302,21.22000000,81.98100000,21.37
1749263302,21.21000000,11.50800000,21.37
1749263302,21.20000000,11.50800000,21.37
1749263302,21.19000000,11.50700000,21.37
1749263302,21.18000000,11.50700000,21.37
1749263302,21.17000000,11.50800000,21.37
1749263302,21.16000000,76.20500000,21.37
1749263302,21.15000000,11.42400000,21.37
1749263302,21.14000000,11.15500000,21.37
1749263302,21.13000000,18.15500000,21.37
1749263302,21.12000000,0.62900000,21.37
1749263302,21.11000000,64.44500000,21.37
1749263302,21.10000000,6.45500000,21.37
1749263302,21.09000000,16.28400000,21.37
1749263302,21.08000000,0.62500000,21.37
1749263302,21.06000000,22.40900000,21.37
1749263302,21.04000000,15.96600000,21.37
1749263302,21.01000000,0.26900000,21.37
1749263302,21.00000000,34.38700000,21.37
1749263302,20.98000000,0.12400000,21.37
1749263302,20.95000000,0.26900000,21.37
1749263302,20.94000000,17.40000000,21.37
1749263302,20.93000000,7.00000000,21.37
1749263302,20.92000000,0.35600000,21.37
1749263302,20.91000000,2.34300000,21.37
1749263302,20.90000000,0.85600000,21.37
1749263302,20.89000000,0.35300000,21.37
1749263302,20.88000000,5.62300000,21.37
1749263302,20.87000000,3.68900000,21.37
1749263302,20.86000000,4.30500000,21.37
1749263302,20.85000000,0.52000000,21.37
1749263302,20.84000000,0.27400000,21.37
1749263302,20.83000000,5.80000000,21.37
1749263302,20.82000000,0.32500000,21.37
1749263302,20.81000000,0.26900000,21.37
1749263302,20.80000000,0.29900000,21.37
1749263302,20.76000000,7.33700000,21.37
1749263302,20.75000000,0.48700000,21.37
1749263302,20.74000000,0.26900000,21.37
1749263302,20.72000000,5.55200000,21.37
1749263302,20.70000000,3.69400000,21.37
1749263302,20.68000000,0.29000000,21.37
1749263302,20.67000000,0.26900000,21.37
1749263302,20.61000000,0.26900000,21.37
1749263302,20.57000000,3.64500000,21.37
1749263302,20.56000000,1.07300000,21.37
1749263302,20.55000000,0.24400000,21.37
1749263302,20.54000000,0.66700000,21.37
1749263302,20.53000000,0.48800000,21.37
1749263302,20.52000000,0.40300000,21.37
1749263302,20.50000000,33.51300000,21.37
1749263302,20.48000000,0.29900000,21.37
1749263302,20.47000000,944.23000000,21.37
1749263302,20.43000000,0.27400000,21.37
1749263302,20.41000000,0.60600000,21.37
1749263302,20.40000000,0.24600000,21.37
1749263302,20.34000000,1.52300000,21.37
1749263302,20.31000000,968.65900000,21.37
1749263302,20.30000000,1.36100000,21.37
1749263302,20.29000000,1.85200000,21.37
1749263302,20.28000000,266.01000000,21.37
1749263302,20.27000000,3.94900000,21.37
1749263302,20.25000000,1.46300000,21.37
1749263302,20.24000000,2.37700000,21.37
1749263302,20.23000000,1.97900000,21.37
1749263302,20.22000000,1.00000000,21.37
1749263302,20.21000000,0.76900000,21.37
1749263302,20.20000000,50.00000000,21.37
1749263302,20.19000000,0.32500000,21.37
1749263302,20.16000000,0.84300000,21.37
1749263302,20.15000000,4964.55800000,21.37
1749263302,20.14000000,1.76000000,21.37
1749263302,20.13000000,19.86600000,21.37
1749263302,20.12000000,5.30000000,21.37
1749263302,20.11000000,51.58600000,21.37
1749263302,20.10000000,0.90300000,21.37
1749263302,20.09000000,0.95800000,21.37
1749263302,20.08000000,1.84300000,21.37
1749263302,20.07000000,0.54500000,21.37
1749263302,20.06000000,0.33700000,21.37
1749263302,20.05000000,1.42900000,21.37
1749263302,20.04000000,0.44900000,21.37
1749263302,20.03000000,19.05500000,21.37
1749263302,20.02000000,0.25000000,21.37
1749263302,20.01000000,136.45700000,21.37
1749263603,21.37000000,21.60000000,21.37
1749263603,21.36000000,52.40100000,21.37
1749263603,21.35000000,153.44600000,21.37
1749263603,21.34000000,337.92800000,21.37
1749263603,21.33000000,294.58900000,21.37
1749263603,21.32000000,280.76900000,21.37
1749263603,21.31000000,197.49400000,21.37
1749263603,21.30000000,137.74400000,21.37
1749263603,21.29000000,89.99900000,21.37
1749263603,21.28000000,294.62000000,21.37
1749263603,21.27000000,93.56600000,21.37
1749263603,21.26000000,36.98300000,21.37
1749263603,21.25000000,42.97400000,21.37
1749263603,21.24000000,38.73700000,21.37
1749263603,21.23000000,72.51200000,21.37
1749263603,21.22000000,156.67100000,21.37
1749263603,21.21000000,15.40600000,21.37
1749263603,21.20000000,11.50800000,21.37
1749263603,21.19000000,11.50700000,21.37
1749263603,21.18000000,11.50700000,21.37
1749263603,21.17000000,11.50800000,21.37
1749263603,21.16000000,76.20500000,21.37
1749263603,21.15000000,11.42400000,21.37
1749263603,21.14000000,27.04600000,21.37
1749263603,21.13000000,18.15500000,21.37
1749263603,21.12000000,0.62900000,21.37
1749263603,21.11000000,64.44500000,21.37
1749263603,21.10000000,6.45300000,21.37
1749263603,21.09000000,0.35600000,21.37
1749263603,21.08000000,0.62500000,21.37
1749263603,21.06000000,22.40900000,21.37
1749263603,21.04000000,15.96600000,21.37
1749263603,21.01000000,0.26900000,21.37
1749263603,21.00000000,30.07900000,21.37
1749263603,20.98000000,0.12400000,21.37
1749263603,20.95000000,0.26900000,21.37
1749263603,20.94000000,17.40000000,21.37
1749263603,20.93000000,7.00000000,21.37
1749263603,20.92000000,0.35600000,21.37
1749263603,20.91000000,2.34300000,21.37
1749263603,20.90000000,0.85600000,21.37
1749263603,20.89000000,0.35300000,21.37
1749263603,20.88000000,5.62300000,21.37
1749263603,20.87000000,3.68900000,21.37
1749263603,20.86000000,4.30500000,21.37
1749263603,20.85000000,0.52000000,21.37
1749263603,20.84000000,0.27400000,21.37
1749263603,20.83000000,5.80000000,21.37
1749263603,20.82000000,0.32500000,21.37
1749263603,20.81000000,0.26900000,21.37
1749263603,20.80000000,0.29900000,21.37
1749263603,20.76000000,7.33700000,21.37
1749263603,20.75000000,0.48700000,21.37
1749263603,20.74000000,0.26900000,21.37
1749263603,20.72000000,5.55200000,21.37
1749263603,20.70000000,3.69400000,21.37
1749263603,20.68000000,0.29000000,21.37
1749263603,20.67000000,0.26900000,21.37
1749263603,20.61000000,0.26900000,21.37
1749263603,20.57000000,3.64500000,21.37
1749263603,20.56000000,1.07300000,21.37
1749263603,20.55000000,0.24400000,21.37
1749263603,20.54000000,0.66700000,21.37
1749263603,20.53000000,0.48800000,21.37
1749263603,20.52000000,0.40300000,21.37
1749263603,20.50000000,33.51300000,21.37
1749263603,20.48000000,0.29900000,21.37
1749263603,20.47000000,944.23000000,21.37
1749263603,20.43000000,0.27400000,21.37
1749263603,20.41000000,0.60600000,21.37
1749263603,20.40000000,0.24600000,21.37
1749263603,20.34000000,1.52300000,21.37
1749263603,20.31000000,968.65900000,21.37
1749263603,20.30000000,1.36100000,21.37
1749263603,20.29000000,1.85200000,21.37
1749263603,20.28000000,266.01000000,21.37
1749263603,20.27000000,3.94900000,21.37
1749263603,20.25000000,1.46300000,21.37
1749263603,20.24000000,2.37700000,21.37
1749263603,20.23000000,1.97900000,21.37
1749263603,20.22000000,1.00000000,21.37
1749263603,20.21000000,0.76900000,21.37
1749263603,20.20000000,50.00000000,21.37
1749263603,20.19000000,0.32500000,21.37
1749263603,20.16000000,0.84300000,21.37
1749263603,20.15000000,4964.55800000,21.37
1749263603,20.14000000,1.76000000,21.37
1749263603,20.13000000,19.86600000,21.37
1749263603,20.12000000,5.30000000,21.37
1749263603,20.11000000,51.58600000,21.37
1749263603,20.10000000,0.90300000,21.37
1749263603,20.09000000,0.95800000,21.37
1749263603,20.08000000,1.84300000,21.37
1749263603,20.07000000,0.54500000,21.37
1749263603,20.06000000,0.33700000,21.37
1749263603,20.05000000,1.42900000,21.37
1749263603,20.04000000,0.44900000,21.37
1749263603,20.03000000,19.05500000,21.37
1749263603,20.02000000,0.25000000,21.37
1749263603,20.01000000,136.45700000,21.37
1749263905,21.41000000,10.80000000,21.41
1749263905,21.40000000,52.67800000,21.41
1749263905,21.39000000,69.57400000,21.41
1749263905,21.38000000,200.79600000,21.41
1749263905,21.37000000,238.44400000,21.41
1749263905,21.36000000,236.00100000,21.41
1749263905,21.35000000,326.46900000,21.41
1749263905,21.34000000,239.42300000,21.41
1749263905,21.33000000,156.22400000,21.41
1749263905,21.32000000,37.65000000,21.41
1749263905,21.31000000,284.76800000,21.41
1749263905,21.30000000,94.47400000,21.41
1749263905,21.29000000,169.39800000,21.41
1749263905,21.28000000,34.79600000,21.41
1749263905,21.27000000,87.73000000,21.41
1749263905,21.26000000,46.99700000,21.41
1749263905,21.25000000,11.50600000,21.41
1749263905,21.24000000,15.38100000,21.41
1749263905,21.23000000,11.50800000,21.41
1749263905,21.22000000,58.71300000,21.41
1749263905,21.21000000,11.50800000,21.41
1749263905,21.20000000,16.45400000,21.41
1749263905,21.19000000,11.15400000,21.41
1749263905,21.18000000,11.15400000,21.41
1749263905,21.17000000,11.15500000,21.41
1749263905,21.16000000,70.90500000,21.41
1749263905,21.15000000,0.62400000,21.41
1749263905,21.14000000,16.24600000,21.41
1749263905,21.13000000,7.35500000,21.41
1749263905,21.12000000,6.72100000,21.41
1749263905,21.11000000,52.79100000,21.41
1749263905,21.10000000,0.35600000,21.41
1749263905,21.09000000,0.35600000,21.41
1749263905,21.08000000,0.62500000,21.41
1749263905,21.06000000,22.40900000,21.41
1749263905,21.04000000,15.96600000,21.41
1749263905,21.01000000,0.26900000,21.41
1749263905,21.00000000,46.07600000,21.41
1749263905,20.98000000,0.12400000,21.41
1749263905,20.95000000,0.26900000,21.41
1749263905,20.94000000,1.35700000,21.41
1749263905,20.93000000,7.00000000,21.41
1749263905,20.92000000,0.35600000,21.41
1749263905,20.91000000,2.34300000,21.41
1749263905,20.90000000,0.85600000,21.41
1749263905,20.89000000,0.35300000,21.41
1749263905,20.88000000,5.62300000,21.41
1749263905,20.87000000,3.68900000,21.41
1749263905,20.86000000,4.30500000,21.41
1749263905,20.85000000,0.52000000,21.41
1749263905,20.84000000,0.27400000,21.41
1749263905,20.83000000,5.80000000,21.41
1749263905,20.82000000,0.32500000,21.41
1749263905,20.81000000,0.26900000,21.41
1749263905,20.80000000,0.29900000,21.41
1749263905,20.76000000,7.33700000,21.41
1749263905,20.75000000,0.48700000,21.41
1749263905,20.74000000,0.26900000,21.41
1749263905,20.72000000,5.55200000,21.41
1749263905,20.70000000,3.69400000,21.41
1749263905,20.68000000,0.29000000,21.41
1749263905,20.67000000,0.26900000,21.41
1749263905,20.61000000,0.26900000,21.41
1749263905,20.57000000,3.64500000,21.41
1749263905,20.56000000,1.07300000,21.41
1749263905,20.55000000,0.24400000,21.41
1749263905,20.54000000,0.66700000,21.41
1749263905,20.53000000,0.48800000,21.41
1749263905,20.52000000,0.40300000,21.41
1749263905,20.50000000,33.51300000,21.41
1749263905,20.48000000,0.29900000,21.41
1749263905,20.47000000,944.23000000,21.41
1749263905,20.43000000,0.27400000,21.41
1749263905,20.41000000,0.60600000,21.41
1749263905,20.40000000,0.24600000,21.41
1749263905,20.34000000,1.52300000,21.41
1749263905,20.31000000,968.65900000,21.41
1749263905,20.30000000,1.36100000,21.41
1749263905,20.29000000,1.85200000,21.41
1749263905,20.28000000,266.01000000,21.41
1749263905,20.27000000,3.94900000,21.41
1749263905,20.25000000,1.46300000,21.41
1749263905,20.24000000,2.37700000,21.41
1749263905,20.23000000,1.97900000,21.41
1749263905,20.22000000,1.00000000,21.41
1749263905,20.21000000,0.76900000,21.41
1749263905,20.20000000,50.00000000,21.41
1749263905,20.19000000,0.32500000,21.41
1749263905,20.16000000,0.84300000,21.41
1749263905,20.15000000,4964.55800000,21.41
1749263905,20.14000000,1.76000000,21.41
1749263905,20.13000000,19.86600000,21.41
1749263905,20.12000000,5.30000000,21.41
1749263905,20.11000000,51.58600000,21.41
1749263905,20.10000000,0.90300000,21.41
1749263905,20.09000000,0.95800000,21.41
1749263905,20.08000000,1.84300000,21.41
1749263905,20.07000000,0.54500000,21.41
1749263905,20.06000000,0.33700000,21.41
1749263905,20.05000000,1.42900000,21.41
1749264206,21.40000000,27.58000000,21.41
1749264206,21.39000000,142.78000000,21.41
1749264206,21.38000000,175.11500000,21.41
1749264206,21.37000000,371.84100000,21.41
1749264206,21.36000000,315.01300000,21.41
1749264206,21.35000000,170.81600000,21.41
1749264206,21.34000000,204.78000000,21.41
1749264206,21.33000000,84.88000000,21.41
1749264206,21.32000000,37.65000000,21.41
1749264206,21.31000000,40.66600000,21.41
1749264206,21.30000000,328.89200000,21.41
1749264206,21.29000000,85.37900000,21.41
1749264206,21.28000000,34.79600000,21.41
1749264206,21.27000000,83.83200000,21.41
1749264206,21.26000000,111.53200000,21.41
1749264206,21.25000000,11.50600000,21.41
1749264206,21.24000000,11.50600000,21.41
1749264206,21.23000000,11.50800000,21.41
1749264206,21.22000000,117.12600000,21.41
1749264206,21.21000000,11.50800000,21.41
1749264206,21.20000000,16.45400000,21.41
1749264206,21.19000000,11.15400000,21.41
1749264206,21.18000000,11.15400000,21.41
1749264206,21.17000000,11.15500000,21.41
1749264206,21.16000000,62.95900000,21.41
1749264206,21.15000000,17.50900000,21.41
1749264206,21.14000000,27.04600000,21.41
1749264206,21.13000000,7.35500000,21.41
1749264206,21.12000000,0.62900000,21.41
1749264206,21.11000000,1.31400000,21.41
1749264206,21.10000000,0.35600000,21.41
1749264206,21.09000000,0.35600000,21.41
1749264206,21.08000000,0.62500000,21.41
1749264206,21.06000000,22.40900000,21.41
1749264206,21.04000000,15.96600000,21.41
1749264206,21.01000000,0.26900000,21.41
1749264206,21.00000000,46.07600000,21.41
1749264206,20.98000000,0.12400000,21.41
1749264206,20.95000000,0.26900000,21.41
1749264206,20.94000000,1.35700000,21.41
1749264206,20.93000000,7.00000000,21.41
1749264206,20.92000000,0.35600000,21.41
1749264206,20.91000000,2.34300000,21.41
1749264206,20.90000000,0.85600000,21.41
1749264206,20.89000000,0.35300000,21.41
1749264206,20.88000000,5.62300000,21.41
1749264206,20.87000000,3.68900000,21.41
1749264206,20.86000000,4.30500000,21.41
1749264206,20.85000000,0.52000000,21.41
1749264206,20.84000000,0.27400000,21.41
1749264206,20.83000000,5.80000000,21.41
1749264206,20.82000000,0.32500000,21.41
1749264206,20.81000000,0.26900000,21.41
1749264206,20.80000000,0.29900000,21.41
1749264206,20.76000000,7.33700000,21.41
1749264206,20.75000000,0.48700000,21.41
1749264206,20.74000000,0.26900000,21.41
1749264206,20.72000000,5.55200000,21.41
1749264206,20.70000000,3.69400000,21.41
1749264206,20.68000000,0.29000000,21.41
1749264206,20.67000000,0.26900000,21.41
1749264206,20.61000000,0.26900000,21.41
1749264206,20.57000000,3.64500000,21.41
1749264206,20.56000000,1.07300000,21.41
1749264206,20.55000000,0.24400000,21.41
1749264206,20.54000000,0.66700000,21.41
1749264206,20.53000000,0.48800000,21.41
1749264206,20.52000000,0.40300000,21.41
1749264206,20.50000000,33.51300000,21.41
1749264206,20.48000000,0.29900000,21.41
1749264206,20.47000000,944.23000000,21.41
1749264206,20.43000000,0.27400000,21.41
1749264206,20.41000000,0.60600000,21.41
1749264206,20.40000000,0.24600000,21.41
1749264206,20.34000000,1.52300000,21.41
1749264206,20.31000000,968.65900000,21.41
1749264206,20.30000000,1.36100000,21.41
1749264206,20.29000000,1.85200000,21.41
1749264206,20.28000000,266.01000000,21.41
1749264206,20.27000000,3.94900000,21.41
1749264206,20.25000000,1.46300000,21.41
1749264206,20.24000000,2.37700000,21.41
1749264206,20.23000000,1.97900000,21.41
1749264206,20.22000000,1.00000000,21.41
1749264206,20.21000000,0.76900000,21.41
1749264206,20.20000000,50.00000000,21.41
1749264206,20.19000000,0.32500000,21.41
1749264206,20.16000000,0.84300000,21.41
1749264206,20.15000000,4964.55800000,21.41
1749264206,20.14000000,1.76000000,21.41
1749264206,20.13000000,19.86600000,21.41
1749264206,20.12000000,5.30000000,21.41
1749264206,20.11000000,51.58600000,21.41
1749264206,20.10000000,0.90300000,21.41
1749264206,20.09000000,0.95800000,21.41
1749264206,20.08000000,1.84300000,21.41
1749264206,20.07000000,0.54500000,21.41
1749264206,20.06000000,0.33700000,21.41
1749264206,20.05000000,1.42900000,21.41
1749264206,20.04000000,0.44900000,21.41
1749264508,21.38000000,21.60000000,21.38
1749264508,21.37000000,94.24000000,21.38
1749264508,21.36000000,284.04300000,21.38
1749264508,21.35000000,290.32300000,21.38
1749264508,21.34000000,286.87800000,21.38
1749264508,21.33000000,303.88700000,21.38
1749264508,21.32000000,212.76400000,21.38
1749264508,21.31000000,40.66600000,21.38
1749264508,21.30000000,94.58200000,21.38
1749264508,21.29000000,328.46300000,21.38
1749264508,21.28000000,34.79600000,21.38
1749264508,21.27000000,97.31000000,21.38
1749264508,21.26000000,74.72400000,21.38
1749264508,21.25000000,34.71900000,21.38
1749264508,21.24000000,15.40000000,21.38
1749264508,21.23000000,86.16300000,21.38
1749264508,21.22000000,11.77700000,21.38
1749264508,21.21000000,11.50800000,21.38
1749264508,21.20000000,11.15400000,21.38
1749264508,21.19000000,69.65000000,21.38
1749264508,21.18000000,11.15400000,21.38
1749264508,21.17000000,16.45500000,21.38
1749264508,21.16000000,110.02800000,21.38
1749264508,21.15000000,11.42400000,21.38
1749264508,21.14000000,27.04600000,21.38
1749264508,21.13000000,24.24400000,21.38
1749264508,21.12000000,0.62900000,21.38
1749264508,21.11000000,1.31400000,21.38
1749264508,21.10000000,0.35600000,21.38
1749264508,21.09000000,0.35600000,21.38
1749264508,21.08000000,11.42500000,21.38
1749264508,21.06000000,22.40900000,21.38
1749264508,21.01000000,0.26900000,21.38
1749264508,21.00000000,46.07600000,21.38
1749264508,20.99000000,16.00400000,21.38
1749264508,20.98000000,0.12400000,21.38
1749264508,20.95000000,0.26900000,21.38
1749264508,20.94000000,1.35700000,21.38
1749264508,20.93000000,7.00000000,21.38
1749264508,20.92000000,0.35600000,21.38
1749264508,20.91000000,2.34300000,21.38
1749264508,20.90000000,0.85600000,21.38
1749264508,20.89000000,0.35300000,21.38
1749264508,20.88000000,5.62300000,21.38
1749264508,20.87000000,3.68900000,21.38
1749264508,20.86000000,4.30500000,21.38
1749264508,20.85000000,0.52000000,21.38
1749264508,20.84000000,0.27400000,21.38
1749264508,20.83000000,5.80000000,21.38
1749264508,20.82000000,0.32500000,21.38
1749264508,20.81000000,0.26900000,21.38
1749264508,20.80000000,0.29900000,21.38
1749264508,20.76000000,7.33700000,21.38
1749264508,20.75000000,0.48700000,21.38
1749264508,20.74000000,0.26900000,21.38
1749264508,20.72000000,5.55200000,21.38
1749264508,20.70000000,3.69400000,21.38
1749264508,20.68000000,0.29000000,21.38
1749264508,20.67000000,0.26900000,21.38
1749264508,20.61000000,0.26900000,21.38
1749264508,20.57000000,3.64500000,21.38
1749264508,20.56000000,1.07300000,21.38
1749264508,20.55000000,0.24400000,21.38
1749264508,20.54000000,0.66700000,21.38
1749264508,20.53000000,0.48800000,21.38
1749264508,20.52000000,0.40300000,21.38
1749264508,20.50000000,33.51300000,21.38
1749264508,20.48000000,0.29900000,21.38
1749264508,20.47000000,944.23000000,21.38
1749264508,20.43000000,0.27400000,21.38
1749264508,20.41000000,0.60600000,21.38
1749264508,20.40000000,0.24600000,21.38
1749264508,20.34000000,1.52300000,21.38
1749264508,20.31000000,968.65900000,21.38
1749264508,20.30000000,1.36100000,21.38
1749264508,20.29000000,1.85200000,21.38
1749264508,20.28000000,266.01000000,21.38
1749264508,20.27000000,3.94900000,21.38
1749264508,20.25000000,1.46300000,21.38
1749264508,20.24000000,2.37700000,21.38
1749264508,20.23000000,1.97900000,21.38
1749264508,20.22000000,1.00000000,21.38
1749264508,20.21000000,0.76900000,21.38
1749264508,20.20000000,50.00000000,21.38
1749264508,20.19000000,0.32500000,21.38
1749264508,20.16000000,0.84300000,21.38
1749264508,20.15000000,4964.55800000,21.38
1749264508,20.14000000,1.76000000,21.38
1749264508,20.13000000,19.86600000,21.38
1749264508,20.12000000,5.30000000,21.38
1749264508,20.11000000,51.58600000,21.38
1749264508,20.10000000,0.90300000,21.38
1749264508,20.09000000,0.95800000,21.38
1749264508,20.08000000,1.84300000,21.38
1749264508,20.07000000,0.54500000,21.38
1749264508,20.06000000,0.33700000,21.38
1749264508,20.05000000,1.42900000,21.38
1749264508,20.04000000,0.44900000,21.38
1749264508,20.03000000,19.05500000,21.38
1749264508,20.02000000,0.25000000,21.38
1749264809,21.42000000,27.56800000,21.43
1749264809,21.41000000,28.27000000,21.43
1749264809,21.40000000,55.98100000,21.43
1749264809,21.39000000,167.38900000,21.43
1749264809,21.38000000,395.85000000,21.43
1749264809,21.37000000,487.79000000,21.43
1749264809,21.36000000,212.51900000,21.43
1749264809,21.35000000,182.84100000,21.43
1749264809,21.34000000,157.06100000,21.43
1749264809,21.33000000,115.84700000,21.43
1749264809,21.32000000,111.98900000,21.43
1749264809,21.31000000,44.75700000,21.43
1749264809,21.30000000,88.57200000,21.43
1749264809,21.29000000,95.47300000,21.43
1749264809,21.28000000,34.79600000,21.43
1749264809,21.27000000,87.72600000,21.43
1749264809,21.26000000,13.66100000,21.43
1749264809,21.25000000,11.50600000,21.43
1749264809,21.24000000,11.50600000,21.43
1749264809,21.23000000,11.50800000,21.43
1749264809,21.22000000,17.07700000,21.43
1749264809,21.21000000,11.15400000,21.43
1749264809,21.20000000,11.15400000,21.43
1749264809,21.19000000,69.65000000,21.43
1749264809,21.18000000,11.15400000,21.43
1749264809,21.17000000,11.15500000,21.43
1749264809,21.16000000,62.95900000,21.43
1749264809,21.15000000,11.42400000,21.43
1749264809,21.14000000,33.96900000,21.43
1749264809,21.13000000,7.35500000,21.43
1749264809,21.12000000,0.62900000,21.43
1749264809,21.11000000,1.31400000,21.43
1749264809,21.10000000,0.35600000,21.43
1749264809,21.09000000,0.35600000,21.43
1749264809,21.08000000,0.62500000,21.43
1749264809,21.06000000,22.40900000,21.43
1749264809,21.05000000,15.95900000,21.43
1749264809,21.01000000,0.26900000,21.43
1749264809,21.00000000,46.07600000,21.43
1749264809,20.98000000,0.12400000,21.43
1749264809,20.95000000,0.26900000,21.43
1749264809,20.94000000,1.35700000,21.43
1749264809,20.93000000,7.00000000,21.43
1749264809,20.92000000,0.35600000,21.43
1749264809,20.91000000,2.34300000,21.43
1749264809,20.90000000,0.85600000,21.43
1749264809,20.89000000,0.35300000,21.43
1749264809,20.88000000,5.62300000,21.43
1749264809,20.87000000,3.68900000,21.43
1749264809,20.86000000,3.95100000,21.43
1749264809,20.85000000,0.52000000,21.43
1749264809,20.84000000,0.27400000,21.43
1749264809,20.83000000,5.80000000,21.43
1749264809,20.82000000,0.32500000,21.43
1749264809,20.81000000,0.26900000,21.43
1749264809,20.80000000,0.29900000,21.43
1749264809,20.76000000,7.33700000,21.43
1749264809,20.75000000,0.48700000,21.43
1749264809,20.74000000,0.26900000,21.43
1749264809,20.72000000,5.55200000,21.43
1749264809,20.70000000,3.69400000,21.43
1749264809,20.67000000,0.26900000,21.43
1749264809,20.61000000,0.26900000,21.43
1749264809,20.57000000,3.64500000,21.43
1749264809,20.56000000,1.07300000,21.43
1749264809,20.55000000,0.24400000,21.43
1749264809,20.54000000,0.66700000,21.43
1749264809,20.53000000,0.48800000,21.43
1749264809,20.52000000,0.40300000,21.43
1749264809,20.50000000,33.51300000,21.43
1749264809,20.48000000,0.29900000,21.43
1749264809,20.47000000,944.23000000,21.43
1749264809,20.43000000,0.27400000,21.43
1749264809,20.41000000,0.60600000,21.43
1749264809,20.40000000,0.24600000,21.43
1749264809,20.34000000,1.52300000,21.43
1749264809,20.31000000,968.65900000,21.43
1749264809,20.30000000,1.36100000,21.43
1749264809,20.29000000,1.85200000,21.43
1749264809,20.28000000,266.01000000,21.43
1749264809,20.27000000,3.94900000,21.43
1749264809,20.25000000,1.46300000,21.43
1749264809,20.24000000,2.37700000,21.43
1749264809,20.23000000,1.97900000,21.43
1749264809,20.22000000,1.00000000,21.43
1749264809,20.21000000,0.76900000,21.43
1749264809,20.20000000,50.00000000,21.43
1749264809,20.19000000,0.32500000,21.43
1749264809,20.16000000,0.84300000,21.43
1749264809,20.15000000,4964.55800000,21.43
1749264809,20.14000000,1.76000000,21.43
1749264809,20.13000000,19.86600000,21.43
1749264809,20.12000000,5.30000000,21.43
1749264809,20.11000000,51.58600000,21.43
1749264809,20.10000000,0.90300000,21.43
1749264809,20.09000000,0.95800000,21.43
1749264809,20.08000000,1.84300000,21.43
1749264809,20.07000000,0.54500000,21.43
1749264809,20.06000000,0.33700000,21.43
1749264809,20.05000000,1.42900000,21.43
1749265111,21.43000000,21.60000000,21.43
1749265111,21.42000000,87.03900000,21.43
1749265111,21.41000000,207.42700000,21.43
1749265111,21.40000000,229.40900000,21.43
1749265111,21.39000000,593.51100000,21.43
1749265111,21.38000000,283.56800000,21.43
1749265111,21.37000000,215.99700000,21.43
1749265111,21.36000000,94.48600000,21.43
1749265111,21.35000000,172.23000000,21.43
1749265111,21.34000000,50.02700000,21.43
1749265111,21.33000000,32.94800000,21.43
1749265111,21.32000000,41.31200000,21.43
1749265111,21.31000000,72.40300000,21.43
1749265111,21.30000000,38.66800000,21.43
1749265111,21.29000000,11.77500000,21.43
1749265111,21.28000000,58.32700000,21.43
1749265111,21.27000000,15.37800000,21.43
1749265111,21.26000000,13.66100000,21.43
1749265111,21.25000000,69.83700000,21.43
1749265111,21.24000000,11.15300000,21.43
1749265111,21.23000000,16.45400000,21.43
1749265111,21.22000000,27.25400000,21.43
1749265111,21.21000000,11.15400000,21.43
1749265111,21.20000000,11.15400000,21.43
1749265111,21.19000000,11.15400000,21.43
1749265111,21.18000000,11.15400000,21.43
1749265111,21.17000000,6.43100000,21.43
1749265111,21.16000000,62.95900000,21.43
1749265111,21.15000000,0.62400000,21.43
1749265111,21.14000000,16.24600000,21.43
1749265111,21.13000000,7.35500000,21.43
1749265111,21.12000000,0.62900000,21.43
1749265111,21.11000000,1.31400000,21.43
1749265111,21.10000000,0.35600000,21.43
1749265111,21.09000000,0.35600000,21.43
1749265111,21.08000000,0.62500000,21.43
1749265111,21.06000000,22.40900000,21.43
1749265111,21.01000000,0.26900000,21.43
1749265111,21.00000000,46.07600000,21.43
1749265111,20.98000000,0.12400000,21.43
1749265111,20.95000000,0.26900000,21.43
1749265111,20.94000000,1.35700000,21.43
1749265111,20.93000000,7.00000000,21.43
1749265111,20.92000000,0.35600000,21.43
1749265111,20.91000000,2.34300000,21.43
1749265111,20.90000000,0.85600000,21.43
1749265111,20.88000000,5.26900000,21.43
1749265111,20.87000000,3.33500000,21.43
1749265111,20.86000000,3.95100000,21.43
1749265111,20.85000000,0.52000000,21.43
1749265111,20.84000000,0.27400000,21.43
1749265111,20.83000000,5.80000000,21.43
1749265111,20.82000000,0.32500000,21.43
1749265111,20.81000000,0.26900000,21.43
1749265111,20.80000000,0.29900000,21.43
1749265111,20.76000000,7.33700000,21.43
1749265111,20.75000000,0.48700000,21.43
1749265111,20.74000000,0.26900000,21.43
1749265111,20.72000000,5.55200000,21.43
1749265111,20.70000000,3.69400000,21.43
1749265111,20.67000000,0.26900000,21.43
1749265111,20.61000000,0.26900000,21.43
1749265111,20.57000000,3.64500000,21.43
1749265111,20.56000000,1.07300000,21.43
1749265111,20.55000000,0.24400000,21.43
1749265111,20.54000000,0.66700000,21.43
1749265111,20.53000000,0.48800000,21.43
1749265111,20.52000000,0.40300000,21.43
1749265111,20.50000000,33.51300000,21.43
1749265111,20.48000000,0.29900000,21.43
1749265111,20.47000000,944.23000000,21.43
1749265111,20.43000000,0.27400000,21.43
1749265111,20.41000000,0.60600000,21.43
1749265111,20.40000000,0.24600000,21.43
1749265111,20.34000000,1.52300000,21.43
1749265111,20.31000000,968.65900000,21.43
1749265111,20.30000000,1.36100000,21.43
1749265111,20.29000000,1.85200000,21.43
1749265111,20.28000000,266.01000000,21.43
1749265111,20.27000000,3.94900000,21.43
1749265111,20.25000000,1.46300000,21.43
1749265111,20.24000000,2.37700000,21.43
1749265111,20.23000000,1.97900000,21.43
1749265111,20.22000000,1.00000000,21.43
1749265111,20.21000000,0.76900000,21.43
1749265111,20.20000000,50.00000000,21.43
1749265111,20.19000000,0.32500000,21.43
1749265111,20.16000000,0.84300000,21.43
1749265111,20.15000000,4964.55800000,21.43
1749265111,20.14000000,1.76000000,21.43
1749265111,20.13000000,19.86600000,21.43
1749265111,20.12000000,5.30000000,21.43
1749265111,20.11000000,51.58600000,21.43
1749265111,20.10000000,0.90300000,21.43
1749265111,20.09000000,0.95800000,21.43
1749265111,20.08000000,1.84300000,21.43
1749265111,20.07000000,0.54500000,21.43
1749265111,20.06000000,0.33700000,21.43
1749265111,20.05000000,1.42900000,21.43
1749265111,20.03000000,19.05500000,21.43
1749265413,21.42000000,21.60000000,21.42
1749265413,21.41000000,86.77000000,21.42
1749265413,21.40000000,237.97700000,21.42
1749265413,21.39000000,254.07500000,21.42
1749265413,21.38000000,284.81900000,21.42
1749265413,21.37000000,142.15800000,21.42
1749265413,21.36000000,369.63000000,21.42
1749265413,21.35000000,154.33500000,21.42
1749265413,21.34000000,50.02700000,21.42
1749265413,21.33000000,272.96800000,21.42
1749265413,21.32000000,41.31200000,21.42
1749265413,21.31000000,72.40300000,21.42
1749265413,21.30000000,34.77200000,21.42
1749265413,21.29000000,34.93400000,21.42
1749265413,21.28000000,132.80600000,21.42
1749265413,21.27000000,11.50600000,21.42
1749265413,21.26000000,34.36700000,21.42
1749265413,21.25000000,69.83700000,21.42
1749265413,21.24000000,11.15300000,21.42
1749265413,21.23000000,11.15400000,21.42
1749265413,21.22000000,27.25400000,21.42
1749265413,21.21000000,16.45400000,21.42
1749265413,21.20000000,11.15400000,21.42
1749265413,21.19000000,11.15400000,21.42
1749265413,21.18000000,11.15400000,21.42
1749265413,21.17000000,22.77600000,21.42
1749265413,21.16000000,69.03900000,21.42
1749265413,21.15000000,0.62400000,21.42
1749265413,21.14000000,0.35500000,21.42
1749265413,21.13000000,7.35500000,21.42
1749265413,21.12000000,0.62900000,21.42
1749265413,21.11000000,1.31400000,21.42
1749265413,21.10000000,0.35600000,21.42
1749265413,21.09000000,16.28400000,21.42
1749265413,21.08000000,0.62500000,21.42
1749265413,21.01000000,0.26900000,21.42
1749265413,21.00000000,46.07600000,21.42
1749265413,20.98000000,0.12400000,21.42
1749265413,20.95000000,0.26900000,21.42
1749265413,20.94000000,1.35700000,21.42
1749265413,20.93000000,7.00000000,21.42
1749265413,20.92000000,0.35600000,21.42
1749265413,20.91000000,2.34300000,21.42
1749265413,20.90000000,0.85600000,21.42
1749265413,20.88000000,5.26900000,21.42
1749265413,20.87000000,3.33500000,21.42
1749265413,20.86000000,3.95100000,21.42
1749265413,20.85000000,0.52000000,21.42
1749265413,20.84000000,0.27400000,21.42
1749265413,20.83000000,5.80000000,21.42
1749265413,20.82000000,0.32500000,21.42
1749265413,20.81000000,0.26900000,21.42
1749265413,20.80000000,0.29900000,21.42
1749265413,20.76000000,7.33700000,21.42
1749265413,20.75000000,0.48700000,21.42
1749265413,20.74000000,0.26900000,21.42
1749265413,20.72000000,5.55200000,21.42
1749265413,20.70000000,3.69400000,21.42
1749265413,20.67000000,0.26900000,21.42
1749265413,20.61000000,0.26900000,21.42
1749265413,20.57000000,3.64500000,21.42
1749265413,20.56000000,1.07300000,21.42
1749265413,20.55000000,0.24400000,21.42
1749265413,20.54000000,0.66700000,21.42
1749265413,20.53000000,0.48800000,21.42
1749265413,20.52000000,0.40300000,21.42
1749265413,20.50000000,33.51300000,21.42
1749265413,20.48000000,0.29900000,21.42
1749265413,20.47000000,944.23000000,21.42
1749265413,20.43000000,0.27400000,21.42
1749265413,20.41000000,0.60600000,21.42
1749265413,20.40000000,0.24600000,21.42
1749265413,20.34000000,1.52300000,21.42
1749265413,20.31000000,968.65900000,21.42
1749265413,20.30000000,1.36100000,21.42
1749265413,20.29000000,1.85200000,21.42
1749265413,20.28000000,266.01000000,21.42
1749265413,20.27000000,3.94900000,21.42
1749265413,20.25000000,1.46300000,21.42
1749265413,20.24000000,2.37700000,21.42
1749265413,20.23000000,1.97900000,21.42
1749265413,20.22000000,1.00000000,21.42
1749265413,20.21000000,0.76900000,21.42
1749265413,20.20000000,50.00000000,21.42
1749265413,20.19000000,0.32500000,21.42
1749265413,20.16000000,0.84300000,21.42
1749265413,20.15000000,4964.55800000,21.42
1749265413,20.14000000,1.76000000,21.42
1749265413,20.13000000,19.86600000,21.42
1749265413,20.12000000,5.30000000,21.42
1749265413,20.11000000,51.58600000,21.42
1749265413,20.10000000,0.90300000,21.42
1749265413,20.09000000,0.95800000,21.42
1749265413,20.08000000,1.84300000,21.42
1749265413,20.07000000,0.54500000,21.42
1749265413,20.06000000,0.33700000,21.42
1749265413,20.05000000,1.42900000,21.42
1749265413,20.03000000,19.05500000,21.42
1749265413,20.02000000,0.25000000,21.42
1749265413,20.01000000,136.45700000,21.42
1749265718,21.45000000,21.60000000,21.46
1749265718,21.44000000,52.32400000,21.46
1749265718,21.43000000,94.15100000,21.46
1749265718,21.42000000,235.32500000,21.46
1749265718,21.41000000,321.65600000,21.46
1749265718,21.40000000,298.42600000,21.46
1749265718,21.39000000,247.64700000,21.46
1749265718,21.38000000,233.01300000,21.46
1749265718,21.37000000,76.11300000,21.46
1749265718,21.36000000,297.75100000,21.46
1749265718,21.35000000,259.10700000,21.46
1749265718,21.34000000,59.58200000,21.46
1749265718,21.33000000,32.95600000,21.46
1749265718,21.32000000,31.75000000,21.46
1749265718,21.31000000,62.41200000,21.46
1749265718,21.30000000,38.66100000,21.46
1749265718,21.29000000,58.58500000,21.46
1749265718,21.28000000,11.50600000,21.46
1749265718,21.27000000,11.50600000,21.46
1749265718,21.26000000,34.36700000,21.46
1749265718,21.25000000,69.83700000,21.46
1749265718,21.24000000,16.45300000,21.46
1749265718,21.23000000,11.15400000,21.46
1749265718,21.22000000,27.25400000,21.46
1749265718,21.21000000,11.15400000,21.46
1749265718,21.20000000,11.15400000,21.46
1749265718,21.19000000,0.35400000,21.46
1749265718,21.18000000,0.35400000,21.46
1749265718,21.17000000,18.05200000,21.46
1749265718,21.16000000,52.15900000,21.46
1749265718,21.15000000,0.62400000,21.46
1749265718,21.14000000,16.57100000,21.46
1749265718,21.13000000,7.35500000,21.46
1749265718,21.12000000,0.62900000,21.46
1749265718,21.11000000,1.31400000,21.46
1749265718,21.10000000,0.35600000,21.46
1749265718,21.09000000,0.35600000,21.46
1749265718,21.08000000,0.62500000,21.46
1749265718,21.06000000,15.95100000,21.46
1749265718,21.01000000,0.26900000,21.46
1749265718,21.00000000,30.07900000,21.46
1749265718,20.98000000,0.12400000,21.46
1749265718,20.95000000,0.26900000,21.46
1749265718,20.94000000,1.35700000,21.46
1749265718,20.93000000,7.00000000,21.46
1749265718,20.92000000,0.35600000,21.46
1749265718,20.91000000,2.34300000,21.46
1749265718,20.90000000,0.85600000,21.46
1749265718,20.88000000,5.26900000,21.46
1749265718,20.87000000,3.33500000,21.46
1749265718,20.86000000,3.95100000,21.46
1749265718,20.85000000,0.52000000,21.46
1749265718,20.84000000,0.27400000,21.46
1749265718,20.83000000,5.80000000,21.46
1749265718,20.82000000,0.32500000,21.46
1749265718,20.81000000,0.26900000,21.46
1749265718,20.80000000,0.29900000,21.46
1749265718,20.76000000,7.33700000,21.46
1749265718,20.75000000,0.48700000,21.46
1749265718,20.74000000,0.26900000,21.46
1749265718,20.72000000,5.55200000,21.46
1749265718,20.70000000,3.69400000,21.46
1749265718,20.67000000,0.26900000,21.46
1749265718,20.61000000,0.26900000,21.46
1749265718,20.57000000,3.64500000,21.46
1749265718,20.56000000,1.07300000,21.46
1749265718,20.55000000,0.24400000,21.46
1749265718,20.54000000,0.66700000,21.46
1749265718,20.53000000,0.48800000,21.46
1749265718,20.52000000,0.40300000,21.46
1749265718,20.50000000,33.51300000,21.46
1749265718,20.48000000,0.29900000,21.46
1749265718,20.47000000,944.23000000,21.46
1749265718,20.43000000,0.27400000,21.46
1749265718,20.41000000,0.60600000,21.46
1749265718,20.40000000,0.24600000,21.46
1749265718,20.34000000,1.52300000,21.46
1749265718,20.31000000,968.65900000,21.46
1749265718,20.30000000,1.36100000,21.46
1749265718,20.29000000,1.85200000,21.46
1749265718,20.28000000,266.01000000,21.46
1749265718,20.27000000,3.94900000,21.46
1749265718,20.25000000,1.46300000,21.46
1749265718,20.24000000,2.37700000,21.46
1749265718,20.23000000,1.97900000,21.46
1749265718,20.22000000,1.00000000,21.46
1749265718,20.21000000,0.76900000,21.46
1749265718,20.20000000,50.00000000,21.46
1749265718,20.19000000,0.32500000,21.46
1749265718,20.16000000,0.84300000,21.46
1749265718,20.15000000,4964.55800000,21.46
1749265718,20.14000000,1.76000000,21.46
1749265718,20.13000000,19.86600000,21.46
1749265718,20.12000000,5.30000000,21.46
1749265718,20.11000000,51.58600000,21.46
1749265718,20.10000000,0.90300000,21.46
1749265718,20.09000000,0.95800000,21.46
1749265718,20.08000000,1.84300000,21.46
1749265718,20.07000000,0.54500000,21.46
1749265718,20.06000000,0.33700000,21.46
1749266020,21.47000000,27.46600000,21.48
1749266020,21.46000000,46.97300000,21.48
1749266020,21.45000000,103.62900000,21.48
1749266020,21.44000000,231.04500000,21.48
1749266020,21.43000000,273.20200000,21.48
1749266020,21.42000000,276.47500000,21.48
1749266020,21.41000000,399.80700000,21.48
1749266020,21.40000000,98.36500000,21.48
1749266020,21.39000000,293.29600000,21.48
1749266020,21.38000000,118.30800000,21.48
1749266020,21.37000000,118.20400000,21.48
1749266020,21.36000000,62.94100000,21.48
1749266020,21.35000000,136.77200000,21.48
1749266020,21.34000000,34.72800000,21.48
1749266020,21.33000000,5.83200000,21.48
1749266020,21.32000000,66.64300000,21.48
1749266020,21.31000000,11.50400000,21.48
1749266020,21.30000000,11.50400000,21.48
1749266020,21.29000000,58.58500000,21.48
1749266020,21.28000000,11.50600000,21.48
1749266020,21.27000000,17.62100000,21.48
1749266020,21.26000000,34.01400000,21.48
1749266020,21.25000000,11.15300000,21.48
1749266020,21.24000000,11.15300000,21.48
1749266020,21.23000000,11.15400000,21.48
1749266020,21.22000000,38.84800000,21.48
1749266020,21.21000000,57.25600000,21.48
1749266020,21.20000000,0.35400000,21.48
1749266020,21.19000000,16.20700000,21.48
1749266020,21.18000000,0.35400000,21.48
1749266020,21.17000000,0.35500000,21.48
1749266020,21.16000000,0.35500000,21.48
1749266020,21.15000000,0.62400000,21.48
1749266020,21.14000000,0.68000000,21.48
1749266020,21.13000000,7.65400000,21.48
1749266020,21.12000000,0.96600000,21.48
1749266020,21.11000000,1.31400000,21.48
1749266020,21.10000000,0.35600000,21.48
1749266020,21.09000000,0.35600000,21.48
1749266020,21.08000000,0.62500000,21.48
1749266020,21.06000000,15.95100000,21.48
1749266020,21.01000000,0.26900000,21.48
1749266020,21.00000000,30.07900000,21.48
1749266020,20.98000000,0.12400000,21.48
1749266020,20.95000000,0.26900000,21.48
1749266020,20.94000000,1.35700000,21.48
1749266020,20.93000000,7.00000000,21.48
1749266020,20.91000000,1.98700000,21.48
1749266020,20.90000000,0.50000000,21.48
1749266020,20.88000000,5.26900000,21.48
1749266020,20.87000000,3.33500000,21.48
1749266020,20.86000000,3.95100000,21.48
1749266020,20.85000000,0.52000000,21.48
1749266020,20.84000000,0.27400000,21.48
1749266020,20.83000000,5.80000000,21.48
1749266020,20.82000000,0.32500000,21.48
1749266020,20.81000000,0.26900000,21.48
1749266020,20.80000000,0.29900000,21.48
1749266020,20.76000000,7.33700000,21.48
1749266020,20.75000000,0.48700000,21.48
1749266020,20.74000000,0.26900000,21.48
1749266020,20.72000000,5.55200000,21.48
1749266020,20.70000000,3.69400000,21.48
1749266020,20.67000000,0.26900000,21.48
1749266020,20.61000000,0.26900000,21.48
1749266020,20.57000000,3.64500000,21.48
1749266020,20.56000000,1.07300000,21.48
1749266020,20.55000000,0.24400000,21.48
1749266020,20.54000000,0.66700000,21.48
1749266020,20.52000000,0.40300000,21.48
1749266020,20.50000000,33.51300000,21.48
1749266020,20.48000000,0.78800000,21.48
1749266020,20.47000000,944.23000000,21.48
1749266020,20.43000000,0.27400000,21.48
1749266020,20.41000000,0.60600000,21.48
1749266020,20.40000000,0.24600000,21.48
1749266020,20.34000000,1.52300000,21.48
1749266020,20.31000000,968.65900000,21.48
1749266020,20.30000000,1.36100000,21.48
1749266020,20.29000000,1.85200000,21.48
1749266020,20.28000000,266.01000000,21.48
1749266020,20.27000000,3.94900000,21.48
1749266020,20.25000000,1.46300000,21.48
1749266020,20.24000000,2.37700000,21.48
1749266020,20.23000000,1.97900000,21.48
1749266020,20.22000000,1.00000000,21.48
1749266020,20.21000000,0.76900000,21.48
1749266020,20.20000000,50.00000000,21.48
1749266020,20.19000000,0.76100000,21.48
1749266020,20.16000000,0.84300000,21.48
1749266020,20.15000000,4964.55800000,21.48
1749266020,20.14000000,1.76000000,21.48
1749266020,20.13000000,19.86600000,21.48
1749266020,20.12000000,5.30000000,21.48
1749266020,20.11000000,51.10100000,21.48
1749266020,20.10000000,0.90300000,21.48
1749266020,20.09000000,0.95800000,21.48
1749266020,20.08000000,1.84300000,21.48
1749266020,20.07000000,0.54500000,21.48
1749266020,20.06000000,0.33700000,21.48
1749266322,21.45000000,51.76200000,21.46
1749266322,21.44000000,108.05400000,21.46
1749266322,21.43000000,258.61400000,21.46
1749266322,21.42000000,411.93100000,21.46
1749266322,21.41000000,307.19200000,21.46
1749266322,21.40000000,266.58900000,21.46
1749266322,21.39000000,409.67000000,21.46
1749266322,21.38000000,118.30800000,21.46
1749266322,21.37000000,44.03800000,21.46
1749266322,21.36000000,38.85400000,21.46
1749266322,21.35000000,183.45100000,21.46
1749266322,21.34000000,34.72800000,21.46
1749266322,21.33000000,134.97700000,21.46
1749266322,21.32000000,8.50400000,21.46
1749266322,21.31000000,11.50400000,21.46
1749266322,21.30000000,15.36000000,21.46
1749266322,21.29000000,11.77500000,21.46
1749266322,21.28000000,11.50600000,21.46
1749266322,21.27000000,12.32100000,21.46
1749266322,21.26000000,92.31700000,21.46
1749266322,21.25000000,16.45300000,21.46
1749266322,21.24000000,11.15300000,21.46
1749266322,21.23000000,11.15400000,21.46
1749266322,21.22000000,29.08000000,21.46
1749266322,21.21000000,61.99000000,21.46
1749266322,21.20000000,0.35400000,21.46
1749266322,21.19000000,27.00700000,21.46
1749266322,21.18000000,0.35400000,21.46
1749266322,21.17000000,0.35500000,21.46
1749266322,21.16000000,0.35500000,21.46
1749266322,21.15000000,0.62400000,21.46
1749266322,21.14000000,0.68000000,21.46
1749266322,21.13000000,7.65400000,21.46
1749266322,21.12000000,0.96600000,21.46
1749266322,21.11000000,17.22700000,21.46
1749266322,21.10000000,0.35600000,21.46
1749266322,21.09000000,0.35600000,21.46
1749266322,21.08000000,0.62500000,21.46
1749266322,21.01000000,0.26900000,21.46
1749266322,21.00000000,30.07900000,21.46
1749266322,20.98000000,0.12400000,21.46
1749266322,20.95000000,0.26900000,21.46
1749266322,20.94000000,1.35700000,21.46
1749266322,20.93000000,7.00000000,21.46
1749266322,20.91000000,1.98700000,21.46
1749266322,20.90000000,0.50000000,21.46
1749266322,20.88000000,5.26900000,21.46
1749266322,20.87000000,3.33500000,21.46
1749266322,20.86000000,3.95100000,21.46
1749266322,20.85000000,0.52000000,21.46
1749266322,20.84000000,0.27400000,21.46
1749266322,20.83000000,5.80000000,21.46
1749266322,20.82000000,0.32500000,21.46
1749266322,20.81000000,0.26900000,21.46
1749266322,20.80000000,0.29900000,21.46
1749266322,20.76000000,7.33700000,21.46
1749266322,20.75000000,0.48700000,21.46
1749266322,20.74000000,0.26900000,21.46
1749266322,20.72000000,5.55200000,21.46
1749266322,20.70000000,3.69400000,21.46
1749266322,20.67000000,0.26900000,21.46
1749266322,20.61000000,0.26900000,21.46
1749266322,20.57000000,3.64500000,21.46
1749266322,20.56000000,1.07300000,21.46
1749266322,20.55000000,0.24400000,21.46
1749266322,20.54000000,0.66700000,21.46
1749266322,20.52000000,0.40300000,21.46
1749266322,20.50000000,33.51300000,21.46
1749266322,20.48000000,0.78800000,21.46
1749266322,20.47000000,944.23000000,21.46
1749266322,20.43000000,0.27400000,21.46
1749266322,20.41000000,0.60600000,21.46
1749266322,20.40000000,0.24600000,21.46
1749266322,20.34000000,1.52300000,21.46
1749266322,20.31000000,968.65900000,21.46
1749266322,20.30000000,1.36100000,21.46
1749266322,20.29000000,1.85200000,21.46
1749266322,20.28000000,266.01000000,21.46
1749266322,20.27000000,3.94900000,21.46
1749266322,20.25000000,1.46300000,21.46
1749266322,20.24000000,2.37700000,21.46
1749266322,20.23000000,1.97900000,21.46
1749266322,20.22000000,1.00000000,21.46
1749266322,20.21000000,0.76900000,21.46
1749266322,20.20000000,50.00000000,21.46
1749266322,20.19000000,0.76100000,21.46
1749266322,20.16000000,0.84300000,21.46
1749266322,20.15000000,4964.55800000,21.46
1749266322,20.14000000,1.76000000,21.46
1749266322,20.13000000,19.86600000,21.46
1749266322,20.12000000,5.30000000,21.46
1749266322,20.11000000,51.10100000,21.46
1749266322,20.10000000,0.90300000,21.46
1749266322,20.09000000,0.95800000,21.46
1749266322,20.08000000,1.84300000,21.46
1749266322,20.07000000,0.54500000,21.46
1749266322,20.06000000,0.33700000,21.46
1749266322,20.05000000,1.42900000,21.46
1749266322,20.03000000,19.05500000,21.46
1749266322,20.02000000,0.25000000,21.46
1749266632,21.44000000,14.60000000,21.44
1749266632,21.43000000,79.35300000,21.44
1749266632,21.42000000,215.19900000,21.44
1749266632,21.41000000,350.10600000,21.44
1749266632,21.40000000,388.88300000,21.44
1749266632,21.39000000,194.05800000,21.44
1749266632,21.38000000,283.96300000,21.44
1749266632,21.37000000,50.00200000,21.44
1749266632,21.36000000,288.40300000,21.44
1749266632,21.35000000,90.08500000,21.44
1749266632,21.34000000,54.26200000,21.44
1749266632,21.33000000,60.67200000,21.44
1749266632,21.32000000,31.65200000,21.44
1749266632,21.31000000,85.87800000,21.44
1749266632,21.30000000,38.50800000,21.44
1749266632,21.29000000,58.58500000,21.44
1749266632,21.28000000,11.50600000,21.44
1749266632,21.27000000,12.32100000,21.44
1749266632,21.26000000,92.31700000,21.44
1749266632,21.25000000,11.15300000,21.44
1749266632,21.24000000,16.45300000,21.44
1749266632,21.23000000,11.15400000,21.44
1749266632,21.22000000,38.84800000,21.44
1749266632,21.21000000,61.99000000,21.44
1749266632,21.20000000,0.35400000,21.44
1749266632,21.19000000,17.22500000,21.44
1749266632,21.18000000,0.35400000,21.44
1749266632,21.17000000,0.35500000,21.44
1749266632,21.16000000,0.35500000,21.44
1749266632,21.15000000,0.62400000,21.44
1749266632,21.14000000,16.57100000,21.44
1749266632,21.13000000,7.65400000,21.44
1749266632,21.12000000,0.96600000,21.44
1749266632,21.11000000,1.31400000,21.44
1749266632,21.10000000,0.35600000,21.44
1749266632,21.09000000,0.35600000,21.44
1749266632,21.08000000,0.62500000,21.44
1749266632,21.06000000,15.95100000,21.44
1749266632,21.01000000,0.26900000,21.44
1749266632,21.00000000,30.07900000,21.44
1749266632,20.98000000,0.12400000,21.44
1749266632,20.95000000,0.26900000,21.44
1749266632,20.94000000,1.35700000,21.44
1749266632,20.93000000,7.00000000,21.44
1749266632,20.91000000,1.98700000,21.44
1749266632,20.90000000,0.50000000,21.44
1749266632,20.88000000,5.26900000,21.44
1749266632,20.87000000,3.33500000,21.44
1749266632,20.86000000,3.95100000,21.44
1749266632,20.85000000,0.52000000,21.44
1749266632,20.84000000,0.27400000,21.44
1749266632,20.83000000,5.80000000,21.44
1749266632,20.82000000,0.32500000,21.44
1749266632,20.81000000,0.26900000,21.44
1749266632,20.80000000,0.29900000,21.44
1749266632,20.76000000,7.33700000,21.44
1749266632,20.75000000,0.48700000,21.44
1749266632,20.74000000,0.26900000,21.44
1749266632,20.72000000,5.55200000,21.44
1749266632,20.70000000,3.69400000,21.44
1749266632,20.67000000,0.26900000,21.44
1749266632,20.61000000,0.26900000,21.44
1749266632,20.57000000,3.64500000,21.44
1749266632,20.56000000,1.07300000,21.44
1749266632,20.55000000,0.24400000,21.44
1749266632,20.54000000,0.66700000,21.44
1749266632,20.52000000,0.40300000,21.44
1749266632,20.50000000,33.51300000,21.44
1749266632,20.48000000,0.78800000,21.44
1749266632,20.47000000,944.23000000,21.44
1749266632,20.43000000,0.27400000,21.44
1749266632,20.41000000,0.60600000,21.44
1749266632,20.40000000,0.24600000,21.44
1749266632,20.34000000,1.52300000,21.44
1749266632,20.31000000,968.65900000,21.44
1749266632,20.30000000,1.36100000,21.44
1749266632,20.29000000,1.85200000,21.44
1749266632,20.28000000,266.01000000,21.44
1749266632,20.27000000,3.94900000,21.44
1749266632,20.25000000,1.46300000,21.44
1749266632,20.24000000,2.37700000,21.44
1749266632,20.23000000,1.97900000,21.44
1749266632,20.22000000,1.00000000,21.44
1749266632,20.21000000,0.76900000,21.44
1749266632,20.20000000,50.00000000,21.44
1749266632,20.19000000,0.76100000,21.44
1749266632,20.16000000,0.84300000,21.44
1749266632,20.15000000,4964.55800000,21.44
1749266632,20.14000000,1.76000000,21.44
1749266632,20.13000000,19.86600000,21.44
1749266632,20.12000000,5.30000000,21.44
1749266632,20.11000000,51.10100000,21.44
1749266632,20.10000000,0.90300000,21.44
1749266632,20.09000000,0.95800000,21.44
1749266632,20.08000000,1.84300000,21.44
1749266632,20.07000000,0.54500000,21.44
1749266632,20.06000000,0.33700000,21.44
1749266632,20.05000000,1.42900000,21.44
1749266632,20.03000000,19.05500000,21.44
1749266632,20.02000000,0.25000000,21.44
1749266933,21.44000000,49.54100000,21.46
1749266933,21.43000000,123.58000000,21.46
1749266933,21.42000000,398.31900000,21.46
1749266933,21.41000000,373.87100000,21.46
1749266933,21.40000000,339.27000000,21.46
1749266933,21.39000000,175.40400000,21.46
1749266933,21.38000000,415.25600000,21.46
1749266933,21.37000000,124.16800000,21.46
1749266933,21.36000000,54.15600000,21.46
1749266933,21.35000000,99.41800000,21.46
1749266933,21.34000000,63.59500000,21.46
1749266933,21.33000000,70.00500000,21.46
1749266933,21.32000000,31.65200000,21.46
1749266933,21.31000000,11.50400000,21.46
1749266933,21.30000000,15.36000000,21.46
1749266933,21.29000000,58.58500000,21.46
1749266933,21.28000000,11.50600000,21.46
1749266933,21.27000000,12.32100000,21.46
1749266933,21.26000000,92.31700000,21.46
1749266933,21.25000000,11.15300000,21.46
1749266933,21.24000000,16.45300000,21.46
1749266933,21.23000000,22.74400000,21.46
1749266933,21.22000000,38.84800000,21.46
1749266933,21.21000000,68.05600000,21.46
1749266933,21.20000000,11.15400000,21.46
1749266933,21.19000000,27.00700000,21.46
1749266933,21.18000000,0.35400000,21.46
1749266933,21.17000000,0.35500000,21.46
1749266933,21.16000000,0.35500000,21.46
1749266933,21.15000000,0.62400000,21.46
1749266933,21.14000000,0.68000000,21.46
1749266933,21.13000000,7.65400000,21.46
1749266933,21.12000000,0.96600000,21.46
1749266933,21.11000000,1.31400000,21.46
1749266933,21.10000000,0.35600000,21.46
1749266933,21.09000000,0.35600000,21.46
1749266933,21.08000000,0.62500000,21.46
1749266933,21.06000000,15.95100000,21.46
1749266933,21.01000000,0.26900000,21.46
1749266933,21.00000000,30.07900000,21.46
1749266933,20.98000000,0.12400000,21.46
1749266933,20.95000000,0.26900000,21.46
1749266933,20.94000000,1.35700000,21.46
1749266933,20.93000000,7.00000000,21.46
1749266933,20.91000000,1.98700000,21.46
1749266933,20.90000000,0.50000000,21.46
1749266933,20.88000000,5.26900000,21.46
1749266933,20.87000000,3.33500000,21.46
1749266933,20.86000000,3.95100000,21.46
1749266933,20.85000000,0.52000000,21.46
1749266933,20.84000000,0.27400000,21.46
1749266933,20.83000000,5.80000000,21.46
1749266933,20.82000000,0.32500000,21.46
1749266933,20.81000000,0.26900000,21.46
1749266933,20.80000000,0.29900000,21.46
1749266933,20.76000000,7.33700000,21.46
1749266933,20.75000000,0.48700000,21.46
1749266933,20.74000000,0.26900000,21.46
1749266933,20.72000000,5.55200000,21.46
1749266933,20.70000000,3.69400000,21.46
1749266933,20.67000000,0.26900000,21.46
1749266933,20.61000000,0.26900000,21.46
1749266933,20.57000000,3.64500000,21.46
1749266933,20.56000000,1.07300000,21.46
1749266933,20.55000000,0.24400000,21.46
1749266933,20.54000000,0.66700000,21.46
1749266933,20.52000000,0.40300000,21.46
1749266933,20.50000000,34.00100000,21.46
1749266933,20.48000000,0.29900000,21.46
1749266933,20.47000000,944.23000000,21.46
1749266933,20.43000000,0.27400000,21.46
1749266933,20.41000000,0.60600000,21.46
1749266933,20.40000000,0.24600000,21.46
1749266933,20.34000000,1.52300000,21.46
1749266933,20.31000000,968.65900000,21.46
1749266933,20.30000000,1.36100000,21.46
1749266933,20.29000000,1.85200000,21.46
1749266933,20.28000000,266.01000000,21.46
1749266933,20.27000000,3.94900000,21.46
1749266933,20.25000000,1.46300000,21.46
1749266933,20.24000000,2.37700000,21.46
1749266933,20.23000000,1.97900000,21.46
1749266933,20.22000000,1.00000000,21.46
1749266933,20.21000000,0.76900000,21.46
1749266933,20.20000000,50.00000000,21.46
1749266933,20.19000000,0.76100000,21.46
1749266933,20.16000000,0.84300000,21.46
1749266933,20.15000000,4964.55800000,21.46
1749266933,20.14000000,1.76000000,21.46
1749266933,20.13000000,19.86600000,21.46
1749266933,20.12000000,5.30000000,21.46
1749266933,20.11000000,51.10100000,21.46
1749266933,20.10000000,0.90300000,21.46
1749266933,20.09000000,0.95800000,21.46
1749266933,20.08000000,1.84300000,21.46
1749266933,20.07000000,0.54500000,21.46
1749266933,20.06000000,0.33700000,21.46
1749266933,20.05000000,1.42900000,21.46
1749266933,20.03000000,19.05500000,21.46
1749266933,20.02000000,0.25000000,21.46
1749267235,21.42000000,132.71300000,21.43
1749267235,21.41000000,319.44000000,21.43
1749267235,21.40000000,335.91200000,21.43
1749267235,21.39000000,344.67000000,21.43
1749267235,21.38000000,113.38800000,21.43
1749267235,21.37000000,159.66200000,21.43
1749267235,21.36000000,188.71200000,21.43
1749267235,21.35000000,105.49000000,21.43
1749267235,21.34000000,307.37700000,21.43
1749267235,21.33000000,50.26300000,21.43
1749267235,21.32000000,31.65200000,21.43
1749267235,21.31000000,62.09200000,21.43
1749267235,21.30000000,38.50800000,21.43
1749267235,21.29000000,133.02900000,21.43
1749267235,21.28000000,11.50600000,21.43
1749267235,21.27000000,16.20600000,21.43
1749267235,21.26000000,92.31700000,21.43
1749267235,21.25000000,11.15300000,21.43
1749267235,21.24000000,11.15300000,21.43
1749267235,21.23000000,22.74400000,21.43
1749267235,21.22000000,44.14800000,21.43
1749267235,21.21000000,61.99000000,21.43
1749267235,21.20000000,11.15400000,21.43
1749267235,21.19000000,11.15400000,21.43
1749267235,21.18000000,17.22900000,21.43
1749267235,21.17000000,0.35500000,21.43
1749267235,21.16000000,0.35500000,21.43
1749267235,21.15000000,0.62400000,21.43
1749267235,21.14000000,0.68000000,21.43
1749267235,21.13000000,34.35200000,21.43
1749267235,21.12000000,0.96600000,21.43
1749267235,21.11000000,1.31400000,21.43
1749267235,21.10000000,0.35600000,21.43
1749267235,21.09000000,0.35600000,21.43
1749267235,21.08000000,11.42500000,21.43
1749267235,21.06000000,15.95100000,21.43
1749267235,21.01000000,0.26900000,21.43
1749267235,21.00000000,30.07900000,21.43
1749267235,20.98000000,0.12400000,21.43
1749267235,20.95000000,0.26900000,21.43
1749267235,20.94000000,1.35700000,21.43
1749267235,20.93000000,7.00000000,21.43
1749267235,20.91000000,1.98700000,21.43
1749267235,20.90000000,0.50000000,21.43
1749267235,20.88000000,5.26900000,21.43
1749267235,20.87000000,3.33500000,21.43
1749267235,20.86000000,3.95100000,21.43
1749267235,20.85000000,0.52000000,21.43
1749267235,20.84000000,0.27400000,21.43
1749267235,20.83000000,5.80000000,21.43
1749267235,20.82000000,0.32500000,21.43
1749267235,20.81000000,0.26900000,21.43
1749267235,20.80000000,0.29900000,21.43
1749267235,20.76000000,7.33700000,21.43
1749267235,20.75000000,0.48700000,21.43
1749267235,20.74000000,0.26900000,21.43
1749267235,20.72000000,5.55200000,21.43
1749267235,20.70000000,3.69400000,21.43
1749267235,20.67000000,0.26900000,21.43
1749267235,20.61000000,0.26900000,21.43
1749267235,20.57000000,3.64500000,21.43
1749267235,20.56000000,1.07300000,21.43
1749267235,20.55000000,0.24400000,21.43
1749267235,20.54000000,0.66700000,21.43
1749267235,20.52000000,0.40300000,21.43
1749267235,20.50000000,34.00100000,21.43
1749267235,20.48000000,0.29900000,21.43
1749267235,20.47000000,944.23000000,21.43
1749267235,20.43000000,0.27400000,21.43
1749267235,20.41000000,0.60600000,21.43
1749267235,20.40000000,0.24600000,21.43
1749267235,20.34000000,1.52300000,21.43
1749267235,20.31000000,968.65900000,21.43
1749267235,20.30000000,1.36100000,21.43
1749267235,20.29000000,1.85200000,21.43
1749267235,20.28000000,266.01000000,21.43
1749267235,20.27000000,3.94900000,21.43
1749267235,20.25000000,1.46300000,21.43
1749267235,20.24000000,2.37700000,21.43
1749267235,20.23000000,1.97900000,21.43
1749267235,20.22000000,1.00000000,21.43
1749267235,20.21000000,0.76900000,21.43
1749267235,20.20000000,50.00000000,21.43
1749267235,20.19000000,0.76100000,21.43
1749267235,20.16000000,0.84300000,21.43
1749267235,20.15000000,4964.55800000,21.43
1749267235,20.14000000,1.76000000,21.43
1749267235,20.13000000,19.86600000,21.43
1749267235,20.12000000,5.30000000,21.43
1749267235,20.11000000,51.10100000,21.43
1749267235,20.10000000,0.90300000,21.43
1749267235,20.09000000,0.95800000,21.43
1749267235,20.08000000,1.84300000,21.43
1749267235,20.07000000,0.54500000,21.43
1749267235,20.06000000,0.33700000,21.43
1749267235,20.05000000,1.42900000,21.43
1749267235,20.03000000,19.05500000,21.43
1749267235,20.02000000,0.25000000,21.43
1749267235,20.01000000,136.45700000,21.43
1749267235,20.00000000,509.28100000,21.43
1749267536,21.45000000,21.60000000,21.46
1749267536,21.44000000,73.60600000,21.46
1749267536,21.43000000,74.23200000,21.46
1749267536,21.42000000,210.50300000,21.46
1749267536,21.41000000,248.97100000,21.46
1749267536,21.40000000,226.40100000,21.46
1749267536,21.39000000,430.61400000,21.46
1749267536,21.38000000,213.09400000,21.46
1749267536,21.37000000,316.31100000,21.46
1749267536,21.36000000,54.15600000,21.46
1749267536,21.35000000,179.72500000,21.46
1749267536,21.34000000,63.59500000,21.46
1749267536,21.33000000,42.16100000,21.46
1749267536,21.32000000,31.65200000,21.46
1749267536,21.31000000,62.09200000,21.46
1749267536,21.30000000,38.50800000,21.46
1749267536,21.29000000,58.58500000,21.46
1749267536,21.28000000,11.50600000,21.46
1749267536,21.27000000,12.32100000,21.46
1749267536,21.26000000,92.31700000,21.46
1749267536,21.25000000,11.15300000,21.46
1749267536,21.24000000,16.45300000,21.46
1749267536,21.23000000,22.74400000,21.46
1749267536,21.22000000,38.84800000,21.46
1749267536,21.21000000,61.99000000,21.46
1749267536,21.20000000,11.15400000,21.46
1749267536,21.19000000,17.22400000,21.46
1749267536,21.18000000,0.35400000,21.46
1749267536,21.17000000,0.35500000,21.46
1749267536,21.16000000,0.35500000,21.46
1749267536,21.15000000,0.62400000,21.46
1749267536,21.14000000,0.68000000,21.46
1749267536,21.13000000,23.55200000,21.46
1749267536,21.12000000,0.96600000,21.46
1749267536,21.11000000,1.31400000,21.46
1749267536,21.10000000,0.35600000,21.46
1749267536,21.09000000,0.35600000,21.46
1749267536,21.08000000,0.62500000,21.46
1749267536,21.06000000,15.95100000,21.46
1749267536,21.01000000,0.26900000,21.46
1749267536,21.00000000,30.07900000,21.46
1749267536,20.98000000,0.12400000,21.46
1749267536,20.95000000,0.26900000,21.46
1749267536,20.94000000,1.35700000,21.46
1749267536,20.93000000,7.00000000,21.46
1749267536,20.91000000,1.98700000,21.46
1749267536,20.90000000,0.50000000,21.46
1749267536,20.88000000,5.26900000,21.46
1749267536,20.87000000,3.33500000,21.46
1749267536,20.86000000,3.95100000,21.46
1749267536,20.85000000,0.52000000,21.46
1749267536,20.84000000,0.27400000,21.46
1749267536,20.83000000,5.80000000,21.46
1749267536,20.82000000,0.32500000,21.46
1749267536,20.81000000,0.26900000,21.46
1749267536,20.80000000,0.29900000,21.46
1749267536,20.76000000,7.33700000,21.46
1749267536,20.75000000,0.48700000,21.46
1749267536,20.74000000,0.26900000,21.46
1749267536,20.72000000,5.55200000,21.46
1749267536,20.70000000,3.69400000,21.46
1749267536,20.67000000,0.26900000,21.46
1749267536,20.61000000,0.26900000,21.46
1749267536,20.57000000,3.64500000,21.46
1749267536,20.56000000,1.07300000,21.46
1749267536,20.55000000,0.24400000,21.46
1749267536,20.54000000,0.66700000,21.46
1749267536,20.52000000,0.40300000,21.46
1749267536,20.50000000,34.00100000,21.46
1749267536,20.48000000,0.29900000,21.46
1749267536,20.47000000,944.23000000,21.46
1749267536,20.43000000,0.27400000,21.46
1749267536,20.41000000,0.60600000,21.46
1749267536,20.40000000,0.24600000,21.46
1749267536,20.34000000,1.52300000,21.46
1749267536,20.31000000,968.65900000,21.46
1749267536,20.30000000,1.36100000,21.46
1749267536,20.29000000,1.85200000,21.46
1749267536,20.28000000,266.01000000,21.46
1749267536,20.27000000,3.94900000,21.46
1749267536,20.25000000,1.46300000,21.46
1749267536,20.24000000,2.37700000,21.46
1749267536,20.23000000,1.97900000,21.46
1749267536,20.22000000,1.00000000,21.46
1749267536,20.21000000,0.76900000,21.46
1749267536,20.20000000,50.00000000,21.46
1749267536,20.19000000,0.76100000,21.46
1749267536,20.16000000,0.84300000,21.46
1749267536,20.15000000,4964.55800000,21.46
1749267536,20.14000000,1.76000000,21.46
1749267536,20.13000000,19.86600000,21.46
1749267536,20.12000000,5.30000000,21.46
1749267536,20.11000000,51.10100000,21.46
1749267536,20.10000000,0.90300000,21.46
1749267536,20.09000000,0.95800000,21.46
1749267536,20.08000000,1.84300000,21.46
1749267536,20.07000000,0.54500000,21.46
1749267536,20.06000000,0.33700000,21.46
1749267536,20.05000000,1.42900000,21.46
1749267536,20.03000000,19.05500000,21.46
1749267838,21.47000000,21.60000000,21.47
1749267838,21.46000000,69.42300000,21.47
1749267838,21.45000000,144.66200000,21.47
1749267838,21.44000000,331.32700000,21.47
1749267838,21.43000000,298.81800000,21.47
1749267838,21.42000000,389.37100000,21.47
1749267838,21.41000000,203.24000000,21.47
1749267838,21.40000000,120.22200000,21.47
1749267838,21.39000000,103.58700000,21.47
1749267838,21.38000000,50.02400000,21.47
1749267838,21.37000000,400.03300000,21.47
1749267838,21.36000000,64.12300000,21.47
1749267838,21.35000000,90.08500000,21.47
1749267838,21.34000000,34.72800000,21.47
1749267838,21.33000000,60.51000000,21.47
1749267838,21.32000000,89.79100000,21.47
1749267838,21.31000000,11.50400000,21.47
1749267838,21.30000000,11.50400000,21.47
1749267838,21.29000000,58.58500000,21.47
1749267838,21.28000000,11.50600000,21.47
1749267838,21.27000000,12.32100000,21.47
1749267838,21.26000000,39.31400000,21.47
1749267838,21.25000000,11.15300000,21.47
1749267838,21.24000000,11.15300000,21.47
1749267838,21.23000000,22.74400000,21.47
1749267838,21.22000000,38.84800000,21.47
1749267838,21.21000000,68.05600000,21.47
1749267838,21.20000000,11.15400000,21.47
1749267838,21.19000000,0.35400000,21.47
1749267838,21.18000000,0.35400000,21.47
1749267838,21.17000000,0.35500000,21.47
1749267838,21.16000000,0.35500000,21.47
1749267838,21.15000000,0.62400000,21.47
1749267838,21.14000000,0.68000000,21.47
1749267838,21.13000000,23.55200000,21.47
1749267838,21.12000000,0.96600000,21.47
1749267838,21.11000000,1.31400000,21.47
1749267838,21.10000000,0.35600000,21.47
1749267838,21.09000000,0.35600000,21.47
1749267838,21.08000000,0.62500000,21.47
1749267838,21.06000000,15.95100000,21.47
1749267838,21.01000000,0.26900000,21.47
1749267838,21.00000000,30.07900000,21.47
1749267838,20.98000000,0.12400000,21.47
1749267838,20.95000000,0.26900000,21.47
1749267838,20.94000000,1.35700000,21.47
1749267838,20.93000000,7.00000000,21.47
1749267838,20.91000000,1.98700000,21.47
1749267838,20.90000000,0.50000000,21.47
1749267838,20.88000000,5.26900000,21.47
1749267838,20.87000000,3.33500000,21.47
1749267838,20.86000000,3.95100000,21.47
1749267838,20.85000000,0.52000000,21.47
1749267838,20.84000000,0.27400000,21.47
1749267838,20.83000000,5.80000000,21.47
1749267838,20.82000000,0.32500000,21.47
1749267838,20.81000000,0.26900000,21.47
1749267838,20.80000000,0.29900000,21.47
1749267838,20.76000000,7.33700000,21.47
1749267838,20.75000000,0.48700000,21.47
1749267838,20.74000000,0.26900000,21.47
1749267838,20.72000000,5.55200000,21.47
1749267838,20.70000000,3.69400000,21.47
1749267838,20.67000000,0.26900000,21.47
1749267838,20.61000000,0.26900000,21.47
1749267838,20.57000000,3.64500000,21.47
1749267838,20.56000000,1.07300000,21.47
1749267838,20.55000000,0.24400000,21.47
1749267838,20.54000000,0.66700000,21.47
1749267838,20.52000000,0.40300000,21.47
1749267838,20.50000000,34.00100000,21.47
1749267838,20.48000000,0.29900000,21.47
1749267838,20.47000000,944.23000000,21.47
1749267838,20.43000000,0.27400000,21.47
1749267838,20.41000000,0.60600000,21.47
1749267838,20.40000000,0.24600000,21.47
1749267838,20.34000000,1.52300000,21.47
1749267838,20.31000000,968.65900000,21.47
1749267838,20.30000000,1.36100000,21.47
1749267838,20.29000000,1.85200000,21.47
1749267838,20.28000000,266.01000000,21.47
1749267838,20.27000000,3.94900000,21.47
1749267838,20.25000000,1.46300000,21.47
1749267838,20.24000000,2.37700000,21.47
1749267838,20.23000000,1.97900000,21.47
1749267838,20.22000000,1.00000000,21.47
1749267838,20.21000000,0.76900000,21.47
1749267838,20.20000000,50.00000000,21.47
1749267838,20.19000000,0.76100000,21.47
1749267838,20.16000000,0.84300000,21.47
1749267838,20.15000000,4964.55800000,21.47
1749267838,20.14000000,1.76000000,21.47
1749267838,20.13000000,19.86600000,21.47
1749267838,20.12000000,5.30000000,21.47
1749267838,20.11000000,51.10100000,21.47
1749267838,20.10000000,0.90300000,21.47
1749267838,20.09000000,0.95800000,21.47
1749267838,20.08000000,1.84300000,21.47
1749267838,20.07000000,0.54500000,21.47
1749267838,20.06000000,0.33700000,21.47
1749268140,21.47000000,27.65800000,21.49
1749268140,21.46000000,67.19300000,21.49
1749268140,21.45000000,197.63700000,21.49
1749268140,21.44000000,375.35200000,21.49
1749268140,21.43000000,426.75700000,21.49
1749268140,21.42000000,95.31000000,21.49
