timestamp,price,volume,current_price
1749254689,14.77000000,28.30100000,14.78
1749254689,14.76000000,33.10400000,14.78
1749254689,14.75000000,324.40100000,14.78
1749254689,14.74000000,34.67200000,14.78
1749254689,14.73000000,102.80400000,14.78
1749254689,14.72000000,361.86300000,14.78
1749254689,14.71000000,176.69800000,14.78
1749254689,14.70000000,61.06600000,14.78
1749254689,14.69000000,98.02900000,14.78
1749254689,14.68000000,41.47700000,14.78
1749254689,14.67000000,86.22700000,14.78
1749254689,14.66000000,825.60100000,14.78
1749254689,14.65000000,27.44800000,14.78
1749254689,14.64000000,1.61200000,14.78
1749254689,14.63000000,17.08200000,14.78
1749254689,14.62000000,41.79300000,14.78
1749254689,14.61000000,6.06800000,14.78
1749254689,14.60000000,970.30600000,14.78
1749254689,14.59000000,8.41400000,14.78
1749254689,14.58000000,35.96500000,14.78
1749254689,14.57000000,14.92400000,14.78
1749254689,14.56000000,139.91400000,14.78
1749254689,14.54000000,0.85200000,14.78
1749254689,14.51000000,130.11300000,14.78
1749254689,14.50000000,122.92100000,14.78
1749254689,14.47000000,5.27000000,14.78
1749254689,14.46000000,1.03200000,14.78
1749254689,14.44000000,70.25800000,14.78
1749254689,14.43000000,3.91800000,14.78
1749254689,14.42000000,1.07200000,14.78
1749254689,14.41000000,4.56400000,14.78
1749254689,14.35000000,5.33200000,14.78
1749254689,14.34000000,0.86400000,14.78
1749254689,14.33000000,0.47700000,14.78
1749254689,14.31000000,39.14300000,14.78
1749254689,14.30000000,2.00000000,14.78
1749254689,14.27000000,5.36200000,14.78
1749254689,14.24000000,1.50100000,14.78
1749254689,14.21000000,0.40100000,14.78
1749254689,14.20000000,4.40200000,14.78
1749254689,14.19000000,5.39200000,14.78
1749254689,14.17000000,73.42100000,14.78
1749254689,14.16000000,0.47700000,14.78
1749254689,14.15000000,0.08600000,14.78
1749254689,14.12000000,1.58000000,14.78
1749254689,14.11000000,9.98700000,14.78
1749254689,14.10000000,1.51600000,14.78
1749254689,14.09000000,6.53600000,14.78
1749254689,14.07000000,0.77000000,14.78
1749254689,14.06000000,0.88100000,14.78
1749254689,14.05000000,53.55800000,14.78
1749254689,14.04000000,6.52200000,14.78
1749254689,14.03000000,1.63100000,14.78
1749254689,14.01000000,4.52400000,14.78
1749254689,14.00000000,179.10800000,14.78
1749254689,13.97000000,2.93300000,14.78
1749254689,13.96000000,5.88200000,14.78
1749254689,13.94000000,2.15200000,14.78
1749254689,13.93000000,1.66400000,14.78
1749254689,13.92000000,101.40200000,14.78
1749254689,13.91000000,101.00000000,14.78
1749254689,13.90000000,107.18800000,14.78
1749254689,13.89000000,101.43200000,14.78
1749254689,13.88000000,122.32100000,14.78
1749254689,13.87000000,11.82500000,14.78
1749254689,13.85000000,13.29900000,14.78
1749254689,13.83000000,100.47700000,14.78
1749254689,13.82000000,5.19500000,14.78
1749254689,13.81000000,19.34600000,14.78
1749254689,13.80000000,102.00000000,14.78
1749254689,13.79000000,4.47700000,14.78
1749254689,13.78000000,85.77600000,14.78
1749254689,13.75000000,13.29900000,14.78
1749254689,13.73000000,5.57300000,14.78
1749254689,13.72000000,3.17400000,14.78
1749254689,13.71000000,13.70000000,14.78
1749254689,13.70000000,100.90500000,14.78
1749254689,13.69000000,100.00000000,14.78
1749254689,13.68000000,100.00000000,14.78
1749254689,13.67000000,100.00000000,14.78
1749254689,13.66000000,78.70400000,14.78
1749254689,13.65000000,39.12600000,14.78
1749254689,13.63000000,100.00000000,14.78
1749254689,13.61000000,1.54200000,14.78
1749254689,13.58000000,5.63400000,14.78
1749254689,13.53000000,0.44300000,14.78
1749254689,13.52000000,5.48100000,14.78
1749254689,13.51000000,5.66300000,14.78
1749254689,13.50000000,50.47700000,14.78
1749254689,13.47000000,0.41800000,14.78
1749254689,13.44000000,15.77800000,14.78
1749254689,13.43000000,106.62000000,14.78
1749254689,13.42000000,0.43500000,14.78
1749254689,13.41000000,0.41800000,14.78
1749254689,13.40000000,0.63100000,14.78
1749254689,13.38000000,0.44800000,14.78
1749254689,13.36000000,25.61500000,14.78
1749254689,13.35000000,3.74500000,14.78
1749254689,13.34000000,5.42700000,14.78
1749254689,13.33000000,0.47700000,14.78
1749255014,14.80000000,5.07500000,14.83
1749255014,14.79000000,11.50400000,14.83
1749255014,14.78000000,39.02000000,14.83
1749255014,14.77000000,295.16200000,14.83
1749255014,14.76000000,311.58700000,14.83
1749255014,14.75000000,71.11600000,14.83
1749255014,14.74000000,85.69500000,14.83
1749255014,14.73000000,82.73500000,14.83
1749255014,14.72000000,65.71500000,14.83
1749255014,14.71000000,61.67400000,14.83
1749255014,14.70000000,149.05300000,14.83
1749255014,14.69000000,838.22200000,14.83
1749255014,14.68000000,26.61200000,14.83
1749255014,14.67000000,31.22300000,14.83
1749255014,14.66000000,1.82600000,14.83
1749255014,14.65000000,66.68100000,14.83
1749255014,14.64000000,1.61200000,14.83
1749255014,14.63000000,11.38600000,14.83
1749255014,14.62000000,971.36100000,14.83
1749255014,14.61000000,18.12800000,14.83
1749255014,14.60000000,14.21800000,14.83
1749255014,14.59000000,8.41400000,14.83
1749255014,14.58000000,35.97000000,14.83
1749255014,14.57000000,2.71500000,14.83
1749255014,14.56000000,139.91400000,14.83
1749255014,14.54000000,0.85200000,14.83
1749255014,14.53000000,9.96400000,14.83
1749255014,14.51000000,130.11300000,14.83
1749255014,14.50000000,118.15000000,14.83
1749255014,14.46000000,1.03200000,14.83
1749255014,14.44000000,0.85800000,14.83
1749255014,14.43000000,73.31800000,14.83
1749255014,14.42000000,1.07200000,14.83
1749255014,14.41000000,4.56400000,14.83
1749255014,14.35000000,5.33200000,14.83
1749255014,14.34000000,0.86400000,14.83
1749255014,14.33000000,0.47700000,14.83
1749255014,14.31000000,39.14300000,14.83
1749255014,14.30000000,2.00000000,14.83
1749255014,14.27000000,5.36200000,14.83
1749255014,14.24000000,1.50100000,14.83
1749255014,14.21000000,0.40100000,14.83
1749255014,14.20000000,4.40200000,14.83
1749255014,14.19000000,5.39200000,14.83
1749255014,14.17000000,73.42100000,14.83
1749255014,14.16000000,0.47700000,14.83
1749255014,14.15000000,0.08600000,14.83
1749255014,14.12000000,1.58000000,14.83
1749255014,14.11000000,9.98700000,14.83
1749255014,14.10000000,1.51600000,14.83
1749255014,14.09000000,6.53600000,14.83
1749255014,14.07000000,0.77000000,14.83
1749255014,14.06000000,0.88100000,14.83
1749255014,14.05000000,53.55800000,14.83
1749255014,14.04000000,6.52200000,14.83
1749255014,14.03000000,1.63100000,14.83
1749255014,14.00000000,179.10800000,14.83
1749255014,13.97000000,2.93300000,14.83
1749255014,13.96000000,5.88200000,14.83
1749255014,13.94000000,2.15200000,14.83
1749255014,13.93000000,1.66400000,14.83
1749255014,13.92000000,101.40200000,14.83
1749255014,13.91000000,101.00000000,14.83
1749255014,13.90000000,107.18800000,14.83
1749255014,13.89000000,101.43200000,14.83
1749255014,13.88000000,122.32100000,14.83
1749255014,13.87000000,11.82500000,14.83
1749255014,13.85000000,13.29900000,14.83
1749255014,13.83000000,100.47700000,14.83
1749255014,13.82000000,5.19500000,14.83
1749255014,13.81000000,19.34600000,14.83
1749255014,13.80000000,102.00000000,14.83
1749255014,13.79000000,4.47700000,14.83
1749255014,13.78000000,85.77600000,14.83
1749255014,13.75000000,13.29900000,14.83
1749255014,13.73000000,5.57300000,14.83
1749255014,13.72000000,3.17400000,14.83
1749255014,13.71000000,13.70000000,14.83
1749255014,13.70000000,100.90500000,14.83
1749255014,13.69000000,100.00000000,14.83
1749255014,13.68000000,100.00000000,14.83
1749255014,13.67000000,100.00000000,14.83
1749255014,13.66000000,78.70400000,14.83
1749255014,13.65000000,39.12600000,14.83
1749255014,13.63000000,100.00000000,14.83
1749255014,13.61000000,1.54200000,14.83
1749255014,13.58000000,5.63400000,14.83
1749255014,13.53000000,0.44300000,14.83
1749255014,13.52000000,5.48100000,14.83
1749255014,13.51000000,5.66300000,14.83
1749255014,13.50000000,50.47700000,14.83
1749255014,13.47000000,0.41800000,14.83
1749255014,13.44000000,15.77800000,14.83
1749255014,13.43000000,106.62000000,14.83
1749255014,13.42000000,0.43500000,14.83
1749255014,13.41000000,0.41800000,14.83
1749255014,13.40000000,0.63100000,14.83
1749255014,13.38000000,0.44800000,14.83
1749255014,13.36000000,25.61500000,14.83
1749255014,13.35000000,3.74500000,14.83
