timestamp,price,volume,current_price
1749260832,14.93000000,7.11800000,14.95
1749260832,14.92000000,7.11200000,14.95
1749260832,14.91000000,21.34600000,14.95
1749260832,14.90000000,350.42400000,14.95
1749260832,14.89000000,250.96400000,14.95
1749260832,14.88000000,66.08900000,14.95
1749260832,14.87000000,45.42200000,14.95
1749260832,14.86000000,46.62600000,14.95
1749260832,14.85000000,130.10200000,14.95
1749260832,14.84000000,127.70600000,14.95
1749260832,14.83000000,94.88900000,14.95
1749260832,14.82000000,52.26700000,14.95
1749260832,14.81000000,43.10300000,14.95
1749260832,14.80000000,33.03700000,14.95
1749260832,14.79000000,46.60400000,14.95
1749260832,14.78000000,43.09900000,14.95
1749260832,14.77000000,5.13100000,14.95
1749260832,14.76000000,989.39100000,14.95
1749260832,14.75000000,25.09300000,14.95
1749260832,14.74000000,4.22700000,14.95
1749260832,14.73000000,26.02200000,14.95
1749260832,14.71000000,8.64900000,14.95
1749260832,14.70000000,139.70900000,14.95
1749260832,14.69000000,138.67600000,14.95
1749260832,14.68000000,0.63100000,14.95
1749260832,14.67000000,5.21600000,14.95
1749260832,14.66000000,10.44100000,14.95
1749260832,14.64000000,18.68100000,14.95
1749260832,14.61000000,1.01700000,14.95
1749260832,14.60000000,2.08600000,14.95
1749260832,14.59000000,5.24400000,14.95
1749260832,14.58000000,3.42900000,14.95
1749260832,14.54000000,0.85200000,14.95
1749260832,14.51000000,5.27300000,14.95
1749260832,14.50000000,2.47700000,14.95
1749260832,14.46000000,1.03200000,14.95
1749260832,14.44000000,0.85800000,14.95
1749260832,14.43000000,42.21500000,14.95
1749260832,14.42000000,1.07200000,14.95
1749260832,14.41000000,4.56400000,14.95
1749260832,14.35000000,5.33200000,14.95
1749260832,14.34000000,0.86400000,14.95
1749260832,14.33000000,0.47700000,14.95
1749260832,14.30000000,2.00000000,14.95
1749260832,14.27000000,5.36200000,14.95
1749260832,14.24000000,1.50100000,14.95
1749260832,14.21000000,0.40100000,14.95
1749260832,14.19000000,5.39200000,14.95
1749260832,14.17000000,73.42100000,14.95
1749260832,14.16000000,0.47700000,14.95
1749260832,14.15000000,0.08600000,14.95
1749260832,14.12000000,1.58000000,14.95
1749260832,14.11000000,9.98700000,14.95
1749260832,14.10000000,1.51600000,14.95
1749260832,14.09000000,6.53600000,14.95
1749260832,14.07000000,0.77000000,14.95
1749260832,14.06000000,0.88100000,14.95
1749260832,14.05000000,53.55800000,14.95
1749260832,14.04000000,6.52200000,14.95
1749260832,14.03000000,1.63100000,14.95
1749260832,14.00000000,175.47600000,14.95
1749260832,13.98000000,145.27600000,14.95
1749260832,13.97000000,2.93300000,14.95
1749260832,13.96000000,5.88200000,14.95
1749260832,13.94000000,2.15200000,14.95
1749260832,13.93000000,1.66400000,14.95
1749260832,13.92000000,101.40200000,14.95
1749260832,13.91000000,101.00000000,14.95
1749260832,13.90000000,177.40000000,14.95
1749260832,13.89000000,101.43200000,14.95
1749260832,13.88000000,122.32100000,14.95
1749260832,13.87000000,11.82500000,14.95
1749260832,13.85000000,13.29900000,14.95
1749260832,13.83000000,100.47700000,14.95
1749260832,13.82000000,5.19500000,14.95
1749260832,13.81000000,19.34600000,14.95
1749260832,13.80000000,102.00000000,14.95
1749260832,13.79000000,0.89900000,14.95
1749260832,13.78000000,14.01400000,14.95
1749260832,13.75000000,13.29900000,14.95
1749260832,13.73000000,5.57300000,14.95
1749260832,13.72000000,3.17400000,14.95
1749260832,13.71000000,13.70000000,14.95
1749260832,13.70000000,100.90500000,14.95
1749260832,13.69000000,100.00000000,14.95
1749260832,13.68000000,100.00000000,14.95
1749260832,13.67000000,100.00000000,14.95
1749260832,13.66000000,82.26900000,14.95
1749260832,13.65000000,39.12600000,14.95
1749260832,13.63000000,100.00000000,14.95
1749260832,13.61000000,1.54200000,14.95
1749260832,13.58000000,5.63400000,14.95
1749260832,13.53000000,0.44300000,14.95
1749260832,13.52000000,5.48100000,14.95
1749260832,13.51000000,5.66300000,14.95
1749260832,13.50000000,50.47700000,14.95
1749260832,13.47000000,0.41800000,14.95
1749260832,13.44000000,15.77800000,14.95
1749260832,13.43000000,106.62000000,14.95
1749260832,13.42000000,0.43500000,14.95
1749261158,14.93000000,10.57000000,14.93
1749261158,14.92000000,16.45400000,14.93
1749261158,14.91000000,294.13500000,14.93
1749261158,14.90000000,305.67400000,14.93
1749261158,14.89000000,83.25500000,14.93
1749261158,14.88000000,207.70700000,14.93
1749261158,14.87000000,61.06300000,14.93
1749261158,14.86000000,35.00800000,14.93
1749261158,14.85000000,80.91800000,14.93
1749261158,14.84000000,33.50400000,14.93
1749261158,14.83000000,109.53400000,14.93
1749261158,14.82000000,52.26700000,14.93
1749261158,14.81000000,28.43600000,14.93
1749261158,14.80000000,38.12500000,14.93
1749261158,14.79000000,46.60400000,14.93
1749261158,14.78000000,15.26500000,14.93
1749261158,14.77000000,68.47800000,14.93
1749261158,14.76000000,959.85500000,14.93
1749261158,14.75000000,28.84800000,14.93
1749261158,14.74000000,0.84100000,14.93
1749261158,14.73000000,26.02200000,14.93
1749261158,14.71000000,5.96000000,14.93
1749261158,14.70000000,139.70900000,14.93
1749261158,14.69000000,138.67600000,14.93
1749261158,14.68000000,0.63100000,14.93
1749261158,14.67000000,5.21600000,14.93
1749261158,14.66000000,10.44100000,14.93
1749261158,14.65000000,17.05700000,14.93
1749261158,14.64000000,1.61200000,14.93
1749261158,14.61000000,1.01700000,14.93
1749261158,14.60000000,2.08600000,14.93
1749261158,14.59000000,5.24400000,14.93
1749261158,14.58000000,3.42900000,14.93
1749261158,14.54000000,0.85200000,14.93
1749261158,14.51000000,5.27300000,14.93
1749261158,14.50000000,2.47700000,14.93
1749261158,14.46000000,1.03200000,14.93
1749261158,14.44000000,0.85800000,14.93
1749261158,14.43000000,42.21500000,14.93
1749261158,14.42000000,1.07200000,14.93
1749261158,14.41000000,4.56400000,14.93
1749261158,14.35000000,5.33200000,14.93
1749261158,14.34000000,0.86400000,14.93
1749261158,14.33000000,0.47700000,14.93
1749261158,14.30000000,2.00000000,14.93
1749261158,14.27000000,5.36200000,14.93
1749261158,14.24000000,1.50100000,14.93
1749261158,14.21000000,0.40100000,14.93
1749261158,14.19000000,5.39200000,14.93
1749261158,14.17000000,73.42100000,14.93
1749261158,14.16000000,0.47700000,14.93
1749261158,14.15000000,0.08600000,14.93
1749261158,14.12000000,1.58000000,14.93
1749261158,14.11000000,9.98700000,14.93
1749261158,14.10000000,1.51600000,14.93
1749261158,14.09000000,6.53600000,14.93
1749261158,14.07000000,0.77000000,14.93
1749261158,14.06000000,0.88100000,14.93
1749261158,14.05000000,53.55800000,14.93
1749261158,14.04000000,6.52200000,14.93
1749261158,14.03000000,1.63100000,14.93
1749261158,14.00000000,175.47600000,14.93
1749261158,13.98000000,145.27600000,14.93
1749261158,13.97000000,2.93300000,14.93
1749261158,13.96000000,5.88200000,14.93
1749261158,13.94000000,2.15200000,14.93
1749261158,13.93000000,1.66400000,14.93
1749261158,13.92000000,101.40200000,14.93
1749261158,13.91000000,101.00000000,14.93
1749261158,13.90000000,177.40000000,14.93
1749261158,13.89000000,101.43200000,14.93
1749261158,13.88000000,122.32100000,14.93
1749261158,13.87000000,11.82500000,14.93
1749261158,13.85000000,13.29900000,14.93
1749261158,13.83000000,100.47700000,14.93
1749261158,13.82000000,5.19500000,14.93
1749261158,13.81000000,19.34600000,14.93
1749261158,13.80000000,102.00000000,14.93
1749261158,13.79000000,0.89900000,14.93
1749261158,13.78000000,14.01400000,14.93
1749261158,13.75000000,13.29900000,14.93
1749261158,13.73000000,5.57300000,14.93
1749261158,13.72000000,3.17400000,14.93
1749261158,13.71000000,13.70000000,14.93
1749261158,13.70000000,100.90500000,14.93
1749261158,13.69000000,100.00000000,14.93
1749261158,13.68000000,100.00000000,14.93
1749261158,13.67000000,100.00000000,14.93
1749261158,13.66000000,82.26900000,14.93
1749261158,13.65000000,39.12600000,14.93
1749261158,13.63000000,100.00000000,14.93
1749261158,13.61000000,1.54200000,14.93
1749261158,13.58000000,5.63400000,14.93
1749261158,13.53000000,0.44300000,14.93
1749261158,13.52000000,5.48100000,14.93
1749261158,13.51000000,5.66300000,14.93
1749261158,13.50000000,50.47700000,14.93
1749261158,13.47000000,0.41800000,14.93
1749261158,13.44000000,15.77800000,14.93
1749261158,13.43000000,106.62000000,14.93
1749261474,14.92000000,4.86200000,14.92
1749261474,14.91000000,6.34700000,14.92
1749261474,14.90000000,42.94000000,14.92
1749261474,14.89000000,355.96600000,14.92
1749261474,14.88000000,319.69300000,14.92
1749261474,14.87000000,192.64800000,14.92
1749261474,14.86000000,44.19500000,14.92
1749261474,14.85000000,58.88600000,14.92
1749261474,14.84000000,69.83200000,14.92
1749261474,14.83000000,109.53400000,14.92
1749261474,14.82000000,35.00700000,14.92
1749261474,14.81000000,45.73100000,14.92
1749261474,14.80000000,33.03700000,14.92
1749261474,14.79000000,46.60400000,14.92
1749261474,14.78000000,11.88800000,14.92
1749261474,14.77000000,65.14100000,14.92
1749261474,14.76000000,6.25500000,14.92
1749261474,14.75000000,31.11200000,14.92
1749261474,14.74000000,965.30200000,14.92
1749261474,14.73000000,19.04800000,14.92
1749261474,14.72000000,6.97400000,14.92
1749261474,14.71000000,5.96000000,14.92
1749261474,14.70000000,122.70800000,14.92
1749261474,14.69000000,155.68300000,14.92
1749261474,14.68000000,0.63100000,14.92
1749261474,14.67000000,5.21600000,14.92
1749261474,14.66000000,0.47700000,14.92
1749261474,14.65000000,27.02100000,14.92
1749261474,14.64000000,1.61200000,14.92
1749261474,14.61000000,1.01700000,14.92
1749261474,14.60000000,2.08600000,14.92
1749261474,14.59000000,5.24400000,14.92
1749261474,14.58000000,3.42900000,14.92
1749261474,14.54000000,70.25200000,14.92
1749261474,14.51000000,5.27300000,14.92
1749261474,14.50000000,2.47700000,14.92
1749261474,14.46000000,1.03200000,14.92
1749261474,14.44000000,0.85800000,14.92
1749261474,14.43000000,42.21500000,14.92
1749261474,14.42000000,1.07200000,14.92
1749261474,14.41000000,4.56400000,14.92
1749261474,14.35000000,5.33200000,14.92
1749261474,14.34000000,0.86400000,14.92
1749261474,14.33000000,0.47700000,14.92
1749261474,14.30000000,2.00000000,14.92
1749261474,14.27000000,5.36200000,14.92
1749261474,14.24000000,1.50100000,14.92
1749261474,14.21000000,0.40100000,14.92
1749261474,14.19000000,5.39200000,14.92
1749261474,14.17000000,73.42100000,14.92
1749261474,14.16000000,0.47700000,14.92
1749261474,14.15000000,0.08600000,14.92
1749261474,14.12000000,1.58000000,14.92
1749261474,14.11000000,9.98700000,14.92
1749261474,14.10000000,1.51600000,14.92
1749261474,14.09000000,6.53600000,14.92
1749261474,14.07000000,0.77000000,14.92
1749261474,14.06000000,0.88100000,14.92
1749261474,14.05000000,53.55800000,14.92
1749261474,14.04000000,6.52200000,14.92
1749261474,14.03000000,1.63100000,14.92
1749261474,14.00000000,175.47600000,14.92
1749261474,13.98000000,145.27600000,14.92
1749261474,13.97000000,2.93300000,14.92
1749261474,13.96000000,5.88200000,14.92
1749261474,13.94000000,2.15200000,14.92
1749261474,13.93000000,1.66400000,14.92
1749261474,13.92000000,101.40200000,14.92
1749261474,13.91000000,101.00000000,14.92
1749261474,13.90000000,177.40000000,14.92
1749261474,13.89000000,101.43200000,14.92
1749261474,13.88000000,122.32100000,14.92
1749261474,13.87000000,11.82500000,14.92
1749261474,13.85000000,13.29900000,14.92
1749261474,13.83000000,100.47700000,14.92
1749261474,13.82000000,5.19500000,14.92
1749261474,13.81000000,19.34600000,14.92
1749261474,13.80000000,102.00000000,14.92
1749261474,13.79000000,0.89900000,14.92
1749261474,13.78000000,14.01400000,14.92
1749261474,13.75000000,13.29900000,14.92
1749261474,13.73000000,5.57300000,14.92
1749261474,13.72000000,3.17400000,14.92
1749261474,13.71000000,13.70000000,14.92
1749261474,13.70000000,100.90500000,14.92
1749261474,13.69000000,100.00000000,14.92
1749261474,13.68000000,100.00000000,14.92
1749261474,13.67000000,100.00000000,14.92
1749261474,13.66000000,82.26900000,14.92
1749261474,13.65000000,39.12600000,14.92
1749261474,13.63000000,100.00000000,14.92
1749261474,13.61000000,1.54200000,14.92
1749261474,13.58000000,5.63400000,14.92
1749261474,13.53000000,0.44300000,14.92
1749261474,13.52000000,5.48100000,14.92
1749261474,13.51000000,5.66300000,14.92
1749261474,13.50000000,50.47700000,14.92
1749261474,13.47000000,0.41800000,14.92
1749261474,13.44000000,15.77800000,14.92
1749261474,13.43000000,106.62000000,14.92
1749261780,14.90000000,4.11800000,14.9
1749261780,14.89000000,274.53400000,14.9
1749261780,14.88000000,88.46200000,14.9
1749261780,14.87000000,63.75800000,14.9
1749261780,14.86000000,105.64900000,14.9
1749261780,14.85000000,88.62400000,14.9
1749261780,14.84000000,340.11800000,14.9
1749261780,14.83000000,62.63400000,14.9
1749261780,14.82000000,71.34400000,14.9
1749261780,14.81000000,28.43600000,14.9
1749261780,14.80000000,102.17100000,14.9
1749261780,14.79000000,52.42100000,14.9
1749261780,14.78000000,11.88800000,14.9
1749261780,14.77000000,27.15100000,14.9
1749261780,14.76000000,18.81300000,14.9
1749261780,14.75000000,28.43000000,14.9
1749261780,14.74000000,997.18800000,14.9
1749261780,14.73000000,19.79400000,14.9
1749261780,14.72000000,2.68700000,14.9
1749261780,14.71000000,5.96000000,14.9
1749261780,14.70000000,33.48400000,14.9
1749261780,14.69000000,155.68300000,14.9
1749261780,14.68000000,102.22100000,14.9
1749261780,14.67000000,5.21600000,14.9
1749261780,14.66000000,0.47700000,14.9
1749261780,14.65000000,17.05700000,14.9
1749261780,14.64000000,1.61200000,14.9
1749261780,14.63000000,9.96400000,14.9
1749261780,14.60000000,2.08600000,14.9
1749261780,14.59000000,5.24400000,14.9
1749261780,14.58000000,3.42900000,14.9
1749261780,14.54000000,0.85200000,14.9
1749261780,14.51000000,5.27300000,14.9
1749261780,14.50000000,2.47700000,14.9
1749261780,14.46000000,1.03200000,14.9
1749261780,14.44000000,0.85800000,14.9
1749261780,14.43000000,42.21500000,14.9
1749261780,14.42000000,1.07200000,14.9
1749261780,14.41000000,4.56400000,14.9
1749261780,14.35000000,5.33200000,14.9
1749261780,14.34000000,0.86400000,14.9
1749261780,14.33000000,0.47700000,14.9
1749261780,14.30000000,2.00000000,14.9
1749261780,14.27000000,5.36200000,14.9
1749261780,14.24000000,1.50100000,14.9
1749261780,14.21000000,0.40100000,14.9
1749261780,14.19000000,5.39200000,14.9
1749261780,14.17000000,73.42100000,14.9
1749261780,14.16000000,0.47700000,14.9
1749261780,14.15000000,0.08600000,14.9
1749261780,14.12000000,1.58000000,14.9
1749261780,14.11000000,9.98700000,14.9
1749261780,14.10000000,1.51600000,14.9
1749261780,14.09000000,6.53600000,14.9
1749261780,14.07000000,0.77000000,14.9
1749261780,14.06000000,0.88100000,14.9
1749261780,14.05000000,53.55800000,14.9
1749261780,14.04000000,6.52200000,14.9
1749261780,14.03000000,1.63100000,14.9
1749261780,14.00000000,175.47600000,14.9
1749261780,13.97000000,2.93300000,14.9
1749261780,13.96000000,5.88200000,14.9
1749261780,13.94000000,2.15200000,14.9
1749261780,13.93000000,1.66400000,14.9
1749261780,13.92000000,101.40200000,14.9
1749261780,13.91000000,101.00000000,14.9
1749261780,13.90000000,177.40000000,14.9
1749261780,13.89000000,101.43200000,14.9
1749261780,13.88000000,122.32100000,14.9
1749261780,13.87000000,11.82500000,14.9
1749261780,13.85000000,13.29900000,14.9
1749261780,13.83000000,100.47700000,14.9
1749261780,13.82000000,5.19500000,14.9
1749261780,13.81000000,19.34600000,14.9
1749261780,13.80000000,102.00000000,14.9
1749261780,13.79000000,0.89900000,14.9
1749261780,13.78000000,14.01400000,14.9
1749261780,13.75000000,13.29900000,14.9
1749261780,13.73000000,5.57300000,14.9
1749261780,13.72000000,3.17400000,14.9
1749261780,13.71000000,13.70000000,14.9
1749261780,13.70000000,100.90500000,14.9
1749261780,13.69000000,100.00000000,14.9
1749261780,13.68000000,100.00000000,14.9
1749261780,13.67000000,100.00000000,14.9
1749261780,13.66000000,82.26900000,14.9
1749261780,13.65000000,39.12600000,14.9
1749261780,13.63000000,100.00000000,14.9
1749261780,13.61000000,1.54200000,14.9
1749261780,13.58000000,5.63400000,14.9
1749261780,13.53000000,0.44300000,14.9
1749261780,13.52000000,5.48100000,14.9
1749261780,13.51000000,5.66300000,14.9
1749261780,13.50000000,50.47700000,14.9
1749261780,13.47000000,0.41800000,14.9
1749261780,13.44000000,15.77800000,14.9
1749261780,13.43000000,106.62000000,14.9
1749261780,13.42000000,0.43500000,14.9
1749261780,13.41000000,0.41800000,14.9
1749261780,13.40000000,0.63100000,14.9
1749262083,14.89000000,11.08800000,14.89
1749262083,14.88000000,32.74800000,14.89
1749262083,14.87000000,67.63200000,14.89
1749262083,14.86000000,95.43700000,14.89
1749262083,14.85000000,106.86600000,14.89
1749262083,14.84000000,89.92400000,14.89
1749262083,14.83000000,85.75600000,14.89
1749262083,14.82000000,571.14000000,14.89
1749262083,14.81000000,64.77800000,14.89
1749262083,14.80000000,106.06700000,14.89
1749262083,14.79000000,35.05400000,14.89
1749262083,14.78000000,22.53500000,14.89
1749262083,14.77000000,10.22900000,14.89
1749262083,14.76000000,21.20400000,14.89
1749262083,14.75000000,22.94900000,14.89
1749262083,14.74000000,38.90900000,14.89
1749262083,14.73000000,39.40400000,14.89
1749262083,14.72000000,5.83000000,14.89
1749262083,14.71000000,962.15100000,14.89
1749262083,14.70000000,21.38800000,14.89
1749262083,14.69000000,167.78300000,14.89
1749262083,14.68000000,0.63100000,14.89
1749262083,14.67000000,10.34900000,14.89
1749262083,14.66000000,0.47700000,14.89
1749262083,14.64000000,1.61200000,14.89
1749262083,14.62000000,111.58400000,14.89
1749262083,14.61000000,17.10300000,14.89
1749262083,14.60000000,2.08600000,14.89
1749262083,14.59000000,5.24400000,14.89
1749262083,14.58000000,3.42900000,14.89
1749262083,14.54000000,0.85200000,14.89
1749262083,14.51000000,5.27300000,14.89
1749262083,14.50000000,2.47700000,14.89
1749262083,14.46000000,70.43200000,14.89
1749262083,14.44000000,0.85800000,14.89
1749262083,14.43000000,42.21500000,14.89
1749262083,14.42000000,1.07200000,14.89
1749262083,14.41000000,4.56400000,14.89
1749262083,14.35000000,5.33200000,14.89
1749262083,14.34000000,0.86400000,14.89
1749262083,14.33000000,0.47700000,14.89
1749262083,14.30000000,2.00000000,14.89
1749262083,14.27000000,5.36200000,14.89
1749262083,14.24000000,1.50100000,14.89
1749262083,14.21000000,0.40100000,14.89
1749262083,14.19000000,5.39200000,14.89
1749262083,14.17000000,73.42100000,14.89
1749262083,14.16000000,0.47700000,14.89
1749262083,14.15000000,0.08600000,14.89
1749262083,14.12000000,1.58000000,14.89
1749262083,14.11000000,9.98700000,14.89
1749262083,14.10000000,1.51600000,14.89
1749262083,14.09000000,6.53600000,14.89
1749262083,14.07000000,0.77000000,14.89
1749262083,14.06000000,0.88100000,14.89
1749262083,14.05000000,53.55800000,14.89
1749262083,14.04000000,6.52200000,14.89
1749262083,14.03000000,1.63100000,14.89
1749262083,14.00000000,175.47600000,14.89
1749262083,13.97000000,2.93300000,14.89
1749262083,13.96000000,5.88200000,14.89
1749262083,13.94000000,2.15200000,14.89
1749262083,13.93000000,1.66400000,14.89
1749262083,13.92000000,101.40200000,14.89
1749262083,13.91000000,101.00000000,14.89
1749262083,13.90000000,177.40000000,14.89
1749262083,13.89000000,101.43200000,14.89
1749262083,13.88000000,122.32100000,14.89
1749262083,13.87000000,11.82500000,14.89
1749262083,13.85000000,13.29900000,14.89
1749262083,13.83000000,100.47700000,14.89
1749262083,13.82000000,5.19500000,14.89
1749262083,13.81000000,19.34600000,14.89
1749262083,13.80000000,102.00000000,14.89
1749262083,13.79000000,0.89900000,14.89
1749262083,13.78000000,14.01400000,14.89
1749262083,13.75000000,13.29900000,14.89
1749262083,13.73000000,5.57300000,14.89
1749262083,13.72000000,3.17400000,14.89
1749262083,13.71000000,13.70000000,14.89
1749262083,13.70000000,100.90500000,14.89
1749262083,13.69000000,100.00000000,14.89
1749262083,13.68000000,100.00000000,14.89
1749262083,13.67000000,100.00000000,14.89
1749262083,13.66000000,82.26900000,14.89
1749262083,13.65000000,39.12600000,14.89
1749262083,13.63000000,100.00000000,14.89
1749262083,13.61000000,1.54200000,14.89
1749262083,13.58000000,5.63400000,14.89
1749262083,13.53000000,0.44300000,14.89
1749262083,13.52000000,5.48100000,14.89
1749262083,13.51000000,5.66300000,14.89
1749262083,13.50000000,50.47700000,14.89
1749262083,13.47000000,0.41800000,14.89
1749262083,13.44000000,15.77800000,14.89
1749262083,13.43000000,106.62000000,14.89
1749262083,13.42000000,0.43500000,14.89
1749262083,13.41000000,0.41800000,14.89
1749262083,13.40000000,0.63100000,14.89
1749262083,13.38000000,0.44800000,14.89
1749262388,14.89000000,5.32900000,14.91
1749262388,14.88000000,6.71000000,14.91
1749262388,14.87000000,30.98000000,14.91
1749262388,14.86000000,105.63200000,14.91
1749262388,14.85000000,85.85600000,14.91
1749262388,14.84000000,94.01900000,14.91
1749262388,14.83000000,111.87900000,14.91
1749262388,14.82000000,338.02700000,14.91
1749262388,14.81000000,280.49900000,14.91
1749262388,14.80000000,87.89300000,14.91
1749262388,14.79000000,35.05400000,14.91
1749262388,14.78000000,59.72900000,14.91
1749262388,14.77000000,27.66500000,14.91
1749262388,14.76000000,27.01800000,14.91
1749262388,14.75000000,21.95700000,14.91
1749262388,14.74000000,1.83500000,14.91
1749262388,14.73000000,61.81800000,14.91
1749262388,14.72000000,5.11500000,14.91
1749262388,14.71000000,1.58800000,14.91
1749262388,14.70000000,982.27500000,14.91
1749262388,14.69000000,138.67600000,14.91
1749262388,14.68000000,22.84900000,14.91
1749262388,14.67000000,27.39000000,14.91
1749262388,14.66000000,0.47700000,14.91
1749262388,14.64000000,1.61200000,14.91
1749262388,14.61000000,27.06700000,14.91
1749262388,14.60000000,2.08600000,14.91
1749262388,14.59000000,5.24400000,14.91
1749262388,14.58000000,3.42900000,14.91
1749262388,14.56000000,1.02900000,14.91
1749262388,14.55000000,104.16100000,14.91
1749262388,14.54000000,0.85200000,14.91
1749262388,14.51000000,5.27300000,14.91
1749262388,14.50000000,2.47700000,14.91
1749262388,14.46000000,1.03200000,14.91
1749262388,14.44000000,0.85800000,14.91
1749262388,14.43000000,42.21500000,14.91
1749262388,14.42000000,1.07200000,14.91
1749262388,14.41000000,4.56400000,14.91
1749262388,14.35000000,5.33200000,14.91
1749262388,14.34000000,0.86400000,14.91
1749262388,14.33000000,0.47700000,14.91
1749262388,14.30000000,2.00000000,14.91
1749262388,14.27000000,5.36200000,14.91
1749262388,14.24000000,1.50100000,14.91
1749262388,14.21000000,0.40100000,14.91
1749262388,14.19000000,5.39200000,14.91
1749262388,14.17000000,73.42100000,14.91
1749262388,14.16000000,0.47700000,14.91
1749262388,14.15000000,0.08600000,14.91
1749262388,14.12000000,1.58000000,14.91
1749262388,14.11000000,9.98700000,14.91
1749262388,14.10000000,1.51600000,14.91
1749262388,14.09000000,6.53600000,14.91
1749262388,14.07000000,0.77000000,14.91
1749262388,14.06000000,0.88100000,14.91
1749262388,14.05000000,53.55800000,14.91
1749262388,14.04000000,6.52200000,14.91
1749262388,14.03000000,1.63100000,14.91
1749262388,14.00000000,175.47600000,14.91
1749262388,13.97000000,2.93300000,14.91
1749262388,13.96000000,5.88200000,14.91
1749262388,13.94000000,2.15200000,14.91
1749262388,13.93000000,1.66400000,14.91
1749262388,13.92000000,101.40200000,14.91
1749262388,13.91000000,101.00000000,14.91
1749262388,13.90000000,177.40000000,14.91
1749262388,13.89000000,101.43200000,14.91
1749262388,13.88000000,122.32100000,14.91
1749262388,13.87000000,11.82500000,14.91
1749262388,13.85000000,13.29900000,14.91
1749262388,13.83000000,100.47700000,14.91
1749262388,13.82000000,5.19500000,14.91
1749262388,13.81000000,19.34600000,14.91
1749262388,13.80000000,102.00000000,14.91
1749262388,13.79000000,0.89900000,14.91
1749262388,13.78000000,14.01400000,14.91
1749262388,13.75000000,13.29900000,14.91
1749262388,13.73000000,5.57300000,14.91
1749262388,13.72000000,3.17400000,14.91
1749262388,13.71000000,13.70000000,14.91
1749262388,13.70000000,100.90500000,14.91
1749262388,13.69000000,100.00000000,14.91
1749262388,13.68000000,100.00000000,14.91
1749262388,13.67000000,100.00000000,14.91
1749262388,13.66000000,82.26900000,14.91
1749262388,13.65000000,39.12600000,14.91
1749262388,13.63000000,100.00000000,14.91
1749262388,13.61000000,1.54200000,14.91
1749262388,13.58000000,5.63400000,14.91
1749262388,13.53000000,0.44300000,14.91
1749262388,13.52000000,5.48100000,14.91
1749262388,13.51000000,5.66300000,14.91
1749262388,13.50000000,50.47700000,14.91
1749262388,13.47000000,0.41800000,14.91
1749262388,13.44000000,15.77800000,14.91
1749262388,13.43000000,106.62000000,14.91
1749262388,13.42000000,0.43500000,14.91
1749262388,13.41000000,0.41800000,14.91
1749262388,13.40000000,0.63100000,14.91
1749262691,14.89000000,23.40200000,14.9
1749262691,14.88000000,10.05900000,14.9
1749262691,14.87000000,332.75900000,14.9
1749262691,14.86000000,330.90200000,14.9
1749262691,14.85000000,153.17300000,14.9
1749262691,14.84000000,96.75900000,14.9
1749262691,14.83000000,51.47300000,14.9
1749262691,14.82000000,46.62500000,14.9
1749262691,14.81000000,64.77800000,14.9
1749262691,14.80000000,106.06700000,14.9
1749262691,14.79000000,35.05400000,14.9
1749262691,14.78000000,22.53500000,14.9
1749262691,14.77000000,10.22900000,14.9
1749262691,14.76000000,20.25500000,14.9
1749262691,14.75000000,28.05400000,14.9
1749262691,14.74000000,38.90900000,14.9
1749262691,14.73000000,20.33700000,14.9
1749262691,14.72000000,4.13600000,14.9
1749262691,14.71000000,961.07500000,14.9
1749262691,14.70000000,26.51000000,14.9
1749262691,14.69000000,145.65000000,14.9
1749262691,14.68000000,15.87500000,14.9
1749262691,14.67000000,22.25700000,14.9
1749262691,14.66000000,0.47700000,14.9
1749262691,14.64000000,1.61200000,14.9
1749262691,14.62000000,115.44400000,14.9
1749262691,14.61000000,17.10300000,14.9
1749262691,14.60000000,2.08600000,14.9
1749262691,14.59000000,5.24400000,14.9
1749262691,14.58000000,3.42900000,14.9
1749262691,14.56000000,1.02900000,14.9
1749262691,14.54000000,0.85200000,14.9
1749262691,14.51000000,5.27300000,14.9
1749262691,14.50000000,2.47700000,14.9
1749262691,14.46000000,1.03200000,14.9
1749262691,14.44000000,0.85800000,14.9
1749262691,14.43000000,42.21500000,14.9
1749262691,14.42000000,1.07200000,14.9
1749262691,14.41000000,4.56400000,14.9
1749262691,14.35000000,5.33200000,14.9
1749262691,14.34000000,0.86400000,14.9
1749262691,14.33000000,0.47700000,14.9
1749262691,14.30000000,2.00000000,14.9
1749262691,14.27000000,5.36200000,14.9
1749262691,14.24000000,1.50100000,14.9
1749262691,14.21000000,0.40100000,14.9
1749262691,14.19000000,5.39200000,14.9
1749262691,14.17000000,73.42100000,14.9
1749262691,14.16000000,0.47700000,14.9
1749262691,14.15000000,0.08600000,14.9
1749262691,14.12000000,1.58000000,14.9
1749262691,14.11000000,9.98700000,14.9
1749262691,14.10000000,1.51600000,14.9
1749262691,14.09000000,6.53600000,14.9
1749262691,14.07000000,0.77000000,14.9
1749262691,14.06000000,0.88100000,14.9
1749262691,14.05000000,53.55800000,14.9
1749262691,14.04000000,6.52200000,14.9
1749262691,14.03000000,1.63100000,14.9
1749262691,14.00000000,175.47600000,14.9
1749262691,13.97000000,2.93300000,14.9
1749262691,13.96000000,5.88200000,14.9
1749262691,13.94000000,2.15200000,14.9
1749262691,13.93000000,1.66400000,14.9
1749262691,13.92000000,101.40200000,14.9
1749262691,13.91000000,101.00000000,14.9
1749262691,13.90000000,177.40000000,14.9
1749262691,13.89000000,101.43200000,14.9
1749262691,13.88000000,122.32100000,14.9
1749262691,13.87000000,11.82500000,14.9
1749262691,13.85000000,13.29900000,14.9
1749262691,13.83000000,100.47700000,14.9
1749262691,13.82000000,5.19500000,14.9
1749262691,13.81000000,19.34600000,14.9
1749262691,13.80000000,102.00000000,14.9
1749262691,13.79000000,0.89900000,14.9
1749262691,13.78000000,14.01400000,14.9
1749262691,13.75000000,13.29900000,14.9
1749262691,13.73000000,5.57300000,14.9
1749262691,13.72000000,3.17400000,14.9
1749262691,13.71000000,13.70000000,14.9
1749262691,13.70000000,100.90500000,14.9
1749262691,13.69000000,100.00000000,14.9
1749262691,13.68000000,100.00000000,14.9
1749262691,13.67000000,100.00000000,14.9
1749262691,13.66000000,82.26900000,14.9
1749262691,13.65000000,39.12600000,14.9
1749262691,13.63000000,100.00000000,14.9
1749262691,13.61000000,1.54200000,14.9
1749262691,13.58000000,5.63400000,14.9
1749262691,13.53000000,0.44300000,14.9
1749262691,13.52000000,5.48100000,14.9
1749262691,13.51000000,5.66300000,14.9
1749262691,13.50000000,50.47700000,14.9
1749262691,13.47000000,0.41800000,14.9
1749262691,13.44000000,15.77800000,14.9
1749262691,13.43000000,106.62000000,14.9
1749262691,13.42000000,0.43500000,14.9
1749262691,13.41000000,0.41800000,14.9
1749262691,13.40000000,0.63100000,14.9
1749263000,14.90000000,5.33500000,14.92
1749263000,14.89000000,9.95300000,14.92
1749263000,14.88000000,6.70400000,14.92
1749263000,14.87000000,63.76700000,14.92
1749263000,14.86000000,97.08000000,14.92
1749263000,14.85000000,125.19200000,14.92
1749263000,14.84000000,100.40100000,14.92
1749263000,14.83000000,328.79300000,14.92
1749263000,14.82000000,293.28100000,14.92
1749263000,14.81000000,119.26200000,14.92
1749263000,14.80000000,56.63400000,14.92
1749263000,14.79000000,35.05400000,14.92
1749263000,14.78000000,22.53500000,14.92
1749263000,14.77000000,6.11900000,14.92
1749263000,14.76000000,20.25500000,14.92
1749263000,14.75000000,65.10400000,14.92
1749263000,14.74000000,0.84100000,14.92
1749263000,14.73000000,3.74200000,14.92
1749263000,14.72000000,17.72500000,14.92
1749263000,14.71000000,964.46800000,14.92
1749263000,14.70000000,21.38800000,14.92
1749263000,14.69000000,145.65000000,14.92
1749263000,14.68000000,15.87500000,14.92
1749263000,14.67000000,27.39000000,14.92
1749263000,14.66000000,0.47700000,14.92
1749263000,14.64000000,1.61200000,14.92
1749263000,14.62000000,115.44400000,14.92
1749263000,14.60000000,2.08600000,14.92
1749263000,14.59000000,22.37000000,14.92
1749263000,14.58000000,3.42900000,14.92
1749263000,14.57000000,1.02800000,14.92
1749263000,14.54000000,0.85200000,14.92
1749263000,14.51000000,5.27300000,14.92
1749263000,14.50000000,2.47700000,14.92
1749263000,14.46000000,1.03200000,14.92
1749263000,14.44000000,0.85800000,14.92
1749263000,14.43000000,42.21500000,14.92
1749263000,14.42000000,1.07200000,14.92
1749263000,14.41000000,4.56400000,14.92
1749263000,14.35000000,5.33200000,14.92
1749263000,14.34000000,0.86400000,14.92
1749263000,14.33000000,0.47700000,14.92
1749263000,14.30000000,2.00000000,14.92
1749263000,14.27000000,5.36200000,14.92
1749263000,14.24000000,1.50100000,14.92
1749263000,14.21000000,0.40100000,14.92
1749263000,14.19000000,5.39200000,14.92
1749263000,14.17000000,73.42100000,14.92
1749263000,14.16000000,0.47700000,14.92
1749263000,14.15000000,0.08600000,14.92
1749263000,14.12000000,1.58000000,14.92
1749263000,14.11000000,9.98700000,14.92
1749263000,14.10000000,1.51600000,14.92
1749263000,14.09000000,6.53600000,14.92
1749263000,14.07000000,0.77000000,14.92
1749263000,14.06000000,0.88100000,14.92
1749263000,14.05000000,53.55800000,14.92
1749263000,14.04000000,6.52200000,14.92
1749263000,14.03000000,1.63100000,14.92
1749263000,14.00000000,175.47600000,14.92
1749263000,13.97000000,2.93300000,14.92
1749263000,13.96000000,5.88200000,14.92
1749263000,13.94000000,2.15200000,14.92
1749263000,13.93000000,1.66400000,14.92
1749263000,13.92000000,101.40200000,14.92
1749263000,13.91000000,101.00000000,14.92
1749263000,13.90000000,177.40000000,14.92
1749263000,13.89000000,101.43200000,14.92
1749263000,13.88000000,122.32100000,14.92
1749263000,13.87000000,11.82500000,14.92
1749263000,13.85000000,13.29900000,14.92
1749263000,13.83000000,100.47700000,14.92
1749263000,13.82000000,5.19500000,14.92
1749263000,13.81000000,19.34600000,14.92
1749263000,13.80000000,102.00000000,14.92
1749263000,13.79000000,0.89900000,14.92
1749263000,13.78000000,14.01400000,14.92
1749263000,13.75000000,13.29900000,14.92
1749263000,13.73000000,5.57300000,14.92
1749263000,13.72000000,3.17400000,14.92
1749263000,13.71000000,13.70000000,14.92
1749263000,13.70000000,100.90500000,14.92
1749263000,13.69000000,100.00000000,14.92
1749263000,13.68000000,100.00000000,14.92
1749263000,13.67000000,100.00000000,14.92
1749263000,13.66000000,82.26900000,14.92
1749263000,13.65000000,39.12600000,14.92
1749263000,13.63000000,100.00000000,14.92
1749263000,13.61000000,1.54200000,14.92
1749263000,13.58000000,5.63400000,14.92
1749263000,13.53000000,0.44300000,14.92
1749263000,13.52000000,5.48100000,14.92
1749263000,13.51000000,5.66300000,14.92
1749263000,13.50000000,50.47700000,14.92
1749263000,13.47000000,0.41800000,14.92
1749263000,13.44000000,15.77800000,14.92
1749263000,13.43000000,106.62000000,14.92
1749263000,13.42000000,0.43500000,14.92
1749263000,13.41000000,0.41800000,14.92
1749263000,13.40000000,0.63100000,14.92
1749263308,14.90000000,30.28300000,14.91
1749263308,14.89000000,31.73600000,14.91
1749263308,14.88000000,95.70600000,14.91
1749263308,14.87000000,99.21000000,14.91
1749263308,14.86000000,113.97300000,14.91
1749263308,14.85000000,100.25700000,14.91
1749263308,14.84000000,319.57900000,14.91
1749263308,14.83000000,295.60800000,14.91
1749263308,14.82000000,78.97300000,14.91
1749263308,14.81000000,82.92000000,14.91
1749263308,14.80000000,51.54600000,14.91
1749263308,14.79000000,52.42100000,14.91
1749263308,14.78000000,16.68000000,14.91
1749263308,14.77000000,10.22900000,14.91
1749263308,14.76000000,9.67800000,14.91
1749263308,14.75000000,70.14900000,14.91
1749263308,14.74000000,11.09900000,14.91
1749263308,14.73000000,963.04500000,14.91
1749263308,14.72000000,33.28200000,14.91
1749263308,14.71000000,0.84100000,14.91
1749263308,14.70000000,33.48400000,14.91
1749263308,14.69000000,138.67600000,14.91
1749263308,14.68000000,17.65500000,14.91
1749263308,14.67000000,5.21600000,14.91
1749263308,14.66000000,0.47700000,14.91
1749263308,14.64000000,1.61200000,14.91
1749263308,14.63000000,9.96400000,14.91
1749263308,14.62000000,105.48000000,14.91
1749263308,14.60000000,2.08600000,14.91
1749263308,14.59000000,22.37000000,14.91
1749263308,14.58000000,3.42900000,14.91
1749263308,14.57000000,1.02800000,14.91
1749263308,14.54000000,0.85200000,14.91
1749263308,14.51000000,5.27300000,14.91
1749263308,14.50000000,2.47700000,14.91
1749263308,14.46000000,1.03200000,14.91
1749263308,14.44000000,0.85800000,14.91
1749263308,14.43000000,42.21500000,14.91
1749263308,14.42000000,1.07200000,14.91
1749263308,14.41000000,4.56400000,14.91
1749263308,14.35000000,5.33200000,14.91
1749263308,14.34000000,0.86400000,14.91
1749263308,14.33000000,0.47700000,14.91
1749263308,14.30000000,2.00000000,14.91
1749263308,14.27000000,5.36200000,14.91
1749263308,14.24000000,1.50100000,14.91
1749263308,14.21000000,0.40100000,14.91
1749263308,14.19000000,5.39200000,14.91
1749263308,14.17000000,73.42100000,14.91
1749263308,14.16000000,0.47700000,14.91
1749263308,14.15000000,0.08600000,14.91
1749263308,14.12000000,1.58000000,14.91
1749263308,14.11000000,9.98700000,14.91
1749263308,14.10000000,1.51600000,14.91
1749263308,14.09000000,6.53600000,14.91
1749263308,14.07000000,0.77000000,14.91
1749263308,14.06000000,0.88100000,14.91
1749263308,14.05000000,53.55800000,14.91
1749263308,14.04000000,6.52200000,14.91
1749263308,14.03000000,1.63100000,14.91
1749263308,14.00000000,175.47600000,14.91
1749263308,13.97000000,2.93300000,14.91
1749263308,13.96000000,5.88200000,14.91
1749263308,13.94000000,2.15200000,14.91
1749263308,13.93000000,1.66400000,14.91
1749263308,13.92000000,101.40200000,14.91
1749263308,13.91000000,101.00000000,14.91
1749263308,13.90000000,177.40000000,14.91
1749263308,13.89000000,101.43200000,14.91
1749263308,13.88000000,122.32100000,14.91
1749263308,13.87000000,11.82500000,14.91
1749263308,13.85000000,13.29900000,14.91
1749263308,13.83000000,100.47700000,14.91
1749263308,13.82000000,5.19500000,14.91
1749263308,13.81000000,19.34600000,14.91
1749263308,13.80000000,102.00000000,14.91
1749263308,13.79000000,0.89900000,14.91
1749263308,13.78000000,14.01400000,14.91
1749263308,13.75000000,13.29900000,14.91
1749263308,13.73000000,5.57300000,14.91
1749263308,13.72000000,3.17400000,14.91
1749263308,13.71000000,13.70000000,14.91
1749263308,13.70000000,100.90500000,14.91
1749263308,13.69000000,100.00000000,14.91
1749263308,13.68000000,100.00000000,14.91
1749263308,13.67000000,100.00000000,14.91
1749263308,13.66000000,82.26900000,14.91
1749263308,13.65000000,39.12600000,14.91
1749263308,13.63000000,100.00000000,14.91
1749263308,13.61000000,1.54200000,14.91
1749263308,13.58000000,5.63400000,14.91
1749263308,13.53000000,0.44300000,14.91
1749263308,13.52000000,5.48100000,14.91
1749263308,13.51000000,5.66300000,14.91
1749263308,13.50000000,50.47700000,14.91
1749263308,13.47000000,0.41800000,14.91
1749263308,13.44000000,15.77800000,14.91
1749263308,13.43000000,106.62000000,14.91
1749263308,13.42000000,0.43500000,14.91
1749263308,13.41000000,0.41800000,14.91
1749263610,14.89000000,2.81800000,14.92
1749263610,14.88000000,6.68800000,14.92
1749263610,14.87000000,34.97100000,14.92
1749263610,14.86000000,109.05500000,14.92
1749263610,14.85000000,104.93300000,14.92
1749263610,14.84000000,134.09600000,14.92
1749263610,14.83000000,350.66300000,14.92
1749263610,14.82000000,289.29200000,14.92
1749263610,14.81000000,64.77800000,14.92
1749263610,14.80000000,56.63400000,14.92
1749263610,14.79000000,89.61200000,14.92
1749263610,14.78000000,22.53500000,14.92
1749263610,14.77000000,5.13100000,14.92
1749263610,14.76000000,8.68800000,14.92
1749263610,14.75000000,41.18200000,14.92
1749263610,14.74000000,44.01700000,14.92
1749263610,14.73000000,6.75700000,14.92
1749263610,14.72000000,48.15400000,14.92
1749263610,14.71000000,962.15100000,14.92
1749263610,14.70000000,21.38800000,14.92
1749263610,14.69000000,145.65000000,14.92
1749263610,14.68000000,17.65500000,14.92
1749263610,14.67000000,10.34900000,14.92
1749263610,14.66000000,0.47700000,14.92
1749263610,14.64000000,1.61200000,14.92
1749263610,14.62000000,9.96400000,14.92
1749263610,14.60000000,2.08600000,14.92
1749263610,14.59000000,22.37000000,14.92
1749263610,14.58000000,3.42900000,14.92
1749263610,14.54000000,0.85200000,14.92
1749263610,14.51000000,5.27300000,14.92
1749263610,14.50000000,2.47700000,14.92
1749263610,14.46000000,1.03200000,14.92
1749263610,14.44000000,0.85800000,14.92
1749263610,14.43000000,42.21500000,14.92
1749263610,14.42000000,1.07200000,14.92
1749263610,14.41000000,4.56400000,14.92
1749263610,14.35000000,5.33200000,14.92
1749263610,14.34000000,0.86400000,14.92
1749263610,14.33000000,0.47700000,14.92
1749263610,14.30000000,2.00000000,14.92
1749263610,14.27000000,5.36200000,14.92
1749263610,14.24000000,1.50100000,14.92
1749263610,14.21000000,0.40100000,14.92
1749263610,14.19000000,5.39200000,14.92
1749263610,14.17000000,73.42100000,14.92
1749263610,14.16000000,146.39600000,14.92
1749263610,14.15000000,0.08600000,14.92
1749263610,14.12000000,1.58000000,14.92
1749263610,14.11000000,9.98700000,14.92
1749263610,14.10000000,1.51600000,14.92
1749263610,14.09000000,6.53600000,14.92
1749263610,14.07000000,0.77000000,14.92
1749263610,14.06000000,0.88100000,14.92
1749263610,14.05000000,53.55800000,14.92
1749263610,14.04000000,6.52200000,14.92
1749263610,14.03000000,1.63100000,14.92
1749263610,14.00000000,175.47600000,14.92
1749263610,13.97000000,2.93300000,14.92
1749263610,13.96000000,5.88200000,14.92
1749263610,13.94000000,2.15200000,14.92
1749263610,13.93000000,1.66400000,14.92
1749263610,13.92000000,101.40200000,14.92
1749263610,13.91000000,101.00000000,14.92
1749263610,13.90000000,177.40000000,14.92
1749263610,13.89000000,101.43200000,14.92
1749263610,13.88000000,122.32100000,14.92
1749263610,13.87000000,11.82500000,14.92
1749263610,13.85000000,13.29900000,14.92
1749263610,13.83000000,100.47700000,14.92
1749263610,13.82000000,5.19500000,14.92
1749263610,13.81000000,19.34600000,14.92
1749263610,13.80000000,102.00000000,14.92
1749263610,13.79000000,0.89900000,14.92
1749263610,13.78000000,14.01400000,14.92
1749263610,13.75000000,13.29900000,14.92
1749263610,13.73000000,5.57300000,14.92
1749263610,13.72000000,3.17400000,14.92
1749263610,13.71000000,13.70000000,14.92
1749263610,13.70000000,100.90500000,14.92
1749263610,13.69000000,100.00000000,14.92
1749263610,13.68000000,100.00000000,14.92
1749263610,13.67000000,100.00000000,14.92
1749263610,13.66000000,82.26900000,14.92
1749263610,13.65000000,39.12600000,14.92
1749263610,13.63000000,100.00000000,14.92
1749263610,13.61000000,1.54200000,14.92
1749263610,13.58000000,5.63400000,14.92
1749263610,13.53000000,0.44300000,14.92
1749263610,13.52000000,5.48100000,14.92
1749263610,13.51000000,5.66300000,14.92
1749263610,13.50000000,50.47700000,14.92
1749263610,13.47000000,0.41800000,14.92
1749263610,13.44000000,15.77800000,14.92
1749263610,13.43000000,106.62000000,14.92
1749263610,13.42000000,0.43500000,14.92
1749263610,13.41000000,0.41800000,14.92
1749263610,13.40000000,0.63100000,14.92
1749263610,13.38000000,0.44800000,14.92
1749263610,13.36000000,25.61500000,14.92
1749263912,14.90000000,9.00700000,14.93
1749263912,14.89000000,9.31300000,14.93
1749263912,14.88000000,113.48100000,14.93
1749263912,14.87000000,131.47300000,14.93
1749263912,14.86000000,39.71800000,14.93
1749263912,14.85000000,76.21500000,14.93
1749263912,14.84000000,590.59800000,14.93
1749263912,14.83000000,59.18200000,14.93
1749263912,14.82000000,78.97300000,14.93
1749263912,14.81000000,110.92000000,14.93
1749263912,14.80000000,45.12800000,14.93
1749263912,14.79000000,55.92000000,14.93
1749263912,14.78000000,5.13400000,14.93
1749263912,14.77000000,10.22900000,14.93
1749263912,14.76000000,6.54400000,14.93
1749263912,14.75000000,78.23200000,14.93
1749263912,14.74000000,17.79100000,14.93
1749263912,14.73000000,965.68700000,14.93
1749263912,14.72000000,32.12400000,14.93
1749263912,14.71000000,0.84100000,14.93
1749263912,14.70000000,28.36200000,14.93
1749263912,14.69000000,138.67600000,14.93
1749263912,14.68000000,17.65500000,14.93
1749263912,14.67000000,10.34900000,14.93
1749263912,14.66000000,0.47700000,14.93
1749263912,14.64000000,1.61200000,14.93
1749263912,14.63000000,9.96400000,14.93
1749263912,14.60000000,19.20100000,14.93
1749263912,14.59000000,5.24400000,14.93
1749263912,14.58000000,3.42900000,14.93
1749263912,14.54000000,0.85200000,14.93
1749263912,14.51000000,5.27300000,14.93
1749263912,14.50000000,2.47700000,14.93
1749263912,14.46000000,1.03200000,14.93
1749263912,14.44000000,0.85800000,14.93
1749263912,14.43000000,42.21500000,14.93
1749263912,14.42000000,1.07200000,14.93
1749263912,14.41000000,4.56400000,14.93
1749263912,14.35000000,5.33200000,14.93
1749263912,14.34000000,0.86400000,14.93
1749263912,14.33000000,0.47700000,14.93
1749263912,14.30000000,2.00000000,14.93
1749263912,14.27000000,5.36200000,14.93
1749263912,14.24000000,1.50100000,14.93
1749263912,14.21000000,0.40100000,14.93
1749263912,14.19000000,5.39200000,14.93
1749263912,14.17000000,73.42100000,14.93
1749263912,14.16000000,146.39600000,14.93
1749263912,14.15000000,0.08600000,14.93
1749263912,14.12000000,1.58000000,14.93
1749263912,14.11000000,9.98700000,14.93
1749263912,14.10000000,1.51600000,14.93
1749263912,14.09000000,6.53600000,14.93
1749263912,14.07000000,0.77000000,14.93
1749263912,14.06000000,0.88100000,14.93
1749263912,14.05000000,53.55800000,14.93
1749263912,14.04000000,6.52200000,14.93
1749263912,14.03000000,1.63100000,14.93
1749263912,14.00000000,175.47600000,14.93
1749263912,13.97000000,2.93300000,14.93
1749263912,13.96000000,5.88200000,14.93
1749263912,13.94000000,2.15200000,14.93
1749263912,13.93000000,1.66400000,14.93
1749263912,13.92000000,101.40200000,14.93
1749263912,13.91000000,101.00000000,14.93
1749263912,13.90000000,177.40000000,14.93
1749263912,13.89000000,101.43200000,14.93
1749263912,13.88000000,122.32100000,14.93
1749263912,13.87000000,11.82500000,14.93
1749263912,13.85000000,13.29900000,14.93
1749263912,13.83000000,100.47700000,14.93
1749263912,13.82000000,5.19500000,14.93
1749263912,13.81000000,19.34600000,14.93
1749263912,13.80000000,102.00000000,14.93
1749263912,13.79000000,0.89900000,14.93
1749263912,13.78000000,14.01400000,14.93
1749263912,13.75000000,13.29900000,14.93
1749263912,13.73000000,5.57300000,14.93
1749263912,13.72000000,3.17400000,14.93
1749263912,13.71000000,13.70000000,14.93
1749263912,13.70000000,100.90500000,14.93
1749263912,13.69000000,100.00000000,14.93
1749263912,13.68000000,100.00000000,14.93
1749263912,13.67000000,100.00000000,14.93
1749263912,13.66000000,82.26900000,14.93
1749263912,13.65000000,39.12600000,14.93
1749263912,13.63000000,100.00000000,14.93
1749263912,13.61000000,1.54200000,14.93
1749263912,13.58000000,5.63400000,14.93
1749263912,13.53000000,0.44300000,14.93
1749263912,13.52000000,5.48100000,14.93
1749263912,13.51000000,5.66300000,14.93
1749263912,13.50000000,50.47700000,14.93
1749263912,13.47000000,0.41800000,14.93
1749263912,13.44000000,15.77800000,14.93
1749263912,13.43000000,106.62000000,14.93
1749263912,13.42000000,0.43500000,14.93
1749263912,13.41000000,0.41800000,14.93
1749263912,13.40000000,0.63100000,14.93
1749263912,13.38000000,0.44800000,14.93
1749264213,14.93000000,5.22600000,14.96
1749264213,14.92000000,5.22700000,14.96
1749264213,14.91000000,9.19600000,14.96
1749264213,14.90000000,10.82600000,14.96
1749264213,14.89000000,28.53800000,14.96
1749264213,14.88000000,225.17500000,14.96
1749264213,14.87000000,89.28700000,14.96
1749264213,14.86000000,329.67200000,14.96
1749264213,14.85000000,331.76200000,14.96
1749264213,14.84000000,74.85600000,14.96
1749264213,14.83000000,94.95300000,14.96
1749264213,14.82000000,51.66600000,14.96
1749264213,14.81000000,28.43600000,14.96
1749264213,14.80000000,52.75700000,14.96
1749264213,14.79000000,46.64100000,14.96
1749264213,14.78000000,47.38800000,14.96
1749264213,14.77000000,5.13100000,14.96
1749264213,14.76000000,3.61800000,14.96
1749264213,14.75000000,28.72400000,14.96
1749264213,14.74000000,984.56400000,14.96
1749264213,14.73000000,148.64200000,14.96
1749264213,14.72000000,26.82100000,14.96
1749264213,14.71000000,0.84100000,14.96
1749264213,14.70000000,142.42200000,14.96
1749264213,14.68000000,17.66000000,14.96
1749264213,14.67000000,10.34900000,14.96
1749264213,14.66000000,10.44100000,14.96
1749264213,14.64000000,1.61200000,14.96
1749264213,14.62000000,1.02500000,14.96
1749264213,14.60000000,19.20100000,14.96
1749264213,14.59000000,5.24400000,14.96
1749264213,14.58000000,3.42900000,14.96
1749264213,14.54000000,0.85200000,14.96
1749264213,14.51000000,5.27300000,14.96
1749264213,14.50000000,2.47700000,14.96
1749264213,14.46000000,1.03200000,14.96
1749264213,14.44000000,0.85800000,14.96
1749264213,14.43000000,42.21500000,14.96
1749264213,14.42000000,1.07200000,14.96
1749264213,14.41000000,4.56400000,14.96
1749264213,14.35000000,5.33200000,14.96
1749264213,14.34000000,0.86400000,14.96
1749264213,14.33000000,0.47700000,14.96
1749264213,14.30000000,2.00000000,14.96
1749264213,14.27000000,5.36200000,14.96
1749264213,14.24000000,1.50100000,14.96
1749264213,14.21000000,0.40100000,14.96
1749264213,14.19000000,5.39200000,14.96
1749264213,14.17000000,73.42100000,14.96
1749264213,14.16000000,146.39600000,14.96
1749264213,14.15000000,0.08600000,14.96
1749264213,14.12000000,1.58000000,14.96
1749264213,14.11000000,9.98700000,14.96
1749264213,14.10000000,1.51600000,14.96
1749264213,14.09000000,6.53600000,14.96
1749264213,14.07000000,0.77000000,14.96
1749264213,14.06000000,0.88100000,14.96
1749264213,14.05000000,53.55800000,14.96
1749264213,14.04000000,6.52200000,14.96
1749264213,14.03000000,1.63100000,14.96
1749264213,14.00000000,175.47600000,14.96
1749264213,13.97000000,2.93300000,14.96
1749264213,13.96000000,5.88200000,14.96
1749264213,13.94000000,2.15200000,14.96
1749264213,13.93000000,1.66400000,14.96
1749264213,13.92000000,101.40200000,14.96
1749264213,13.91000000,101.00000000,14.96
1749264213,13.90000000,177.40000000,14.96
1749264213,13.89000000,101.43200000,14.96
1749264213,13.88000000,122.32100000,14.96
1749264213,13.87000000,11.82500000,14.96
1749264213,13.85000000,13.29900000,14.96
1749264213,13.83000000,100.47700000,14.96
1749264213,13.82000000,5.19500000,14.96
1749264213,13.81000000,19.34600000,14.96
1749264213,13.80000000,102.00000000,14.96
1749264213,13.79000000,0.89900000,14.96
1749264213,13.78000000,14.01400000,14.96
1749264213,13.75000000,13.29900000,14.96
1749264213,13.73000000,5.57300000,14.96
1749264213,13.72000000,3.17400000,14.96
1749264213,13.71000000,13.70000000,14.96
1749264213,13.70000000,100.90500000,14.96
1749264213,13.69000000,100.00000000,14.96
1749264213,13.68000000,100.00000000,14.96
1749264213,13.67000000,100.00000000,14.96
1749264213,13.66000000,82.26900000,14.96
1749264213,13.65000000,39.12600000,14.96
1749264213,13.63000000,100.00000000,14.96
1749264213,13.61000000,1.54200000,14.96
1749264213,13.58000000,5.63400000,14.96
1749264213,13.53000000,0.44300000,14.96
1749264213,13.52000000,5.48100000,14.96
1749264213,13.51000000,5.66300000,14.96
1749264213,13.50000000,50.47700000,14.96
1749264213,13.47000000,0.41800000,14.96
1749264213,13.44000000,15.77800000,14.96
1749264213,13.43000000,106.62000000,14.96
1749264213,13.42000000,0.43500000,14.96
1749264213,13.41000000,0.41800000,14.96
1749264515,14.90000000,26.80300000,14.9
1749264515,14.89000000,28.53800000,14.9
1749264515,14.88000000,27.23500000,14.9
1749264515,14.87000000,391.35000000,14.9
1749264515,14.86000000,156.18900000,14.9
1749264515,14.85000000,69.95300000,14.9
1749264515,14.84000000,92.56500000,14.9
1749264515,14.83000000,288.49800000,14.9
1749264515,14.82000000,106.95800000,14.9
1749264515,14.81000000,33.52000000,14.9
1749264515,14.80000000,105.65900000,14.9
1749264515,14.79000000,52.42100000,14.9
1749264515,14.78000000,11.88800000,14.9
1749264515,14.77000000,5.13100000,14.9
1749264515,14.76000000,21.01100000,14.9
1749264515,14.75000000,59.99900000,14.9
1749264515,14.74000000,37.97900000,14.9
1749264515,14.73000000,963.04500000,14.9
1749264515,14.72000000,18.99000000,14.9
1749264515,14.71000000,0.84100000,14.9
1749264515,14.70000000,28.36200000,14.9
1749264515,14.69000000,138.67600000,14.9
1749264515,14.68000000,17.66000000,14.9
1749264515,14.67000000,10.34900000,14.9
1749264515,14.66000000,0.47700000,14.9
1749264515,14.64000000,1.61200000,14.9
1749264515,14.63000000,9.96400000,14.9
1749264515,14.62000000,1.02500000,14.9
1749264515,14.61000000,106.35000000,14.9
1749264515,14.60000000,19.20100000,14.9
1749264515,14.59000000,5.24400000,14.9
1749264515,14.58000000,3.42900000,14.9
1749264515,14.54000000,0.85200000,14.9
1749264515,14.51000000,5.27300000,14.9
1749264515,14.50000000,2.47700000,14.9
1749264515,14.46000000,1.03200000,14.9
1749264515,14.44000000,0.85800000,14.9
1749264515,14.43000000,42.21500000,14.9
1749264515,14.42000000,1.07200000,14.9
1749264515,14.41000000,4.56400000,14.9
1749264515,14.35000000,5.33200000,14.9
1749264515,14.34000000,0.86400000,14.9
1749264515,14.33000000,0.47700000,14.9
1749264515,14.30000000,2.00000000,14.9
1749264515,14.27000000,5.36200000,14.9
1749264515,14.24000000,1.50100000,14.9
1749264515,14.21000000,0.40100000,14.9
1749264515,14.19000000,5.39200000,14.9
1749264515,14.17000000,73.42100000,14.9
1749264515,14.16000000,0.47700000,14.9
1749264515,14.15000000,0.08600000,14.9
1749264515,14.12000000,1.58000000,14.9
1749264515,14.11000000,9.98700000,14.9
1749264515,14.10000000,1.51600000,14.9
1749264515,14.09000000,6.53600000,14.9
1749264515,14.07000000,0.77000000,14.9
1749264515,14.06000000,0.88100000,14.9
1749264515,14.05000000,53.55800000,14.9
1749264515,14.04000000,6.52200000,14.9
1749264515,14.03000000,1.63100000,14.9
1749264515,14.00000000,175.47600000,14.9
1749264515,13.97000000,2.93300000,14.9
1749264515,13.96000000,5.88200000,14.9
1749264515,13.94000000,2.15200000,14.9
1749264515,13.93000000,1.66400000,14.9
1749264515,13.92000000,101.40200000,14.9
1749264515,13.91000000,101.00000000,14.9
1749264515,13.90000000,177.40000000,14.9
1749264515,13.89000000,101.43200000,14.9
1749264515,13.88000000,122.32100000,14.9
1749264515,13.87000000,11.82500000,14.9
1749264515,13.85000000,13.29900000,14.9
1749264515,13.83000000,100.47700000,14.9
1749264515,13.82000000,5.19500000,14.9
1749264515,13.81000000,19.34600000,14.9
1749264515,13.80000000,102.00000000,14.9
1749264515,13.79000000,0.89900000,14.9
1749264515,13.78000000,14.01400000,14.9
1749264515,13.75000000,13.29900000,14.9
1749264515,13.73000000,5.57300000,14.9
1749264515,13.72000000,3.17400000,14.9
1749264515,13.71000000,13.70000000,14.9
1749264515,13.70000000,100.90500000,14.9
1749264515,13.69000000,100.00000000,14.9
1749264515,13.68000000,100.00000000,14.9
1749264515,13.67000000,100.00000000,14.9
1749264515,13.66000000,82.26900000,14.9
1749264515,13.65000000,39.12600000,14.9
1749264515,13.63000000,100.00000000,14.9
1749264515,13.61000000,1.54200000,14.9
1749264515,13.58000000,5.63400000,14.9
1749264515,13.53000000,0.44300000,14.9
1749264515,13.52000000,5.48100000,14.9
1749264515,13.51000000,5.66300000,14.9
1749264515,13.50000000,50.47700000,14.9
1749264515,13.47000000,0.41800000,14.9
1749264515,13.44000000,15.77800000,14.9
1749264515,13.43000000,106.62000000,14.9
1749264515,13.42000000,0.43500000,14.9
1749264515,13.41000000,0.41800000,14.9
1749264816,14.97000000,5.27600000,14.98
1749264816,14.96000000,9.49900000,14.98
1749264816,14.95000000,9.23500000,14.98
1749264816,14.94000000,13.32900000,14.98
1749264816,14.93000000,51.10200000,14.98
1749264816,14.92000000,361.08900000,14.98
1749264816,14.91000000,266.82300000,14.98
1749264816,14.90000000,27.57900000,14.98
1749264816,14.89000000,153.51200000,14.98
1749264816,14.88000000,72.96000000,14.98
1749264816,14.87000000,173.15000000,14.98
1749264816,14.86000000,59.83100000,14.98
1749264816,14.85000000,54.65500000,14.98
1749264816,14.84000000,38.57800000,14.98
1749264816,14.83000000,37.61300000,14.98
1749264816,14.82000000,79.45800000,14.98
1749264816,14.81000000,28.43600000,14.98
1749264816,14.80000000,33.77900000,14.98
1749264816,14.79000000,35.05400000,14.98
1749264816,14.78000000,960.82000000,14.98
1749264816,14.77000000,35.78500000,14.98
1749264816,14.76000000,24.01200000,14.98
1749264816,14.75000000,21.95700000,14.98
1749264816,14.74000000,19.29900000,14.98
1749264816,14.73000000,141.66800000,14.98
1749264816,14.71000000,5.96000000,14.98
1749264816,14.70000000,31.35100000,14.98
1749264816,14.68000000,17.66000000,14.98
1749264816,14.67000000,5.21600000,14.98
1749264816,14.66000000,1.49900000,14.98
1749264816,14.64000000,107.89200000,14.98
1749264816,14.61000000,17.10300000,14.98
1749264816,14.60000000,2.08600000,14.98
1749264816,14.59000000,5.24400000,14.98
1749264816,14.58000000,3.42900000,14.98
1749264816,14.54000000,0.85200000,14.98
1749264816,14.51000000,5.27300000,14.98
1749264816,14.50000000,2.47700000,14.98
1749264816,14.46000000,1.03200000,14.98
1749264816,14.44000000,0.85800000,14.98
1749264816,14.43000000,42.21500000,14.98
1749264816,14.42000000,1.07200000,14.98
1749264816,14.41000000,4.56400000,14.98
1749264816,14.35000000,5.33200000,14.98
1749264816,14.34000000,0.86400000,14.98
1749264816,14.33000000,0.47700000,14.98
1749264816,14.30000000,2.00000000,14.98
1749264816,14.27000000,5.36200000,14.98
1749264816,14.24000000,1.50100000,14.98
1749264816,14.21000000,0.40100000,14.98
1749264816,14.19000000,5.39200000,14.98
1749264816,14.17000000,73.42100000,14.98
1749264816,14.16000000,0.47700000,14.98
1749264816,14.15000000,0.08600000,14.98
1749264816,14.12000000,1.58000000,14.98
1749264816,14.11000000,9.98700000,14.98
1749264816,14.10000000,1.51600000,14.98
1749264816,14.09000000,6.53600000,14.98
1749264816,14.07000000,0.77000000,14.98
1749264816,14.06000000,0.88100000,14.98
1749264816,14.05000000,53.55800000,14.98
1749264816,14.04000000,6.52200000,14.98
1749264816,14.03000000,1.63100000,14.98
1749264816,14.00000000,175.47600000,14.98
1749264816,13.97000000,2.93300000,14.98
1749264816,13.96000000,5.88200000,14.98
1749264816,13.94000000,2.15200000,14.98
1749264816,13.93000000,1.66400000,14.98
1749264816,13.92000000,101.40200000,14.98
1749264816,13.91000000,101.00000000,14.98
1749264816,13.90000000,177.40000000,14.98
1749264816,13.89000000,101.43200000,14.98
1749264816,13.88000000,122.32100000,14.98
1749264816,13.87000000,11.82500000,14.98
1749264816,13.85000000,13.29900000,14.98
1749264816,13.83000000,100.47700000,14.98
1749264816,13.82000000,5.19500000,14.98
1749264816,13.81000000,19.34600000,14.98
1749264816,13.80000000,102.00000000,14.98
1749264816,13.79000000,0.89900000,14.98
1749264816,13.78000000,14.01400000,14.98
1749264816,13.75000000,13.29900000,14.98
1749264816,13.73000000,5.57300000,14.98
1749264816,13.72000000,3.17400000,14.98
1749264816,13.71000000,13.70000000,14.98
1749264816,13.70000000,100.90500000,14.98
1749264816,13.69000000,100.00000000,14.98
1749264816,13.68000000,100.00000000,14.98
1749264816,13.67000000,100.00000000,14.98
1749264816,13.66000000,82.26900000,14.98
1749264816,13.65000000,39.12600000,14.98
1749264816,13.63000000,100.00000000,14.98
1749264816,13.61000000,1.54200000,14.98
1749264816,13.58000000,5.63400000,14.98
1749264816,13.53000000,0.44300000,14.98
1749264816,13.52000000,5.48100000,14.98
1749264816,13.51000000,5.66300000,14.98
1749264816,13.50000000,50.47700000,14.98
1749264816,13.47000000,0.41800000,14.98
1749264816,13.44000000,15.77800000,14.98
1749265118,14.98000000,18.79000000,14.98
1749265118,14.97000000,17.19400000,14.98
1749265118,14.96000000,35.84400000,14.98
1749265118,14.95000000,30.86000000,14.98
1749265118,14.94000000,373.94200000,14.98
1749265118,14.93000000,264.23300000,14.98
1749265118,14.92000000,71.11900000,14.98
1749265118,14.91000000,187.04100000,14.98
1749265118,14.90000000,93.80700000,14.98
1749265118,14.89000000,72.30400000,14.98
1749265118,14.88000000,33.91200000,14.98
1749265118,14.87000000,85.23600000,14.98
1749265118,14.86000000,65.42700000,14.98
1749265118,14.85000000,40.05900000,14.98
1749265118,14.84000000,34.48100000,14.98
1749265118,14.83000000,36.63500000,14.98
1749265118,14.82000000,79.45800000,14.98
1749265118,14.81000000,37.05300000,14.98
1749265118,14.80000000,968.77800000,14.98
1749265118,14.79000000,9.14400000,14.98
1749265118,14.78000000,5.13400000,14.98
1749265118,14.77000000,166.95100000,14.98
1749265118,14.76000000,20.87800000,14.98
1749265118,14.75000000,21.95700000,14.98
1749265118,14.74000000,28.90900000,14.98
1749265118,14.73000000,3.36900000,14.98
1749265118,14.71000000,5.96000000,14.98
1749265118,14.70000000,31.35100000,14.98
1749265118,14.68000000,0.63100000,14.98
1749265118,14.67000000,5.21600000,14.98
1749265118,14.66000000,1.49900000,14.98
1749265118,14.64000000,107.89200000,14.98
1749265118,14.61000000,17.10300000,14.98
1749265118,14.60000000,2.08600000,14.98
1749265118,14.59000000,5.24400000,14.98
1749265118,14.58000000,3.42900000,14.98
1749265118,14.54000000,0.85200000,14.98
1749265118,14.51000000,5.27300000,14.98
1749265118,14.50000000,2.47700000,14.98
1749265118,14.46000000,1.03200000,14.98
1749265118,14.44000000,0.85800000,14.98
1749265118,14.43000000,42.21500000,14.98
1749265118,14.42000000,1.07200000,14.98
1749265118,14.41000000,4.56400000,14.98
1749265118,14.35000000,5.33200000,14.98
1749265118,14.34000000,0.86400000,14.98
1749265118,14.33000000,0.47700000,14.98
1749265118,14.30000000,2.00000000,14.98
1749265118,14.27000000,5.36200000,14.98
1749265118,14.24000000,1.50100000,14.98
1749265118,14.21000000,0.40100000,14.98
1749265118,14.19000000,5.39200000,14.98
1749265118,14.17000000,73.42100000,14.98
1749265118,14.16000000,0.47700000,14.98
1749265118,14.15000000,0.08600000,14.98
1749265118,14.12000000,1.58000000,14.98
1749265118,14.11000000,9.98700000,14.98
1749265118,14.10000000,1.51600000,14.98
1749265118,14.09000000,6.53600000,14.98
1749265118,14.07000000,0.77000000,14.98
1749265118,14.06000000,0.88100000,14.98
1749265118,14.05000000,53.55800000,14.98
1749265118,14.04000000,6.52200000,14.98
1749265118,14.03000000,1.63100000,14.98
1749265118,14.00000000,175.47600000,14.98
1749265118,13.97000000,2.93300000,14.98
1749265118,13.96000000,5.88200000,14.98
1749265118,13.94000000,2.15200000,14.98
1749265118,13.93000000,1.66400000,14.98
1749265118,13.92000000,101.40200000,14.98
1749265118,13.91000000,101.00000000,14.98
1749265118,13.90000000,177.40000000,14.98
1749265118,13.89000000,101.43200000,14.98
1749265118,13.88000000,122.32100000,14.98
1749265118,13.87000000,11.82500000,14.98
1749265118,13.85000000,13.29900000,14.98
1749265118,13.83000000,100.47700000,14.98
1749265118,13.82000000,5.19500000,14.98
1749265118,13.81000000,19.34600000,14.98
1749265118,13.80000000,102.00000000,14.98
1749265118,13.79000000,0.89900000,14.98
1749265118,13.78000000,14.01400000,14.98
1749265118,13.75000000,13.29900000,14.98
1749265118,13.73000000,5.57300000,14.98
1749265118,13.72000000,3.17400000,14.98
1749265118,13.71000000,13.70000000,14.98
1749265118,13.70000000,100.90500000,14.98
1749265118,13.69000000,100.00000000,14.98
1749265118,13.68000000,100.00000000,14.98
1749265118,13.67000000,100.00000000,14.98
1749265118,13.66000000,82.26900000,14.98
1749265118,13.65000000,39.12600000,14.98
1749265118,13.63000000,100.00000000,14.98
1749265118,13.61000000,1.54200000,14.98
1749265118,13.58000000,5.63400000,14.98
1749265118,13.53000000,0.44300000,14.98
1749265118,13.52000000,5.48100000,14.98
1749265118,13.51000000,5.66300000,14.98
1749265118,13.50000000,50.47700000,14.98
1749265118,13.47000000,0.41800000,14.98
1749265419,15.00000000,0.95300000,14.99
1749265419,14.99000000,6.56700000,14.99
1749265419,14.98000000,15.70200000,14.99
1749265419,14.97000000,34.84100000,14.99
1749265419,14.96000000,55.08100000,14.99
1749265419,14.95000000,95.60400000,14.99
1749265419,14.94000000,56.29400000,14.99
1749265419,14.93000000,57.14400000,14.99
1749265419,14.92000000,438.47700000,14.99
1749265419,14.91000000,323.05100000,14.99
1749265419,14.90000000,115.06900000,14.99
1749265419,14.89000000,49.42600000,14.99
1749265419,14.88000000,35.75700000,14.99
1749265419,14.87000000,33.27900000,14.99
1749265419,14.86000000,49.45800000,14.99
1749265419,14.85000000,41.20700000,14.99
1749265419,14.84000000,71.31500000,14.99
1749265419,14.83000000,37.37500000,14.99
1749265419,14.82000000,48.24400000,14.99
1749265419,14.81000000,971.75300000,14.99
1749265419,14.80000000,7.14400000,14.99
1749265419,14.79000000,10.97400000,14.99
1749265419,14.78000000,19.06700000,14.99
1749265419,14.77000000,154.84600000,14.99
1749265419,14.76000000,112.09400000,14.99
1749265419,14.75000000,27.06200000,14.99
1749265419,14.74000000,17.79100000,14.99
1749265419,14.73000000,3.36900000,14.99
1749265419,14.72000000,10.36400000,14.99
1749265419,14.71000000,0.84100000,14.99
1749265419,14.70000000,21.38800000,14.99
1749265419,14.68000000,0.63100000,14.99
1749265419,14.67000000,5.21600000,14.99
1749265419,14.66000000,0.47700000,14.99
1749265419,14.64000000,1.61200000,14.99
1749265419,14.61000000,17.10300000,14.99
1749265419,14.60000000,2.08600000,14.99
1749265419,14.59000000,5.24400000,14.99
1749265419,14.58000000,3.42900000,14.99
1749265419,14.54000000,0.85200000,14.99
1749265419,14.51000000,5.27300000,14.99
1749265419,14.50000000,2.47700000,14.99
1749265419,14.46000000,1.03200000,14.99
1749265419,14.44000000,0.85800000,14.99
1749265419,14.43000000,42.21500000,14.99
1749265419,14.42000000,1.07200000,14.99
1749265419,14.41000000,4.56400000,14.99
1749265419,14.35000000,5.33200000,14.99
1749265419,14.34000000,0.86400000,14.99
1749265419,14.33000000,0.47700000,14.99
1749265419,14.30000000,2.00000000,14.99
1749265419,14.27000000,5.36200000,14.99
1749265419,14.24000000,1.50100000,14.99
1749265419,14.21000000,0.40100000,14.99
1749265419,14.19000000,5.39200000,14.99
1749265419,14.17000000,73.42100000,14.99
1749265419,14.16000000,0.47700000,14.99
1749265419,14.15000000,0.08600000,14.99
1749265419,14.12000000,1.58000000,14.99
1749265419,14.11000000,9.98700000,14.99
1749265419,14.10000000,156.11500000,14.99
1749265419,14.09000000,6.53600000,14.99
1749265419,14.07000000,0.77000000,14.99
1749265419,14.06000000,0.88100000,14.99
1749265419,14.05000000,53.55800000,14.99
1749265419,14.04000000,6.52200000,14.99
1749265419,14.03000000,1.63100000,14.99
1749265419,14.00000000,175.47600000,14.99
1749265419,13.97000000,2.93300000,14.99
1749265419,13.96000000,5.88200000,14.99
1749265419,13.94000000,2.15200000,14.99
1749265419,13.93000000,1.66400000,14.99
1749265419,13.92000000,101.40200000,14.99
1749265419,13.91000000,101.00000000,14.99
1749265419,13.90000000,177.40000000,14.99
1749265419,13.89000000,101.43200000,14.99
1749265419,13.88000000,122.32100000,14.99
1749265419,13.87000000,11.82500000,14.99
1749265419,13.85000000,13.29900000,14.99
1749265419,13.83000000,100.47700000,14.99
1749265419,13.82000000,5.19500000,14.99
1749265419,13.81000000,19.34600000,14.99
1749265419,13.80000000,102.00000000,14.99
1749265419,13.79000000,0.89900000,14.99
1749265419,13.78000000,14.01400000,14.99
1749265419,13.75000000,13.29900000,14.99
1749265419,13.73000000,5.57300000,14.99
1749265419,13.72000000,3.17400000,14.99
1749265419,13.71000000,13.70000000,14.99
1749265419,13.70000000,100.90500000,14.99
1749265419,13.69000000,100.00000000,14.99
1749265419,13.68000000,100.00000000,14.99
1749265419,13.67000000,100.00000000,14.99
1749265419,13.66000000,82.26900000,14.99
1749265419,13.65000000,39.12600000,14.99
1749265419,13.63000000,100.00000000,14.99
1749265419,13.61000000,1.54200000,14.99
1749265419,13.58000000,5.63400000,14.99
1749265419,13.53000000,0.44300000,14.99
1749265419,13.52000000,5.48100000,14.99
1749265725,15.00000000,3.31100000,15.0
1749265725,14.99000000,7.14600000,15.0
1749265725,14.98000000,19.08600000,15.0
1749265725,14.97000000,85.56300000,15.0
1749265725,14.96000000,55.08000000,15.0
1749265725,14.95000000,34.26400000,15.0
1749265725,14.94000000,104.56600000,15.0
1749265725,14.93000000,340.45100000,15.0
1749265725,14.92000000,416.22500000,15.0
1749265725,14.91000000,67.21800000,15.0
1749265725,14.90000000,60.92900000,15.0
1749265725,14.89000000,86.53900000,15.0
1749265725,14.88000000,52.81200000,15.0
1749265725,14.87000000,30.97100000,15.0
1749265725,14.86000000,50.43100000,15.0
1749265725,14.85000000,40.23300000,15.0
1749265725,14.84000000,88.15800000,15.0
1749265725,14.83000000,37.37500000,15.0
1749265725,14.82000000,5.51500000,15.0
1749265725,14.81000000,971.75300000,15.0
1749265725,14.80000000,26.10800000,15.0
1749265725,14.79000000,8.94000000,15.0
1749265725,14.77000000,137.92400000,15.0
1749265725,14.75000000,27.06200000,15.0
1749265725,14.74000000,17.79100000,15.0
1749265725,14.73000000,109.19900000,15.0
1749265725,14.72000000,0.40100000,15.0
1749265725,14.71000000,17.83000000,15.0
1749265725,14.70000000,21.38800000,15.0
1749265725,14.68000000,0.63100000,15.0
1749265725,14.67000000,5.21600000,15.0
1749265725,14.66000000,0.47700000,15.0
1749265725,14.64000000,1.61200000,15.0
1749265725,14.60000000,2.08600000,15.0
1749265725,14.59000000,5.24400000,15.0
1749265725,14.58000000,3.42900000,15.0
1749265725,14.54000000,0.85200000,15.0
1749265725,14.51000000,5.27300000,15.0
1749265725,14.50000000,2.47700000,15.0
1749265725,14.46000000,1.03200000,15.0
1749265725,14.44000000,0.85800000,15.0
1749265725,14.43000000,42.21500000,15.0
1749265725,14.42000000,1.07200000,15.0
1749265725,14.41000000,4.56400000,15.0
1749265725,14.35000000,5.33200000,15.0
1749265725,14.34000000,0.86400000,15.0
1749265725,14.33000000,0.47700000,15.0
1749265725,14.30000000,2.00000000,15.0
1749265725,14.27000000,5.36200000,15.0
1749265725,14.24000000,1.50100000,15.0
1749265725,14.21000000,0.40100000,15.0
1749265725,14.19000000,5.39200000,15.0
1749265725,14.17000000,73.42100000,15.0
1749265725,14.16000000,0.47700000,15.0
1749265725,14.15000000,0.08600000,15.0
1749265725,14.12000000,1.58000000,15.0
1749265725,14.11000000,9.98700000,15.0
1749265725,14.10000000,156.11500000,15.0
1749265725,14.09000000,6.53600000,15.0
1749265725,14.07000000,0.77000000,15.0
1749265725,14.06000000,0.88100000,15.0
1749265725,14.05000000,53.55800000,15.0
1749265725,14.04000000,6.52200000,15.0
1749265725,14.03000000,1.63100000,15.0
1749265725,14.00000000,175.47600000,15.0
1749265725,13.97000000,2.93300000,15.0
1749265725,13.96000000,5.88200000,15.0
1749265725,13.94000000,2.15200000,15.0
1749265725,13.93000000,1.66400000,15.0
1749265725,13.92000000,101.40200000,15.0
1749265725,13.91000000,101.00000000,15.0
1749265725,13.90000000,177.40000000,15.0
1749265725,13.89000000,101.43200000,15.0
1749265725,13.88000000,122.32100000,15.0
1749265725,13.87000000,11.82500000,15.0
1749265725,13.85000000,13.29900000,15.0
1749265725,13.83000000,100.47700000,15.0
1749265725,13.82000000,5.19500000,15.0
1749265725,13.81000000,19.34600000,15.0
1749265725,13.80000000,102.00000000,15.0
1749265725,13.79000000,0.89900000,15.0
1749265725,13.78000000,14.01400000,15.0
1749265725,13.75000000,13.29900000,15.0
1749265725,13.73000000,5.57300000,15.0
1749265725,13.72000000,3.17400000,15.0
1749265725,13.71000000,13.70000000,15.0
1749265725,13.70000000,100.90500000,15.0
1749265725,13.69000000,100.00000000,15.0
1749265725,13.68000000,100.00000000,15.0
1749265725,13.67000000,100.00000000,15.0
1749265725,13.66000000,82.26900000,15.0
1749265725,13.65000000,39.12600000,15.0
1749265725,13.63000000,100.00000000,15.0
1749265725,13.61000000,1.54200000,15.0
1749265725,13.58000000,5.63400000,15.0
1749265725,13.53000000,0.44300000,15.0
1749265725,13.52000000,5.48100000,15.0
1749265725,13.51000000,5.66300000,15.0
1749265725,13.50000000,50.47700000,15.0
1749265725,13.47000000,0.41800000,15.0
1749266027,15.01000000,6.06500000,15.01
1749266027,15.00000000,12.19600000,15.01
1749266027,14.99000000,35.33500000,15.01
1749266027,14.98000000,80.27200000,15.01
1749266027,14.97000000,45.78600000,15.01
1749266027,14.96000000,114.42300000,15.01
1749266027,14.95000000,43.16900000,15.01
1749266027,14.94000000,663.53800000,15.01
1749266027,14.93000000,79.34500000,15.01
1749266027,14.92000000,127.82100000,15.01
1749266027,14.91000000,30.92600000,15.01
1749266027,14.90000000,96.36800000,15.01
1749266027,14.89000000,45.55900000,15.01
1749266027,14.88000000,35.75700000,15.01
1749266027,14.87000000,31.94200000,15.01
1749266027,14.86000000,29.78000000,15.01
1749266027,14.85000000,81.55200000,15.01
1749266027,14.84000000,1008.69200000,15.01
1749266027,14.83000000,10.80300000,15.01
1749266027,14.82000000,15.08000000,15.01
1749266027,14.81000000,155.55500000,15.01
1749266027,14.80000000,12.34600000,15.01
1749266027,14.79000000,8.26300000,15.01
1749266027,14.78000000,5.09500000,15.01
1749266027,14.77000000,16.91600000,15.01
1749266027,14.75000000,21.95700000,15.01
1749266027,14.74000000,0.84100000,15.01
1749266027,14.73000000,119.16200000,15.01
1749266027,14.72000000,0.40100000,15.01
1749266027,14.71000000,17.83000000,15.01
1749266027,14.70000000,21.38800000,15.01
1749266027,14.68000000,0.63100000,15.01
1749266027,14.67000000,5.21600000,15.01
1749266027,14.66000000,0.47700000,15.01
1749266027,14.64000000,1.61200000,15.01
1749266027,14.60000000,2.08600000,15.01
1749266027,14.59000000,5.24400000,15.01
1749266027,14.58000000,3.42900000,15.01
1749266027,14.54000000,0.85200000,15.01
1749266027,14.51000000,5.27300000,15.01
1749266027,14.50000000,2.47700000,15.01
1749266027,14.46000000,1.03200000,15.01
1749266027,14.44000000,0.85800000,15.01
1749266027,14.43000000,42.21500000,15.01
1749266027,14.42000000,1.07200000,15.01
1749266027,14.41000000,4.56400000,15.01
1749266027,14.35000000,5.33200000,15.01
1749266027,14.34000000,0.86400000,15.01
1749266027,14.33000000,0.47700000,15.01
1749266027,14.30000000,2.00000000,15.01
1749266027,14.27000000,5.36200000,15.01
1749266027,14.24000000,1.50100000,15.01
1749266027,14.21000000,0.40100000,15.01
1749266027,14.19000000,5.39200000,15.01
1749266027,14.17000000,73.42100000,15.01
1749266027,14.16000000,0.47700000,15.01
1749266027,14.15000000,0.08600000,15.01
1749266027,14.12000000,1.58000000,15.01
1749266027,14.11000000,9.98700000,15.01
1749266027,14.10000000,156.11500000,15.01
1749266027,14.09000000,6.53600000,15.01
1749266027,14.07000000,0.77000000,15.01
1749266027,14.06000000,0.88100000,15.01
1749266027,14.05000000,53.55800000,15.01
1749266027,14.04000000,6.52200000,15.01
1749266027,14.03000000,1.63100000,15.01
1749266027,14.00000000,175.47600000,15.01
1749266027,13.97000000,2.93300000,15.01
1749266027,13.96000000,5.88200000,15.01
1749266027,13.94000000,2.15200000,15.01
1749266027,13.93000000,1.66400000,15.01
1749266027,13.92000000,101.40200000,15.01
1749266027,13.91000000,101.00000000,15.01
1749266027,13.90000000,177.40000000,15.01
1749266027,13.89000000,101.43200000,15.01
1749266027,13.88000000,122.32100000,15.01
1749266027,13.87000000,11.82500000,15.01
1749266027,13.85000000,13.29900000,15.01
1749266027,13.83000000,100.47700000,15.01
1749266027,13.82000000,5.19500000,15.01
1749266027,13.81000000,19.34600000,15.01
1749266027,13.80000000,102.00000000,15.01
1749266027,13.79000000,0.89900000,15.01
1749266027,13.78000000,14.01400000,15.01
1749266027,13.75000000,13.29900000,15.01
1749266027,13.73000000,5.57300000,15.01
1749266027,13.72000000,3.17400000,15.01
1749266027,13.71000000,13.70000000,15.01
1749266027,13.70000000,100.90500000,15.01
1749266027,13.69000000,100.00000000,15.01
1749266027,13.68000000,100.00000000,15.01
1749266027,13.67000000,100.00000000,15.01
1749266027,13.66000000,82.26900000,15.01
1749266027,13.65000000,39.12600000,15.01
1749266027,13.63000000,100.00000000,15.01
1749266027,13.61000000,1.54200000,15.01
1749266027,13.58000000,5.63400000,15.01
1749266027,13.53000000,0.44300000,15.01
1749266027,13.52000000,5.48100000,15.01
1749266027,13.51000000,5.66300000,15.01
1749266329,15.02000000,15.74600000,15.03
1749266329,15.01000000,15.49300000,15.03
1749266329,15.00000000,32.09400000,15.03
1749266329,14.99000000,108.70500000,15.03
1749266329,14.98000000,61.59600000,15.03
1749266329,14.97000000,59.95100000,15.03
1749266329,14.96000000,396.96600000,15.03
1749266329,14.95000000,335.21200000,15.03
1749266329,14.94000000,104.00600000,15.03
1749266329,14.93000000,32.72500000,15.03
1749266329,14.92000000,103.01800000,15.03
1749266329,14.91000000,35.97600000,15.03
1749266329,14.90000000,40.20300000,15.03
1749266329,14.89000000,38.72200000,15.03
1749266329,14.88000000,30.69700000,15.03
1749266329,14.87000000,68.70600000,15.03
1749266329,14.86000000,29.78000000,15.03
1749266329,14.85000000,57.57900000,15.03
1749266329,14.84000000,976.35400000,15.03
1749266329,14.83000000,10.80300000,15.03
1749266329,14.82000000,12.11800000,15.03
1749266329,14.81000000,155.55500000,15.03
1749266329,14.80000000,2.00000000,15.03
1749266329,14.79000000,4.00000000,15.03
1749266329,14.78000000,5.09500000,15.03
1749266329,14.77000000,16.91600000,15.03
1749266329,14.75000000,31.92000000,15.03
1749266329,14.74000000,0.84100000,15.03
1749266329,14.73000000,109.19900000,15.03
1749266329,14.72000000,0.40100000,15.03
1749266329,14.71000000,17.83000000,15.03
1749266329,14.70000000,21.38800000,15.03
1749266329,14.68000000,0.63100000,15.03
1749266329,14.67000000,5.21600000,15.03
1749266329,14.66000000,0.47700000,15.03
1749266329,14.64000000,1.61200000,15.03
1749266329,14.60000000,2.08600000,15.03
1749266329,14.59000000,5.24400000,15.03
1749266329,14.58000000,3.42900000,15.03
1749266329,14.54000000,0.85200000,15.03
1749266329,14.53000000,38.73900000,15.03
1749266329,14.51000000,5.27300000,15.03
1749266329,14.50000000,2.47700000,15.03
1749266329,14.46000000,1.03200000,15.03
1749266329,14.44000000,0.85800000,15.03
1749266329,14.43000000,3.91800000,15.03
1749266329,14.42000000,1.07200000,15.03
1749266329,14.41000000,4.56400000,15.03
1749266329,14.35000000,155.20900000,15.03
1749266329,14.34000000,0.86400000,15.03
1749266329,14.33000000,0.47700000,15.03
1749266329,14.30000000,2.00000000,15.03
1749266329,14.27000000,5.36200000,15.03
1749266329,14.24000000,1.50100000,15.03
1749266329,14.21000000,0.40100000,15.03
1749266329,14.19000000,5.39200000,15.03
1749266329,14.17000000,73.42100000,15.03
1749266329,14.16000000,0.47700000,15.03
1749266329,14.15000000,0.08600000,15.03
1749266329,14.12000000,1.58000000,15.03
1749266329,14.11000000,9.98700000,15.03
1749266329,14.10000000,1.51600000,15.03
1749266329,14.09000000,6.53600000,15.03
1749266329,14.07000000,0.77000000,15.03
1749266329,14.06000000,0.88100000,15.03
1749266329,14.05000000,53.55800000,15.03
1749266329,14.04000000,6.52200000,15.03
1749266329,14.03000000,1.63100000,15.03
1749266329,14.00000000,175.47600000,15.03
1749266329,13.97000000,2.93300000,15.03
1749266329,13.96000000,5.88200000,15.03
1749266329,13.94000000,2.15200000,15.03
1749266329,13.93000000,1.66400000,15.03
1749266329,13.92000000,101.40200000,15.03
1749266329,13.91000000,101.00000000,15.03
1749266329,13.90000000,177.40000000,15.03
1749266329,13.89000000,101.43200000,15.03
1749266329,13.88000000,122.32100000,15.03
1749266329,13.87000000,11.82500000,15.03
1749266329,13.85000000,13.29900000,15.03
1749266329,13.83000000,100.47700000,15.03
1749266329,13.82000000,5.19500000,15.03
1749266329,13.81000000,19.34600000,15.03
1749266329,13.80000000,102.00000000,15.03
1749266329,13.79000000,0.89900000,15.03
1749266329,13.78000000,14.01400000,15.03
1749266329,13.75000000,13.29900000,15.03
1749266329,13.73000000,5.57300000,15.03
1749266329,13.72000000,3.17400000,15.03
1749266329,13.71000000,13.70000000,15.03
1749266329,13.70000000,100.90500000,15.03
1749266329,13.69000000,100.00000000,15.03
1749266329,13.68000000,100.00000000,15.03
1749266329,13.67000000,100.00000000,15.03
1749266329,13.66000000,82.26900000,15.03
1749266329,13.65000000,39.12600000,15.03
1749266329,13.63000000,100.00000000,15.03
1749266329,13.61000000,1.54200000,15.03
1749266329,13.58000000,5.63400000,15.03
1749266329,13.53000000,0.44300000,15.03
1749266638,14.99000000,24.95100000,14.99
1749266638,14.98000000,10.50100000,14.99
1749266638,14.97000000,29.60800000,14.99
1749266638,14.96000000,163.09500000,14.99
1749266638,14.95000000,74.71300000,14.99
1749266638,14.94000000,186.19700000,14.99
1749266638,14.93000000,47.55100000,14.99
1749266638,14.92000000,575.48800000,14.99
1749266638,14.91000000,42.47400000,14.99
1749266638,14.90000000,40.20300000,14.99
1749266638,14.89000000,87.78700000,14.99
1749266638,14.88000000,35.75700000,14.99
1749266638,14.87000000,30.97100000,14.99
1749266638,14.86000000,29.78000000,14.99
1749266638,14.85000000,54.80700000,14.99
1749266638,14.84000000,15.31100000,14.99
1749266638,14.83000000,65.49400000,14.99
1749266638,14.82000000,5.88500000,14.99
1749266638,14.81000000,21.12700000,14.99
1749266638,14.80000000,4.67300000,14.99
1749266638,14.79000000,4.00000000,14.99
1749266638,14.78000000,967.75500000,14.99
1749266638,14.77000000,137.92400000,14.99
1749266638,14.76000000,16.92700000,14.99
1749266638,14.75000000,21.95700000,14.99
1749266638,14.74000000,0.84100000,14.99
1749266638,14.73000000,20.33600000,14.99
1749266638,14.72000000,0.40100000,14.99
1749266638,14.71000000,10.80400000,14.99
1749266638,14.70000000,21.38800000,14.99
1749266638,14.68000000,1.65200000,14.99
1749266638,14.67000000,5.21600000,14.99
1749266638,14.66000000,0.47700000,14.99
1749266638,14.65000000,105.82100000,14.99
1749266638,14.64000000,1.61200000,14.99
1749266638,14.60000000,2.08600000,14.99
1749266638,14.59000000,5.24400000,14.99
1749266638,14.58000000,3.42900000,14.99
1749266638,14.54000000,0.85200000,14.99
1749266638,14.53000000,38.73900000,14.99
1749266638,14.51000000,5.27300000,14.99
1749266638,14.50000000,2.47700000,14.99
1749266638,14.46000000,1.03200000,14.99
1749266638,14.44000000,0.85800000,14.99
1749266638,14.43000000,3.91800000,14.99
1749266638,14.42000000,1.07200000,14.99
1749266638,14.41000000,4.56400000,14.99
1749266638,14.35000000,155.20900000,14.99
1749266638,14.34000000,0.86400000,14.99
1749266638,14.33000000,0.47700000,14.99
1749266638,14.30000000,2.00000000,14.99
1749266638,14.27000000,5.36200000,14.99
1749266638,14.24000000,1.50100000,14.99
1749266638,14.21000000,0.40100000,14.99
1749266638,14.19000000,5.39200000,14.99
1749266638,14.17000000,73.42100000,14.99
1749266638,14.16000000,0.47700000,14.99
1749266638,14.15000000,0.08600000,14.99
1749266638,14.12000000,1.58000000,14.99
1749266638,14.11000000,9.98700000,14.99
1749266638,14.10000000,1.51600000,14.99
1749266638,14.09000000,6.53600000,14.99
1749266638,14.07000000,0.77000000,14.99
1749266638,14.06000000,0.88100000,14.99
1749266638,14.05000000,53.55800000,14.99
1749266638,14.04000000,6.52200000,14.99
1749266638,14.03000000,1.63100000,14.99
1749266638,14.00000000,175.47600000,14.99
1749266638,13.97000000,2.93300000,14.99
1749266638,13.96000000,5.88200000,14.99
1749266638,13.94000000,2.15200000,14.99
1749266638,13.93000000,1.66400000,14.99
1749266638,13.92000000,101.40200000,14.99
1749266638,13.91000000,101.00000000,14.99
1749266638,13.90000000,177.40000000,14.99
1749266638,13.89000000,101.43200000,14.99
1749266638,13.88000000,122.32100000,14.99
1749266638,13.87000000,11.82500000,14.99
1749266638,13.85000000,13.29900000,14.99
1749266638,13.83000000,100.47700000,14.99
1749266638,13.82000000,5.19500000,14.99
1749266638,13.81000000,19.34600000,14.99
1749266638,13.80000000,102.00000000,14.99
1749266638,13.79000000,0.89900000,14.99
1749266638,13.78000000,14.01400000,14.99
1749266638,13.75000000,13.29900000,14.99
1749266638,13.73000000,5.57300000,14.99
1749266638,13.72000000,3.17400000,14.99
1749266638,13.71000000,13.70000000,14.99
1749266638,13.70000000,100.90500000,14.99
1749266638,13.69000000,100.00000000,14.99
1749266638,13.68000000,100.00000000,14.99
1749266638,13.67000000,100.00000000,14.99
1749266638,13.66000000,82.26900000,14.99
1749266638,13.65000000,39.12600000,14.99
1749266638,13.63000000,100.00000000,14.99
1749266638,13.61000000,1.54200000,14.99
1749266638,13.58000000,5.63400000,14.99
1749266638,13.53000000,0.44300000,14.99
1749266638,13.52000000,5.48100000,14.99
1749266940,15.00000000,1.04200000,15.0
1749266940,14.99000000,8.48000000,15.0
1749266940,14.98000000,29.57400000,15.0
1749266940,14.97000000,80.28700000,15.0
1749266940,14.96000000,112.50400000,15.0
1749266940,14.95000000,79.91500000,15.0
1749266940,14.94000000,115.82600000,15.0
1749266940,14.93000000,597.15200000,15.0
1749266940,14.92000000,49.12600000,15.0
1749266940,14.91000000,67.21800000,15.0
1749266940,14.90000000,40.20300000,15.0
1749266940,14.89000000,87.78700000,15.0
1749266940,14.88000000,52.81200000,15.0
1749266940,14.87000000,30.97100000,15.0
1749266940,14.86000000,33.86700000,15.0
1749266940,14.85000000,42.89300000,15.0
1749266940,14.84000000,45.50000000,15.0
1749266940,14.83000000,42.91500000,15.0
1749266940,14.82000000,961.61700000,15.0
1749266940,14.81000000,18.00300000,15.0
1749266940,14.80000000,2.00000000,15.0
1749266940,14.79000000,10.97400000,15.0
1749266940,14.78000000,8.29100000,15.0
1749266940,14.77000000,137.92400000,15.0
1749266940,14.76000000,16.92700000,15.0
1749266940,14.75000000,21.95700000,15.0
1749266940,14.74000000,0.84100000,15.0
1749266940,14.73000000,20.33600000,15.0
1749266940,14.72000000,10.36400000,15.0
1749266940,14.71000000,0.84100000,15.0
1749266940,14.70000000,21.38800000,15.0
1749266940,14.68000000,1.65200000,15.0
1749266940,14.67000000,5.21600000,15.0
1749266940,14.66000000,0.47700000,15.0
1749266940,14.65000000,105.82100000,15.0
1749266940,14.64000000,1.61200000,15.0
1749266940,14.60000000,2.08600000,15.0
1749266940,14.59000000,5.24400000,15.0
1749266940,14.58000000,3.42900000,15.0
1749266940,14.54000000,0.85200000,15.0
1749266940,14.53000000,38.73900000,15.0
1749266940,14.51000000,5.27300000,15.0
1749266940,14.50000000,2.47700000,15.0
1749266940,14.46000000,1.03200000,15.0
1749266940,14.44000000,0.85800000,15.0
1749266940,14.43000000,3.91800000,15.0
1749266940,14.42000000,1.07200000,15.0
1749266940,14.41000000,4.56400000,15.0
1749266940,14.35000000,155.20900000,15.0
1749266940,14.34000000,0.86400000,15.0
1749266940,14.33000000,0.47700000,15.0
1749266940,14.30000000,2.00000000,15.0
1749266940,14.27000000,5.36200000,15.0
1749266940,14.24000000,1.50100000,15.0
1749266940,14.21000000,0.40100000,15.0
1749266940,14.19000000,5.39200000,15.0
1749266940,14.17000000,73.42100000,15.0
1749266940,14.16000000,0.47700000,15.0
1749266940,14.15000000,0.08600000,15.0
1749266940,14.12000000,1.58000000,15.0
1749266940,14.11000000,9.98700000,15.0
1749266940,14.10000000,1.51600000,15.0
1749266940,14.09000000,6.53600000,15.0
1749266940,14.07000000,0.77000000,15.0
1749266940,14.06000000,0.88100000,15.0
1749266940,14.05000000,53.55800000,15.0
1749266940,14.04000000,6.52200000,15.0
1749266940,14.03000000,1.63100000,15.0
1749266940,14.01000000,11.38800000,15.0
1749266940,14.00000000,175.47600000,15.0
1749266940,13.97000000,2.93300000,15.0
1749266940,13.96000000,5.88200000,15.0
1749266940,13.94000000,2.15200000,15.0
1749266940,13.93000000,1.66400000,15.0
1749266940,13.92000000,101.40200000,15.0
1749266940,13.91000000,101.00000000,15.0
1749266940,13.90000000,177.40000000,15.0
1749266940,13.89000000,101.43200000,15.0
1749266940,13.88000000,122.32100000,15.0
1749266940,13.87000000,11.82500000,15.0
1749266940,13.85000000,13.29900000,15.0
1749266940,13.83000000,100.47700000,15.0
1749266940,13.82000000,5.19500000,15.0
1749266940,13.81000000,19.34600000,15.0
1749266940,13.80000000,102.00000000,15.0
1749266940,13.79000000,0.89900000,15.0
1749266940,13.78000000,14.01400000,15.0
1749266940,13.75000000,13.29900000,15.0
1749266940,13.73000000,5.57300000,15.0
1749266940,13.72000000,3.17400000,15.0
1749266940,13.71000000,13.70000000,15.0
1749266940,13.70000000,100.90500000,15.0
1749266940,13.69000000,100.00000000,15.0
1749266940,13.68000000,100.00000000,15.0
1749266940,13.67000000,100.00000000,15.0
1749266940,13.66000000,82.26900000,15.0
1749266940,13.65000000,39.12600000,15.0
1749266940,13.63000000,100.00000000,15.0
1749266940,13.61000000,1.54200000,15.0
1749266940,13.58000000,5.63400000,15.0
1749267241,14.97000000,7.51300000,14.98
1749267241,14.96000000,9.27100000,14.98
1749267241,14.95000000,67.77900000,14.98
1749267241,14.94000000,345.95000000,14.98
1749267241,14.93000000,81.99400000,14.98
1749267241,14.92000000,146.73000000,14.98
1749267241,14.91000000,334.82900000,14.98
1749267241,14.90000000,51.76600000,14.98
1749267241,14.89000000,73.81200000,14.98
1749267241,14.88000000,84.92500000,14.98
1749267241,14.87000000,30.97100000,14.98
1749267241,14.86000000,46.90300000,14.98
1749267241,14.85000000,45.29900000,14.98
1749267241,14.84000000,8.66500000,14.98
1749267241,14.83000000,80.21000000,14.98
1749267241,14.82000000,32.10100000,14.98
1749267241,14.81000000,9.54300000,14.98
1749267241,14.80000000,6.08600000,14.98
1749267241,14.79000000,5.07000000,14.98
1749267241,14.78000000,5.09500000,14.98
1749267241,14.77000000,974.61600000,14.98
1749267241,14.76000000,154.94500000,14.98
1749267241,14.75000000,21.95700000,14.98
1749267241,14.74000000,10.80400000,14.98
1749267241,14.73000000,3.36900000,14.98
1749267241,14.72000000,0.40100000,14.98
1749267241,14.71000000,0.84100000,14.98
1749267241,14.70000000,21.38800000,14.98
1749267241,14.69000000,17.01800000,14.98
1749267241,14.68000000,0.63100000,14.98
1749267241,14.67000000,5.21600000,14.98
1749267241,14.66000000,0.47700000,14.98
1749267241,14.65000000,105.82100000,14.98
1749267241,14.64000000,1.61200000,14.98
1749267241,14.60000000,2.08600000,14.98
1749267241,14.59000000,5.24400000,14.98
1749267241,14.58000000,3.42900000,14.98
1749267241,14.54000000,0.85200000,14.98
1749267241,14.53000000,38.73900000,14.98
1749267241,14.51000000,5.27300000,14.98
1749267241,14.50000000,2.47700000,14.98
1749267241,14.46000000,1.03200000,14.98
1749267241,14.44000000,0.85800000,14.98
1749267241,14.43000000,3.91800000,14.98
1749267241,14.42000000,1.07200000,14.98
1749267241,14.41000000,4.56400000,14.98
1749267241,14.35000000,5.33200000,14.98
1749267241,14.34000000,0.86400000,14.98
1749267241,14.33000000,0.47700000,14.98
1749267241,14.30000000,2.00000000,14.98
1749267241,14.27000000,5.36200000,14.98
1749267241,14.24000000,1.50100000,14.98
1749267241,14.21000000,0.40100000,14.98
1749267241,14.19000000,5.39200000,14.98
1749267241,14.17000000,73.42100000,14.98
1749267241,14.16000000,0.47700000,14.98
1749267241,14.15000000,0.08600000,14.98
1749267241,14.12000000,1.58000000,14.98
1749267241,14.11000000,9.98700000,14.98
1749267241,14.10000000,1.51600000,14.98
1749267241,14.09000000,6.53600000,14.98
1749267241,14.07000000,0.77000000,14.98
1749267241,14.06000000,0.88100000,14.98
1749267241,14.05000000,53.55800000,14.98
1749267241,14.04000000,6.52200000,14.98
1749267241,14.03000000,1.63100000,14.98
1749267241,14.00000000,175.47600000,14.98
1749267241,13.97000000,2.93300000,14.98
1749267241,13.96000000,5.88200000,14.98
1749267241,13.94000000,2.15200000,14.98
1749267241,13.93000000,1.66400000,14.98
1749267241,13.92000000,101.40200000,14.98
1749267241,13.91000000,101.00000000,14.98
1749267241,13.90000000,177.40000000,14.98
1749267241,13.89000000,101.43200000,14.98
1749267241,13.88000000,122.32100000,14.98
1749267241,13.87000000,11.82500000,14.98
1749267241,13.85000000,13.29900000,14.98
1749267241,13.83000000,100.47700000,14.98
1749267241,13.82000000,5.19500000,14.98
1749267241,13.81000000,19.34600000,14.98
1749267241,13.80000000,102.00000000,14.98
1749267241,13.79000000,0.89900000,14.98
1749267241,13.78000000,14.01400000,14.98
1749267241,13.75000000,13.29900000,14.98
1749267241,13.73000000,5.57300000,14.98
1749267241,13.72000000,3.17400000,14.98
1749267241,13.71000000,13.70000000,14.98
1749267241,13.70000000,100.90500000,14.98
1749267241,13.69000000,100.00000000,14.98
1749267241,13.68000000,100.00000000,14.98
1749267241,13.67000000,100.00000000,14.98
1749267241,13.66000000,82.26900000,14.98
1749267241,13.65000000,39.12600000,14.98
1749267241,13.63000000,100.00000000,14.98
1749267241,13.61000000,1.54200000,14.98
1749267241,13.58000000,5.63400000,14.98
1749267241,13.53000000,0.44300000,14.98
1749267241,13.52000000,5.48100000,14.98
1749267241,13.51000000,5.66300000,14.98
1749267543,14.99000000,5.30100000,15.01
1749267543,14.98000000,7.15800000,15.01
1749267543,14.97000000,15.53500000,15.01
1749267543,14.96000000,85.59100000,15.01
1749267543,14.95000000,67.77800000,15.01
1749267543,14.94000000,99.32500000,15.01
1749267543,14.93000000,92.65800000,15.01
1749267543,14.92000000,645.29100000,15.01
1749267543,14.91000000,45.90700000,15.01
1749267543,14.90000000,73.48400000,15.01
1749267543,14.89000000,32.45200000,15.01
1749267543,14.88000000,89.98500000,15.01
1749267543,14.87000000,53.12500000,15.01
1749267543,14.86000000,44.39800000,15.01
1749267543,14.85000000,40.22800000,15.01
1749267543,14.84000000,8.66500000,15.01
1749267543,14.83000000,54.36700000,15.01
1749267543,14.82000000,25.13200000,15.01
1749267543,14.81000000,9.31200000,15.01
1749267543,14.80000000,5.37200000,15.01
1749267543,14.79000000,4.00000000,15.01
1749267543,14.78000000,962.66000000,15.01
1749267543,14.77000000,26.39200000,15.01
1749267543,14.76000000,154.94500000,15.01
1749267543,14.75000000,21.95700000,15.01
1749267543,14.74000000,5.94900000,15.01
1749267543,14.73000000,3.36900000,15.01
1749267543,14.72000000,0.40100000,15.01
1749267543,14.71000000,10.80400000,15.01
1749267543,14.70000000,21.38800000,15.01
1749267543,14.69000000,17.01800000,15.01
1749267543,14.68000000,0.63100000,15.01
1749267543,14.67000000,5.21600000,15.01
1749267543,14.66000000,1.49900000,15.01
1749267543,14.65000000,105.82100000,15.01
1749267543,14.64000000,1.61200000,15.01
1749267543,14.60000000,2.08600000,15.01
1749267543,14.59000000,5.24400000,15.01
1749267543,14.58000000,3.42900000,15.01
1749267543,14.54000000,0.85200000,15.01
1749267543,14.53000000,38.73900000,15.01
1749267543,14.51000000,5.27300000,15.01
1749267543,14.50000000,2.47700000,15.01
1749267543,14.46000000,1.03200000,15.01
1749267543,14.44000000,0.85800000,15.01
1749267543,14.43000000,3.91800000,15.01
1749267543,14.42000000,1.07200000,15.01
1749267543,14.41000000,4.56400000,15.01
1749267543,14.35000000,5.33200000,15.01
1749267543,14.34000000,0.86400000,15.01
1749267543,14.33000000,0.47700000,15.01
1749267543,14.30000000,2.00000000,15.01
1749267543,14.27000000,5.36200000,15.01
1749267543,14.24000000,1.50100000,15.01
1749267543,14.21000000,0.40100000,15.01
1749267543,14.19000000,5.39200000,15.01
1749267543,14.17000000,73.42100000,15.01
1749267543,14.16000000,0.47700000,15.01
1749267543,14.15000000,0.08600000,15.01
1749267543,14.12000000,1.58000000,15.01
1749267543,14.11000000,9.98700000,15.01
1749267543,14.10000000,1.51600000,15.01
1749267543,14.09000000,6.53600000,15.01
1749267543,14.07000000,0.77000000,15.01
1749267543,14.06000000,0.88100000,15.01
1749267543,14.05000000,53.55800000,15.01
1749267543,14.04000000,6.52200000,15.01
1749267543,14.03000000,1.63100000,15.01
1749267543,14.00000000,175.47600000,15.01
1749267543,13.97000000,2.93300000,15.01
1749267543,13.96000000,5.88200000,15.01
1749267543,13.94000000,2.15200000,15.01
1749267543,13.93000000,1.66400000,15.01
1749267543,13.92000000,101.40200000,15.01
1749267543,13.91000000,101.00000000,15.01
1749267543,13.90000000,177.40000000,15.01
1749267543,13.89000000,101.43200000,15.01
1749267543,13.88000000,122.32100000,15.01
1749267543,13.87000000,11.82500000,15.01
1749267543,13.85000000,13.29900000,15.01
1749267543,13.83000000,100.47700000,15.01
1749267543,13.82000000,5.19500000,15.01
1749267543,13.81000000,19.34600000,15.01
1749267543,13.80000000,102.00000000,15.01
1749267543,13.79000000,0.89900000,15.01
1749267543,13.78000000,14.01400000,15.01
1749267543,13.75000000,13.29900000,15.01
1749267543,13.73000000,5.57300000,15.01
1749267543,13.72000000,3.17400000,15.01
1749267543,13.71000000,13.70000000,15.01
1749267543,13.70000000,100.90500000,15.01
1749267543,13.69000000,100.00000000,15.01
1749267543,13.68000000,100.00000000,15.01
1749267543,13.67000000,100.00000000,15.01
1749267543,13.66000000,82.26900000,15.01
1749267543,13.65000000,39.12600000,15.01
1749267543,13.63000000,100.00000000,15.01
1749267543,13.61000000,1.54200000,15.01
1749267543,13.58000000,5.63400000,15.01
1749267543,13.53000000,0.44300000,15.01
1749267845,15.00000000,1.67100000,15.01
1749267845,14.99000000,11.52000000,15.01
1749267845,14.98000000,34.88300000,15.01
1749267845,14.97000000,109.14900000,15.01
1749267845,14.96000000,33.20500000,15.01
1749267845,14.95000000,135.86600000,15.01
1749267845,14.94000000,93.23300000,15.01
1749267845,14.93000000,620.95700000,15.01
1749267845,14.92000000,41.62000000,15.01
1749267845,14.91000000,67.21800000,15.01
1749267845,14.90000000,94.35800000,15.01
1749267845,14.89000000,32.45200000,15.01
1749267845,14.88000000,52.81200000,15.01
1749267845,14.87000000,36.03500000,15.01
1749267845,14.86000000,30.75300000,15.01
1749267845,14.85000000,40.22800000,15.01
1749267845,14.84000000,26.21300000,15.01
1749267845,14.83000000,967.37200000,15.01
1749267845,14.82000000,25.13200000,15.01
1749267845,14.81000000,8.44200000,15.01
1749267845,14.80000000,139.64500000,15.01
1749267845,14.79000000,10.97400000,15.01
1749267845,14.77000000,20.70100000,15.01
1749267845,14.76000000,16.92700000,15.01
1749267845,14.75000000,21.95700000,15.01
1749267845,14.74000000,0.84100000,15.01
1749267845,14.73000000,3.36900000,15.01
1749267845,14.72000000,10.36400000,15.01
1749267845,14.71000000,0.84100000,15.01
1749267845,14.70000000,21.38800000,15.01
1749267845,14.69000000,17.01800000,15.01
1749267845,14.68000000,0.63100000,15.01
1749267845,14.67000000,5.21600000,15.01
1749267845,14.66000000,1.49900000,15.01
1749267845,14.64000000,1.61200000,15.01
1749267845,14.60000000,2.08600000,15.01
1749267845,14.59000000,5.24400000,15.01
1749267845,14.58000000,3.42900000,15.01
1749267845,14.54000000,0.85200000,15.01
1749267845,14.53000000,38.73900000,15.01
1749267845,14.51000000,5.27300000,15.01
1749267845,14.50000000,2.47700000,15.01
1749267845,14.46000000,1.03200000,15.01
1749267845,14.44000000,0.85800000,15.01
1749267845,14.43000000,3.91800000,15.01
1749267845,14.42000000,1.07200000,15.01
1749267845,14.41000000,4.56400000,15.01
1749267845,14.35000000,5.33200000,15.01
1749267845,14.34000000,0.86400000,15.01
1749267845,14.33000000,0.47700000,15.01
1749267845,14.30000000,2.00000000,15.01
1749267845,14.27000000,5.36200000,15.01
1749267845,14.24000000,1.50100000,15.01
1749267845,14.21000000,0.40100000,15.01
1749267845,14.19000000,5.39200000,15.01
1749267845,14.17000000,73.42100000,15.01
1749267845,14.16000000,0.47700000,15.01
1749267845,14.15000000,0.08600000,15.01
1749267845,14.12000000,1.58000000,15.01
1749267845,14.11000000,9.98700000,15.01
1749267845,14.10000000,1.51600000,15.01
1749267845,14.09000000,6.53600000,15.01
1749267845,14.07000000,0.77000000,15.01
1749267845,14.06000000,0.88100000,15.01
1749267845,14.05000000,53.55800000,15.01
1749267845,14.04000000,6.52200000,15.01
1749267845,14.03000000,1.63100000,15.01
1749267845,14.01000000,10.27000000,15.01
1749267845,14.00000000,175.47600000,15.01
1749267845,13.97000000,2.93300000,15.01
1749267845,13.96000000,5.88200000,15.01
1749267845,13.94000000,2.15200000,15.01
1749267845,13.93000000,1.66400000,15.01
1749267845,13.92000000,101.40200000,15.01
1749267845,13.91000000,101.00000000,15.01
1749267845,13.90000000,177.40000000,15.01
1749267845,13.89000000,101.43200000,15.01
1749267845,13.88000000,122.32100000,15.01
1749267845,13.87000000,11.82500000,15.01
1749267845,13.85000000,13.29900000,15.01
1749267845,13.83000000,100.47700000,15.01
1749267845,13.82000000,5.19500000,15.01
1749267845,13.81000000,19.34600000,15.01
1749267845,13.80000000,102.00000000,15.01
1749267845,13.79000000,0.89900000,15.01
1749267845,13.78000000,14.01400000,15.01
1749267845,13.75000000,13.29900000,15.01
1749267845,13.73000000,5.57300000,15.01
1749267845,13.72000000,3.17400000,15.01
1749267845,13.71000000,13.70000000,15.01
1749267845,13.70000000,100.90500000,15.01
1749267845,13.69000000,100.00000000,15.01
1749267845,13.68000000,100.00000000,15.01
1749267845,13.67000000,100.00000000,15.01
1749267845,13.66000000,82.26900000,15.01
1749267845,13.65000000,39.12600000,15.01
1749267845,13.63000000,100.00000000,15.01
1749267845,13.61000000,1.54200000,15.01
1749267845,13.58000000,5.63400000,15.01
1749267845,13.53000000,0.44300000,15.01
1749268146,15.01000000,6.70200000,15.04
1749268146,15.00000000,7.09600000,15.04
1749268146,14.99000000,12.91800000,15.04
1749268146,14.98000000,85.53800000,15.04
1749268146,14.97000000,65.03500000,15.04
1749268146,14.96000000,47.40400000,15.04
1749268146,14.95000000,170.35800000,15.04
1749268146,14.94000000,603.19800000,15.04
