timestamp,price,volume,current_price
1749260716,10.39700000,35.05000000,10.397
1749260716,10.39600000,23.92000000,10.397
1749260716,10.39500000,10.97000000,10.397
1749260716,10.39400000,0.97000000,10.397
1749260716,10.39300000,0.97000000,10.397
1749260716,10.39200000,0.97000000,10.397
1749260716,10.39100000,0.97000000,10.397
1749260716,10.39000000,109.97000000,10.397
1749260716,10.38900000,168.75000000,10.397
1749260716,10.38800000,0.97000000,10.397
1749260716,10.38700000,89.37000000,10.397
1749260716,10.38600000,320.33000000,10.397
1749260716,10.38500000,16.39000000,10.397
1749260716,10.38400000,0.97000000,10.397
1749260716,10.38300000,0.97000000,10.397
1749260716,10.38200000,0.97000000,10.397
1749260716,10.38100000,57.53000000,10.397
1749260716,10.38000000,201.68000000,10.397
1749260716,10.37900000,0.51000000,10.397
1749260716,10.37800000,64.04000000,10.397
1749260716,10.37700000,342.37000000,10.397
1749260716,10.37600000,167.88000000,10.397
1749260716,10.37500000,50.17000000,10.397
1749260716,10.37400000,89.31000000,10.397
1749260716,10.37300000,196.05000000,10.397
1749260716,10.37200000,0.97000000,10.397
1749260716,10.37100000,20.23000000,10.397
1749260716,10.37000000,0.97000000,10.397
1749260716,10.36900000,0.97000000,10.397
1749260716,10.36800000,23.15000000,10.397
1749260716,10.36700000,8.98000000,10.397
1749260716,10.36600000,0.97000000,10.397
1749260716,10.36500000,10.58000000,10.397
1749260716,10.36400000,30.49000000,10.397
1749260716,10.36300000,52.29000000,10.397
1749260716,10.36200000,19.39000000,10.397
1749260716,10.36100000,69.84000000,10.397
1749260716,10.36000000,20.37000000,10.397
1749260716,10.35900000,23.92000000,10.397
1749260716,10.35800000,3.02000000,10.397
1749260716,10.35700000,33.54000000,10.397
1749260716,10.35600000,0.97000000,10.397
1749260716,10.35500000,29.82000000,10.397
1749260716,10.35400000,23.92000000,10.397
1749260716,10.35300000,12.70000000,10.397
1749260716,10.35200000,23.92000000,10.397
1749260716,10.35100000,50.17000000,10.397
1749260716,10.35000000,40.13000000,10.397
1749260716,10.34900000,89.08000000,10.397
1749260716,10.34800000,26.67000000,10.397
1749260716,10.34700000,10.61000000,10.397
1749260716,10.34600000,23.92000000,10.397
1749260716,10.34500000,0.97000000,10.397
1749260716,10.34400000,99.98000000,10.397
1749260716,10.34300000,22.37000000,10.397
1749260716,10.34200000,23.92000000,10.397
1749260716,10.34100000,72.67000000,10.397
1749260716,10.34000000,0.97000000,10.397
1749260716,10.33900000,33.56000000,10.397
1749260716,10.33800000,81.64000000,10.397
1749260716,10.33700000,23.92000000,10.397
1749260716,10.33600000,10.58000000,10.397
1749260716,10.33500000,23.92000000,10.397
1749260716,10.33400000,69.84000000,10.397
1749260716,10.33300000,36.27000000,10.397
1749260716,10.33200000,0.97000000,10.397
1749260716,10.33100000,23.92000000,10.397
1749260716,10.33000000,0.97000000,10.397
1749260716,10.32900000,50.17000000,10.397
1749260716,10.32800000,0.97000000,10.397
1749260716,10.32700000,23.92000000,10.397
1749260716,10.32600000,0.97000000,10.397
1749260716,10.32500000,23.92000000,10.397
1749260716,10.32400000,30.49000000,10.397
1749260716,10.32300000,24.64000000,10.397
1749260716,10.32200000,50.17000000,10.397
1749260716,10.32100000,68.87000000,10.397
1749260716,10.31600000,22.95000000,10.397
1749260716,10.31500000,29.52000000,10.397
1749260716,10.31400000,49.20000000,10.397
1749260716,10.30900000,24.88000000,10.397
1749260716,10.30800000,68.87000000,10.397
1749260716,10.30600000,22.95000000,10.397
1749260716,10.30500000,53.45000000,10.397
1749260716,10.30400000,78.72000000,10.397
1749260716,10.29700000,22.95000000,10.397
1749260716,10.29600000,68.87000000,10.397
1749260716,10.29500000,29.52000000,10.397
1749260716,10.29400000,22.95000000,10.397
1749260716,10.29300000,49.20000000,10.397
1749260716,10.29200000,22.95000000,10.397
1749260716,10.28800000,173.20000000,10.397
1749260716,10.28700000,22.95000000,10.397
1749260716,10.28600000,78.72000000,10.397
1749260716,10.28400000,22.95000000,10.397
1749260716,10.28300000,590.40000000,10.397
1749260716,10.28200000,68.87000000,10.397
1749260716,10.27800000,22.95000000,10.397
1749260716,10.27700000,78.72000000,10.397
1749260716,10.27200000,22.95000000,10.397
1749261036,10.39900000,4.84000000,10.399
1749261036,10.39800000,0.84000000,10.399
1749261036,10.39700000,0.97000000,10.399
1749261036,10.39600000,2.46000000,10.399
1749261036,10.39500000,27.80000000,10.399
1749261036,10.39400000,0.97000000,10.399
1749261036,10.39300000,6.41000000,10.399
1749261036,10.39200000,0.97000000,10.399
1749261036,10.39100000,17.81000000,10.399
1749261036,10.39000000,49.16000000,10.399
1749261036,10.38900000,93.05000000,10.399
1749261036,10.38800000,0.97000000,10.399
1749261036,10.38700000,38.43000000,10.399
1749261036,10.38600000,69.84000000,10.399
1749261036,10.38500000,28.87000000,10.399
1749261036,10.38400000,59.68000000,10.399
1749261036,10.38300000,243.68000000,10.399
1749261036,10.38200000,126.62000000,10.399
1749261036,10.38100000,122.35000000,10.399
1749261036,10.38000000,93.05000000,10.399
1749261036,10.37900000,0.97000000,10.399
1749261036,10.37800000,30.48000000,10.399
1749261036,10.37700000,91.80000000,10.399
1749261036,10.37600000,0.97000000,10.399
1749261036,10.37500000,40.68000000,10.399
1749261036,10.37400000,205.19000000,10.399
1749261036,10.37300000,3.15000000,10.399
1749261036,10.37200000,59.34000000,10.399
1749261036,10.37100000,10.59000000,10.399
1749261036,10.37000000,0.97000000,10.399
1749261036,10.36900000,0.97000000,10.399
1749261036,10.36800000,13.37000000,10.399
1749261036,10.36700000,8.98000000,10.399
1749261036,10.36600000,50.17000000,10.399
1749261036,10.36500000,0.97000000,10.399
1749261036,10.36400000,23.92000000,10.399
1749261036,10.36300000,12.71000000,10.399
1749261036,10.36200000,42.35000000,10.399
1749261036,10.36100000,89.09000000,10.399
1749261036,10.36000000,61.45000000,10.399
1749261036,10.35900000,59.80000000,10.399
1749261036,10.35800000,3.02000000,10.399
1749261036,10.35700000,23.92000000,10.399
1749261036,10.35600000,10.60000000,10.399
1749261036,10.35500000,43.15000000,10.399
1749261036,10.35400000,0.97000000,10.399
1749261036,10.35300000,26.01000000,10.399
1749261036,10.35200000,10.59000000,10.399
1749261036,10.35100000,73.12000000,10.399
1749261036,10.35000000,30.49000000,10.399
1749261036,10.34900000,89.08000000,10.399
1749261036,10.34800000,37.02000000,10.399
1749261036,10.34700000,10.60000000,10.399
1749261036,10.34600000,0.97000000,10.399
1749261036,10.34500000,95.60000000,10.399
1749261036,10.34400000,77.03000000,10.399
1749261036,10.34300000,43.67000000,10.399
1749261036,10.34200000,0.97000000,10.399
1749261036,10.34100000,23.92000000,10.399
1749261036,10.34000000,0.97000000,10.399
1749261036,10.33900000,33.53000000,10.399
1749261036,10.33800000,81.64000000,10.399
1749261036,10.33700000,23.92000000,10.399
1749261036,10.33600000,10.58000000,10.399
1749261036,10.33500000,23.92000000,10.399
1749261036,10.33400000,69.84000000,10.399
1749261036,10.33300000,23.92000000,10.399
1749261036,10.33200000,0.97000000,10.399
1749261036,10.33100000,23.92000000,10.399
1749261036,10.33000000,0.97000000,10.399
1749261036,10.32900000,73.12000000,10.399
1749261036,10.32800000,0.97000000,10.399
1749261036,10.32700000,0.97000000,10.399
1749261036,10.32600000,0.97000000,10.399
1749261036,10.32500000,23.92000000,10.399
1749261036,10.32400000,30.49000000,10.399
1749261036,10.32300000,23.67000000,10.399
1749261036,10.32200000,49.20000000,10.399
1749261036,10.32100000,91.82000000,10.399
1749261036,10.31600000,22.95000000,10.399
1749261036,10.31500000,29.52000000,10.399
1749261036,10.31400000,72.15000000,10.399
1749261036,10.31200000,1.92000000,10.399
1749261036,10.30900000,22.95000000,10.399
1749261036,10.30800000,68.87000000,10.399
1749261036,10.30600000,22.95000000,10.399
1749261036,10.30400000,101.67000000,10.399
1749261036,10.30300000,53.46000000,10.399
1749261036,10.29700000,612.55000000,10.399
1749261036,10.29600000,68.87000000,10.399
1749261036,10.29500000,29.52000000,10.399
1749261036,10.29400000,22.95000000,10.399
1749261036,10.29300000,49.20000000,10.399
1749261036,10.29200000,22.95000000,10.399
1749261036,10.28700000,176.45000000,10.399
1749261036,10.28600000,79.44000000,10.399
1749261036,10.28200000,68.87000000,10.399
1749261036,10.27800000,0.77000000,10.399
1749261036,10.27700000,78.72000000,10.399
1749261036,10.27000000,73.53000000,10.399
1749261341,10.40900000,53.03000000,10.409
1749261341,10.40800000,63.27000000,10.409
1749261341,10.40700000,113.02000000,10.409
1749261341,10.40600000,0.97000000,10.409
1749261341,10.40500000,24.76000000,10.409
1749261341,10.40400000,0.97000000,10.409
1749261341,10.40300000,17.25000000,10.409
1749261341,10.40200000,0.97000000,10.409
1749261341,10.40100000,55.59000000,10.409
1749261341,10.40000000,298.37000000,10.409
1749261341,10.39900000,517.87000000,10.409
1749261341,10.39800000,131.96000000,10.409
1749261341,10.39700000,122.85000000,10.409
1749261341,10.39600000,107.08000000,10.409
1749261341,10.39500000,28.60000000,10.409
1749261341,10.39400000,110.87000000,10.409
1749261341,10.39300000,28.41000000,10.409
1749261341,10.39200000,0.97000000,10.409
1749261341,10.39100000,85.32000000,10.409
1749261341,10.39000000,139.93000000,10.409
1749261341,10.38900000,10.36000000,10.409
1749261341,10.38800000,38.92000000,10.409
1749261341,10.38700000,111.68000000,10.409
1749261341,10.38600000,69.84000000,10.409
1749261341,10.38500000,0.97000000,10.409
1749261341,10.38400000,10.58000000,10.409
1749261341,10.38300000,36.26000000,10.409
1749261341,10.38200000,98.93000000,10.409
1749261341,10.38100000,8.97000000,10.409
1749261341,10.38000000,0.97000000,10.409
1749261341,10.37900000,23.92000000,10.409
1749261341,10.37800000,2.94000000,10.409
1749261341,10.37700000,29.83000000,10.409
1749261341,10.37600000,0.97000000,10.409
1749261341,10.37500000,23.92000000,10.409
1749261341,10.37400000,119.04000000,10.409
1749261341,10.37300000,12.76000000,10.409
1749261341,10.37200000,53.44000000,10.409
1749261341,10.37100000,10.59000000,10.409
1749261341,10.37000000,0.97000000,10.409
1749261341,10.36900000,23.92000000,10.409
1749261341,10.36800000,13.37000000,10.409
1749261341,10.36700000,43.13000000,10.409
1749261341,10.36600000,50.17000000,10.409
1749261341,10.36500000,0.97000000,10.409
1749261341,10.36400000,23.92000000,10.409
1749261341,10.36300000,12.71000000,10.409
1749261341,10.36200000,33.54000000,10.409
1749261341,10.36100000,89.06000000,10.409
1749261341,10.36000000,53.44000000,10.409
1749261341,10.35900000,59.80000000,10.409
1749261341,10.35800000,3.02000000,10.409
1749261341,10.35700000,23.92000000,10.409
1749261341,10.35600000,10.60000000,10.409
1749261341,10.35500000,43.15000000,10.409
1749261341,10.35400000,0.97000000,10.409
1749261341,10.35300000,26.01000000,10.409
1749261341,10.35200000,10.59000000,10.409
1749261341,10.35100000,73.12000000,10.409
1749261341,10.35000000,61.39000000,10.409
1749261341,10.34900000,69.84000000,10.409
1749261341,10.34800000,27.39000000,10.409
1749261341,10.34700000,10.58000000,10.409
1749261341,10.34600000,0.97000000,10.409
1749261341,10.34500000,23.92000000,10.409
1749261341,10.34400000,0.97000000,10.409
1749261341,10.34300000,26.09000000,10.409
1749261341,10.34200000,72.67000000,10.409
1749261341,10.34100000,23.92000000,10.409
1749261341,10.34000000,0.97000000,10.409
1749261341,10.33900000,90.34000000,10.409
1749261341,10.33800000,79.69000000,10.409
1749261341,10.33700000,0.97000000,10.409
1749261341,10.33600000,0.97000000,10.409
1749261341,10.33500000,23.92000000,10.409
1749261341,10.33400000,69.84000000,10.409
1749261341,10.33100000,22.95000000,10.409
1749261341,10.32900000,72.15000000,10.409
1749261341,10.32500000,22.95000000,10.409
1749261341,10.32400000,29.52000000,10.409
1749261341,10.32300000,23.67000000,10.409
1749261341,10.32200000,51.13000000,10.409
1749261341,10.32100000,91.82000000,10.409
1749261341,10.31700000,53.39000000,10.409
1749261341,10.31600000,22.95000000,10.409
1749261341,10.31500000,29.52000000,10.409
1749261341,10.31400000,72.15000000,10.409
1749261341,10.30900000,22.95000000,10.409
1749261341,10.30800000,68.87000000,10.409
1749261341,10.30600000,22.95000000,10.409
1749261341,10.30400000,78.72000000,10.409
1749261341,10.29800000,0.77000000,10.409
1749261341,10.29700000,589.60000000,10.409
1749261341,10.29600000,68.87000000,10.409
1749261341,10.29500000,29.52000000,10.409
1749261341,10.29300000,49.20000000,10.409
1749261341,10.29000000,177.64000000,10.409
1749261341,10.28700000,3.43000000,10.409
1749261341,10.28600000,79.44000000,10.409
1749261341,10.28500000,56.29000000,10.409
1749261643,10.43200000,0.33000000,10.432
1749261643,10.43100000,0.96000000,10.432
1749261643,10.43000000,0.96000000,10.432
1749261643,10.42900000,0.95000000,10.432
1749261643,10.42800000,0.96000000,10.432
1749261643,10.42700000,53.06000000,10.432
1749261643,10.42600000,16.58000000,10.432
1749261643,10.42500000,38.65000000,10.432
1749261643,10.42400000,80.48000000,10.432
1749261643,10.42300000,0.97000000,10.432
1749261643,10.42200000,16.73000000,10.432
1749261643,10.42100000,30.04000000,10.432
1749261643,10.42000000,114.03000000,10.432
1749261643,10.41900000,62.02000000,10.432
1749261643,10.41800000,196.25000000,10.432
1749261643,10.41700000,21.31000000,10.432
1749261643,10.41600000,96.91000000,10.432
1749261643,10.41500000,101.00000000,10.432
1749261643,10.41400000,252.61000000,10.432
1749261643,10.41300000,22.45000000,10.432
1749261643,10.41200000,51.90000000,10.432
1749261643,10.41100000,181.26000000,10.432
1749261643,10.41000000,198.39000000,10.432
1749261643,10.40900000,97.64000000,10.432
1749261643,10.40800000,36.19000000,10.432
1749261643,10.40700000,130.49000000,10.432
1749261643,10.40600000,50.17000000,10.432
1749261643,10.40500000,223.77000000,10.432
1749261643,10.40400000,10.56000000,10.432
1749261643,10.40300000,26.77000000,10.432
1749261643,10.40200000,8.95000000,10.432
1749261643,10.40100000,53.44000000,10.432
1749261643,10.40000000,0.97000000,10.432
1749261643,10.39900000,33.52000000,10.432
1749261643,10.39800000,62.34000000,10.432
1749261643,10.39700000,69.84000000,10.432
1749261643,10.39600000,0.97000000,10.432
1749261643,10.39500000,31.92000000,10.432
1749261643,10.39400000,20.22000000,10.432
1749261643,10.39300000,35.78000000,10.432
1749261643,10.39200000,30.49000000,10.432
1749261643,10.39100000,0.97000000,10.432
1749261643,10.39000000,33.52000000,10.432
1749261643,10.38900000,50.17000000,10.432
1749261643,10.38800000,13.17000000,10.432
1749261643,10.38700000,0.97000000,10.432
1749261643,10.38600000,69.84000000,10.432
1749261643,10.38500000,43.09000000,10.432
1749261643,10.38400000,10.58000000,10.432
1749261643,10.38300000,26.13000000,10.432
1749261643,10.38200000,79.69000000,10.432
1749261643,10.38100000,23.92000000,10.432
1749261643,10.38000000,0.97000000,10.432
1749261643,10.37900000,52.71000000,10.432
1749261643,10.37800000,2.94000000,10.432
1749261643,10.37700000,23.92000000,10.432
1749261643,10.37600000,10.56000000,10.432
1749261643,10.37500000,23.92000000,10.432
1749261643,10.37400000,119.04000000,10.432
1749261643,10.37300000,12.74000000,10.432
1749261643,10.37200000,53.44000000,10.432
1749261643,10.37100000,10.56000000,10.432
1749261643,10.37000000,0.97000000,10.432
1749261643,10.36900000,23.92000000,10.432
1749261643,10.36800000,3.75000000,10.432
1749261643,10.36700000,23.92000000,10.432
1749261643,10.36600000,59.75000000,10.432
1749261643,10.36500000,0.97000000,10.432
1749261643,10.36400000,23.92000000,10.432
1749261643,10.36300000,0.97000000,10.432
1749261643,10.36200000,23.92000000,10.432
1749261643,10.36100000,136.16000000,10.432
1749261643,10.36000000,53.44000000,10.432
1749261643,10.35900000,50.16000000,10.432
1749261643,10.35800000,0.96000000,10.432
1749261643,10.35700000,95.44000000,10.432
1749261643,10.35600000,0.96000000,10.432
1749261643,10.35300000,22.95000000,10.432
1749261643,10.35100000,72.15000000,10.432
1749261643,10.35000000,29.52000000,10.432
1749261643,10.34900000,68.87000000,10.432
1749261643,10.34800000,23.67000000,10.432
1749261643,10.34700000,1.94000000,10.432
1749261643,10.33900000,22.95000000,10.432
1749261643,10.33800000,78.72000000,10.432
1749261643,10.33700000,22.95000000,10.432
1749261643,10.33500000,76.19000000,10.432
1749261643,10.33400000,68.87000000,10.432
1749261643,10.33100000,22.95000000,10.432
1749261643,10.33000000,587.72000000,10.432
1749261643,10.32900000,49.20000000,10.432
1749261643,10.32400000,202.00000000,10.432
1749261643,10.32300000,1.25000000,10.432
1749261643,10.32200000,49.20000000,10.432
1749261643,10.32100000,68.87000000,10.432
1749261643,10.31900000,0.77000000,10.432
1749261643,10.31500000,29.52000000,10.432
1749261643,10.31400000,49.20000000,10.432
1749261643,10.30800000,68.87000000,10.432
1749261643,10.30400000,78.72000000,10.432
1749261949,10.41300000,23.92000000,10.418
1749261949,10.41200000,0.97000000,10.418
1749261949,10.41100000,10.97000000,10.418
1749261949,10.41000000,0.97000000,10.418
1749261949,10.40900000,32.00000000,10.418
1749261949,10.40800000,3.76000000,10.418
1749261949,10.40700000,44.90000000,10.418
1749261949,10.40600000,41.09000000,10.418
1749261949,10.40500000,0.97000000,10.418
1749261949,10.40400000,0.97000000,10.418
1749261949,10.40300000,3.82000000,10.418
1749261949,10.40200000,0.97000000,10.418
1749261949,10.40100000,0.97000000,10.418
1749261949,10.40000000,35.98000000,10.418
1749261949,10.39900000,189.14000000,10.418
1749261949,10.39800000,255.69000000,10.418
1749261949,10.39700000,69.84000000,10.418
1749261949,10.39600000,0.97000000,10.418
1749261949,10.39500000,0.97000000,10.418
1749261949,10.39400000,20.78000000,10.418
1749261949,10.39300000,3.23000000,10.418
1749261949,10.39200000,24.88000000,10.418
1749261949,10.39100000,79.69000000,10.418
1749261949,10.39000000,10.57000000,10.418
1749261949,10.38900000,23.92000000,10.418
1749261949,10.38800000,13.17000000,10.418
1749261949,10.38700000,43.12000000,10.418
1749261949,10.38600000,69.84000000,10.418
1749261949,10.38500000,0.97000000,10.418
1749261949,10.38400000,33.53000000,10.418
1749261949,10.38300000,3.18000000,10.418
1749261949,10.38200000,102.64000000,10.418
1749261949,10.38100000,8.96000000,10.418
1749261949,10.38000000,23.92000000,10.418
1749261949,10.37900000,10.58000000,10.418
1749261949,10.37800000,22.14000000,10.418
1749261949,10.37700000,23.92000000,10.418
1749261949,10.37600000,10.56000000,10.418
1749261949,10.37500000,23.92000000,10.418
1749261949,10.37400000,127.04000000,10.418
1749261949,10.37300000,12.74000000,10.418
1749261949,10.37200000,53.44000000,10.418
1749261949,10.37100000,10.56000000,10.418
1749261949,10.37000000,0.97000000,10.418
1749261949,10.36900000,23.92000000,10.418
1749261949,10.36800000,3.75000000,10.418
1749261949,10.36700000,43.10000000,10.418
1749261949,10.36600000,59.75000000,10.418
1749261949,10.36500000,0.97000000,10.418
1749261949,10.36400000,23.92000000,10.418
1749261949,10.36300000,84.14000000,10.418
1749261949,10.36200000,23.92000000,10.418
1749261949,10.36100000,89.04000000,10.418
1749261949,10.36000000,129.32000000,10.418
1749261949,10.35900000,59.75000000,10.418
1749261949,10.35800000,23.91000000,10.418
1749261949,10.35700000,0.96000000,10.418
1749261949,10.35600000,0.96000000,10.418
1749261949,10.35500000,0.96000000,10.418
1749261949,10.35400000,0.96000000,10.418
1749261949,10.35300000,23.91000000,10.418
1749261949,10.35200000,10.56000000,10.418
1749261949,10.35100000,73.12000000,10.418
1749261949,10.35000000,30.49000000,10.418
1749261949,10.34900000,69.84000000,10.418
1749261949,10.34800000,24.64000000,10.418
1749261949,10.34700000,0.97000000,10.418
1749261949,10.34600000,0.97000000,10.418
1749261949,10.34500000,0.97000000,10.418
1749261949,10.34400000,0.97000000,10.418
1749261949,10.34300000,10.57000000,10.418
1749261949,10.34200000,23.92000000,10.418
1749261949,10.34100000,54.15000000,10.418
1749261949,10.34000000,0.97000000,10.418
1749261949,10.33900000,23.92000000,10.418
1749261949,10.33800000,79.69000000,10.418
1749261949,10.33500000,22.95000000,10.418
1749261949,10.33400000,68.87000000,10.418
1749261949,10.33100000,22.95000000,10.418
1749261949,10.32900000,72.15000000,10.418
1749261949,10.32700000,1.92000000,10.418
1749261949,10.32500000,22.95000000,10.418
1749261949,10.32400000,29.52000000,10.418
1749261949,10.32300000,24.20000000,10.418
1749261949,10.32200000,49.20000000,10.418
1749261949,10.32100000,91.82000000,10.418
1749261949,10.31800000,588.40000000,10.418
1749261949,10.31700000,195.48000000,10.418
1749261949,10.31500000,29.52000000,10.418
1749261949,10.31400000,49.20000000,10.418
1749261949,10.30800000,68.87000000,10.418
1749261949,10.30400000,78.72000000,10.418
1749261949,10.30100000,0.97000000,10.418
1749261949,10.29600000,68.87000000,10.418
1749261949,10.29500000,29.52000000,10.418
1749261949,10.29300000,105.45000000,10.418
1749261949,10.28700000,3.43000000,10.418
1749261949,10.28600000,79.44000000,10.418
1749261949,10.28200000,139.38000000,10.418
1749261949,10.27700000,29.52000000,10.418
1749262251,10.43900000,0.96000000,10.44
1749262251,10.43800000,0.96000000,10.44
1749262251,10.43700000,0.96000000,10.44
1749262251,10.43600000,0.96000000,10.44
1749262251,10.43500000,21.96000000,10.44
1749262251,10.43400000,69.99000000,10.44
1749262251,10.43300000,0.96000000,10.44
1749262251,10.43200000,1.96000000,10.44
1749262251,10.43100000,0.96000000,10.44
1749262251,10.43000000,0.96000000,10.44
1749262251,10.42900000,0.96000000,10.44
1749262251,10.42800000,3.22000000,10.44
1749262251,10.42700000,28.37000000,10.44
1749262251,10.42600000,98.00000000,10.44
1749262251,10.42500000,0.97000000,10.44
1749262251,10.42400000,0.97000000,10.44
1749262251,10.42300000,3.38000000,10.44
1749262251,10.42200000,0.97000000,10.44
1749262251,10.42100000,102.70000000,10.44
1749262251,10.42000000,262.00000000,10.44
1749262251,10.41900000,0.97000000,10.44
1749262251,10.41800000,36.20000000,10.44
1749262251,10.41700000,108.92000000,10.44
1749262251,10.41600000,8.96000000,10.44
1749262251,10.41500000,29.47000000,10.44
1749262251,10.41400000,117.16000000,10.44
1749262251,10.41300000,196.88000000,10.44
1749262251,10.41200000,186.29000000,10.44
1749262251,10.41100000,97.79000000,10.44
1749262251,10.41000000,97.79000000,10.44
1749262251,10.40900000,174.67000000,10.44
1749262251,10.40800000,110.27000000,10.44
1749262251,10.40700000,10.56000000,10.44
1749262251,10.40600000,0.97000000,10.44
1749262251,10.40500000,73.12000000,10.44
1749262251,10.40400000,0.97000000,10.44
1749262251,10.40300000,56.29000000,10.44
1749262251,10.40200000,18.53000000,10.44
1749262251,10.40100000,33.51000000,10.44
1749262251,10.40000000,0.97000000,10.44
1749262251,10.39900000,52.95000000,10.44
1749262251,10.39800000,52.74000000,10.44
1749262251,10.39700000,92.79000000,10.44
1749262251,10.39600000,29.72000000,10.44
1749262251,10.39500000,23.92000000,10.44
1749262251,10.39400000,10.57000000,10.44
1749262251,10.39300000,3.23000000,10.44
1749262251,10.39200000,23.92000000,10.44
1749262251,10.39100000,30.49000000,10.44
1749262251,10.39000000,101.88000000,10.44
1749262251,10.38900000,10.57000000,10.44
1749262251,10.38800000,26.52000000,10.44
1749262251,10.38700000,67.10000000,10.44
1749262251,10.38600000,92.79000000,10.44
1749262251,10.38500000,0.97000000,10.44
1749262251,10.38400000,33.51000000,10.44
1749262251,10.38300000,3.18000000,10.44
1749262251,10.38200000,102.64000000,10.44
1749262251,10.38100000,10.54000000,10.44
1749262251,10.38000000,23.92000000,10.44
1749262251,10.37900000,0.97000000,10.44
1749262251,10.37800000,10.54000000,10.44
1749262251,10.37700000,23.92000000,10.44
1749262251,10.37600000,0.97000000,10.44
1749262251,10.37500000,23.92000000,10.44
1749262251,10.37400000,119.04000000,10.44
1749262251,10.37300000,0.97000000,10.44
1749262251,10.37200000,53.44000000,10.44
1749262251,10.37100000,0.96000000,10.44
1749262251,10.37000000,0.96000000,10.44
1749262251,10.36900000,95.32000000,10.44
1749262251,10.36800000,0.96000000,10.44
1749262251,10.36700000,23.91000000,10.44
1749262251,10.36600000,50.16000000,10.44
1749262251,10.36500000,0.96000000,10.44
1749262251,10.36400000,0.96000000,10.44
1749262251,10.36300000,0.96000000,10.44
1749262251,10.36200000,22.95000000,10.44
1749262251,10.36100000,68.87000000,10.44
1749262251,10.36000000,52.47000000,10.44
1749262251,10.35900000,49.20000000,10.44
1749262251,10.35500000,2.37000000,10.44
1749262251,10.35400000,1.94000000,10.44
1749262251,10.35300000,76.05000000,10.44
1749262251,10.35100000,72.15000000,10.44
1749262251,10.35000000,29.52000000,10.44
1749262251,10.34900000,68.87000000,10.44
1749262251,10.33900000,22.95000000,10.44
1749262251,10.33800000,78.72000000,10.44
1749262251,10.33600000,172.28000000,10.44
1749262251,10.33500000,22.95000000,10.44
1749262251,10.33400000,68.87000000,10.44
1749262251,10.33100000,22.95000000,10.44
1749262251,10.33000000,587.72000000,10.44
1749262251,10.32900000,72.15000000,10.44
1749262251,10.32400000,29.52000000,10.44
1749262251,10.32300000,1.25000000,10.44
1749262251,10.32200000,49.20000000,10.44
1749262251,10.32100000,68.87000000,10.44
1749262251,10.31500000,29.52000000,10.44
1749262553,10.36800000,26.54000000,10.369
1749262553,10.36700000,0.96000000,10.369
1749262553,10.36600000,58.73000000,10.369
1749262553,10.36500000,129.02000000,10.369
1749262553,10.36400000,31.52000000,10.369
1749262553,10.36300000,101.85000000,10.369
1749262553,10.36200000,36.29000000,10.369
1749262553,10.36100000,98.19000000,10.369
1749262553,10.36000000,0.96000000,10.369
1749262553,10.35900000,0.96000000,10.369
1749262553,10.35800000,31.15000000,10.369
1749262553,10.35700000,49.03000000,10.369
1749262553,10.35600000,99.56000000,10.369
1749262553,10.35500000,39.38000000,10.369
1749262553,10.35400000,122.82000000,10.369
1749262553,10.35300000,39.95000000,10.369
1749262553,10.35200000,225.02000000,10.369
1749262553,10.35100000,310.92000000,10.369
1749262553,10.35000000,197.18000000,10.369
1749262553,10.34900000,165.95000000,10.369
1749262553,10.34800000,75.34000000,10.369
1749262553,10.34700000,206.36000000,10.369
1749262553,10.34600000,41.00000000,10.369
1749262553,10.34500000,106.69000000,10.369
1749262553,10.34400000,10.58000000,10.369
1749262553,10.34300000,45.80000000,10.369
1749262553,10.34200000,20.17000000,10.369
1749262553,10.34100000,0.97000000,10.369
1749262553,10.34000000,72.74000000,10.369
1749262553,10.33900000,18.60000000,10.369
1749262553,10.33800000,81.78000000,10.369
1749262553,10.33700000,0.97000000,10.369
1749262553,10.33600000,10.57000000,10.369
1749262553,10.33500000,29.78000000,10.369
1749262553,10.33400000,69.84000000,10.369
1749262553,10.33300000,3.44000000,10.369
1749262553,10.33200000,8.99000000,10.369
1749262553,10.33100000,0.97000000,10.369
1749262553,10.33000000,10.59000000,10.369
1749262553,10.32900000,50.17000000,10.369
1749262553,10.32800000,12.73000000,10.369
1749262553,10.32700000,0.97000000,10.369
1749262553,10.32600000,10.58000000,10.369
1749262553,10.32500000,0.97000000,10.369
1749262553,10.32400000,49.75000000,10.369
1749262553,10.32300000,14.22000000,10.369
1749262553,10.32200000,50.17000000,10.369
1749262553,10.32100000,69.84000000,10.369
1749262553,10.32000000,0.97000000,10.369
1749262553,10.31900000,0.97000000,10.369
1749262553,10.31800000,29.86000000,10.369
1749262553,10.31700000,0.97000000,10.369
1749262553,10.31600000,0.97000000,10.369
1749262553,10.31500000,40.12000000,10.369
1749262553,10.31400000,103.62000000,10.369
1749262553,10.31300000,0.97000000,10.369
1749262553,10.31200000,11.32000000,10.369
1749262553,10.31100000,0.97000000,10.369
1749262553,10.31000000,67.55000000,10.369
1749262553,10.30900000,33.55000000,10.369
1749262553,10.30800000,69.84000000,10.369
1749262553,10.30700000,23.92000000,10.369
1749262553,10.30600000,10.60000000,10.369
1749262553,10.30500000,23.92000000,10.369
1749262553,10.30400000,89.33000000,10.369
1749262553,10.30300000,23.92000000,10.369
1749262553,10.30200000,0.97000000,10.369
1749262553,10.30100000,0.97000000,10.369
1749262553,10.30000000,0.97000000,10.369
1749262553,10.29900000,23.92000000,10.369
1749262553,10.29800000,0.97000000,10.369
1749262553,10.29700000,0.97000000,10.369
1749262553,10.29600000,69.84000000,10.369
1749262553,10.29500000,53.44000000,10.369
1749262553,10.29400000,0.97000000,10.369
1749262553,10.29300000,0.97000000,10.369
1749262553,10.28900000,76.64000000,10.369
1749262553,10.28700000,26.38000000,10.369
1749262553,10.28600000,29.52000000,10.369
1749262553,10.28300000,22.95000000,10.369
1749262553,10.28200000,68.87000000,10.369
1749262553,10.28100000,1.89000000,10.369
1749262553,10.27900000,22.95000000,10.369
1749262553,10.27700000,52.47000000,10.369
1749262553,10.27600000,49.20000000,10.369
1749262553,10.27500000,22.95000000,10.369
1749262553,10.27400000,3.85000000,10.369
1749262553,10.27100000,591.09000000,10.369
1749262553,10.27000000,68.87000000,10.369
1749262553,10.26700000,56.39000000,10.369
1749262553,10.26300000,173.44000000,10.369
1749262553,10.26200000,70.65000000,10.369
1749262553,10.26100000,49.20000000,10.369
1749262553,10.25600000,3.21000000,10.369
1749262553,10.25500000,70.70000000,10.369
1749262553,10.25400000,68.87000000,10.369
1749262553,10.24600000,1.95000000,10.369
1749262553,10.24200000,68.87000000,10.369
1749262553,10.23700000,97.43000000,10.369
1749262553,10.23400000,2.44000000,10.369
1749262861,10.34100000,20.29000000,10.341
1749262861,10.33900000,33.24000000,10.341
1749262861,10.33800000,18.06000000,10.341
1749262861,10.33700000,10.97000000,10.341
1749262861,10.33600000,16.56000000,10.341
1749262861,10.33500000,7.27000000,10.341
1749262861,10.33400000,35.65000000,10.341
1749262861,10.33300000,143.35000000,10.341
1749262861,10.33200000,119.86000000,10.341
1749262861,10.33100000,104.92000000,10.341
1749262861,10.33000000,103.77000000,10.341
1749262861,10.32900000,0.97000000,10.341
1749262861,10.32800000,30.56000000,10.341
1749262861,10.32700000,0.97000000,10.341
1749262861,10.32600000,90.85000000,10.341
1749262861,10.32500000,254.70000000,10.341
1749262861,10.32400000,95.14000000,10.341
1749262861,10.32300000,26.80000000,10.341
1749262861,10.32200000,80.78000000,10.341
1749262861,10.32100000,96.81000000,10.341
1749262861,10.32000000,89.91000000,10.341
1749262861,10.31900000,27.54000000,10.341
1749262861,10.31800000,47.72000000,10.341
1749262861,10.31700000,89.85000000,10.341
1749262861,10.31600000,180.22000000,10.341
1749262861,10.31500000,152.28000000,10.341
1749262861,10.31400000,143.02000000,10.341
1749262861,10.31300000,3.00000000,10.341
1749262861,10.31200000,11.32000000,10.341
1749262861,10.31100000,30.38000000,10.341
1749262861,10.31000000,97.77000000,10.341
1749262861,10.30900000,10.60000000,10.341
1749262861,10.30800000,185.61000000,10.341
1749262861,10.30700000,0.97000000,10.341
1749262861,10.30600000,10.60000000,10.341
1749262861,10.30500000,0.97000000,10.341
1749262861,10.30400000,97.37000000,10.341
1749262861,10.30300000,3.81000000,10.341
1749262861,10.30200000,0.97000000,10.341
1749262861,10.30100000,10.61000000,10.341
1749262861,10.30000000,24.14000000,10.341
1749262861,10.29900000,0.97000000,10.341
1749262861,10.29800000,2.96000000,10.341
1749262861,10.29700000,59.81000000,10.341
1749262861,10.29600000,69.84000000,10.341
1749262861,10.29500000,30.49000000,10.341
1749262861,10.29400000,29.93000000,10.341
1749262861,10.29300000,3.56000000,10.341
1749262861,10.29200000,0.97000000,10.341
1749262861,10.29100000,10.62000000,10.341
1749262861,10.29000000,0.97000000,10.341
1749262861,10.28900000,50.17000000,10.341
1749262861,10.28800000,96.72000000,10.341
1749262861,10.28700000,4.40000000,10.341
1749262861,10.28600000,40.14000000,10.341
1749262861,10.28500000,0.97000000,10.341
1749262861,10.28400000,0.97000000,10.341
1749262861,10.28300000,23.92000000,10.341
1749262861,10.28200000,79.49000000,10.341
1749262861,10.28100000,23.92000000,10.341
1749262861,10.28000000,0.97000000,10.341
1749262861,10.27900000,33.57000000,10.341
1749262861,10.27800000,54.73000000,10.341
1749262861,10.27700000,53.44000000,10.341
1749262861,10.27600000,59.83000000,10.341
1749262861,10.27500000,0.97000000,10.341
1749262861,10.27400000,0.97000000,10.341
1749262861,10.27300000,23.92000000,10.341
1749262861,10.27200000,0.97000000,10.341
1749262861,10.27100000,0.97000000,10.341
1749262861,10.27000000,69.84000000,10.341
1749262861,10.26900000,0.97000000,10.341
1749262861,10.26800000,0.97000000,10.341
1749262861,10.26700000,23.92000000,10.341
1749262861,10.26600000,0.97000000,10.341
1749262861,10.26500000,3.45000000,10.341
1749262861,10.26300000,22.95000000,10.341
1749262861,10.26200000,70.65000000,10.341
1749262861,10.26100000,72.15000000,10.341
1749262861,10.26000000,29.52000000,10.341
1749262861,10.25900000,22.95000000,10.341
1749262861,10.25600000,3.21000000,10.341
1749262861,10.25500000,22.95000000,10.341
1749262861,10.25400000,70.75000000,10.341
1749262861,10.25300000,72.15000000,10.341
1749262861,10.24700000,22.95000000,10.341
1749262861,10.24600000,51.15000000,10.341
1749262861,10.24500000,22.95000000,10.341
1749262861,10.24300000,52.47000000,10.341
1749262861,10.24200000,68.87000000,10.341
1749262861,10.24100000,196.87000000,10.341
1749262861,10.23700000,593.79000000,10.341
1749262861,10.23400000,73.28000000,10.341
1749262861,10.23100000,49.20000000,10.341
1749262861,10.22600000,89.91000000,10.341
1749262861,10.22500000,1.72000000,10.341
1749262861,10.22300000,0.97000000,10.341
1749262861,10.22200000,0.85000000,10.341
1749262861,10.21800000,68.87000000,10.341
1749262861,10.20000000,97.68000000,10.341
1749263162,10.36800000,27.79000000,10.368
1749263162,10.36700000,23.92000000,10.368
1749263162,10.36600000,8.59000000,10.368
1749263162,10.36500000,16.27000000,10.368
1749263162,10.36400000,10.97000000,10.368
1749263162,10.36300000,9.30000000,10.368
1749263162,10.36200000,23.00000000,10.368
1749263162,10.36100000,0.97000000,10.368
1749263162,10.36000000,16.60000000,10.368
1749263162,10.35900000,24.68000000,10.368
1749263162,10.35800000,72.62000000,10.368
1749263162,10.35700000,28.42000000,10.368
1749263162,10.35600000,0.97000000,10.368
1749263162,10.35500000,31.95000000,10.368
1749263162,10.35400000,103.28000000,10.368
1749263162,10.35300000,21.12000000,10.368
1749263162,10.35200000,56.64000000,10.368
1749263162,10.35100000,254.49000000,10.368
1749263162,10.35000000,202.58000000,10.368
1749263162,10.34900000,32.44000000,10.368
1749263162,10.34800000,104.91000000,10.368
1749263162,10.34700000,21.92000000,10.368
1749263162,10.34600000,97.31000000,10.368
1749263162,10.34500000,93.80000000,10.368
1749263162,10.34400000,60.26000000,10.368
1749263162,10.34300000,139.92000000,10.368
1749263162,10.34200000,307.67000000,10.368
1749263162,10.34100000,29.93000000,10.368
1749263162,10.34000000,100.10000000,10.368
1749263162,10.33900000,108.52000000,10.368
1749263162,10.33800000,51.67000000,10.368
1749263162,10.33700000,51.28000000,10.368
1749263162,10.33600000,10.62000000,10.368
1749263162,10.33500000,99.36000000,10.368
1749263162,10.33400000,0.97000000,10.368
1749263162,10.33300000,13.10000000,10.368
1749263162,10.33200000,18.66000000,10.368
1749263162,10.33100000,20.29000000,10.368
1749263162,10.33000000,61.02000000,10.368
1749263162,10.32900000,23.92000000,10.368
1749263162,10.32800000,84.68000000,10.368
1749263162,10.32700000,22.30000000,10.368
1749263162,10.32600000,23.92000000,10.368
1749263162,10.32500000,30.49000000,10.368
1749263162,10.32400000,51.48000000,10.368
1749263162,10.32300000,27.55000000,10.368
1749263162,10.32200000,59.84000000,10.368
1749263162,10.32100000,69.84000000,10.368
1749263162,10.32000000,0.97000000,10.368
1749263162,10.31900000,46.01000000,10.368
1749263162,10.31800000,32.01000000,10.368
1749263162,10.31700000,0.97000000,10.368
1749263162,10.31600000,23.92000000,10.368
1749263162,10.31500000,40.12000000,10.368
1749263162,10.31400000,73.12000000,10.368
1749263162,10.31300000,3.00000000,10.368
1749263162,10.31200000,53.56000000,10.368
1749263162,10.31100000,0.97000000,10.368
1749263162,10.31000000,0.97000000,10.368
1749263162,10.30900000,100.16000000,10.368
1749263162,10.30800000,69.84000000,10.368
1749263162,10.30700000,23.92000000,10.368
1749263162,10.30600000,10.60000000,10.368
1749263162,10.30500000,77.47000000,10.368
1749263162,10.30400000,79.69000000,10.368
1749263162,10.30300000,33.56000000,10.368
1749263162,10.30200000,0.97000000,10.368
1749263162,10.30100000,23.92000000,10.368
1749263162,10.30000000,14.45000000,10.368
1749263162,10.29900000,23.92000000,10.368
1749263162,10.29800000,0.97000000,10.368
1749263162,10.29700000,82.76000000,10.368
1749263162,10.29600000,69.84000000,10.368
1749263162,10.29500000,53.44000000,10.368
1749263162,10.29400000,0.97000000,10.368
1749263162,10.29300000,0.97000000,10.368
1749263162,10.29000000,22.95000000,10.368
1749263162,10.28900000,49.20000000,10.368
1749263162,10.28700000,30.87000000,10.368
1749263162,10.28600000,29.52000000,10.368
1749263162,10.28300000,22.95000000,10.368
1749263162,10.28200000,68.87000000,10.368
1749263162,10.28100000,1.90000000,10.368
1749263162,10.27900000,22.95000000,10.368
1749263162,10.27700000,52.47000000,10.368
1749263162,10.27600000,49.20000000,10.368
1749263162,10.27300000,22.95000000,10.368
1749263162,10.27100000,591.09000000,10.368
1749263162,10.27000000,68.87000000,10.368
1749263162,10.26700000,22.95000000,10.368
1749263162,10.26500000,3.45000000,10.368
1749263162,10.26300000,22.95000000,10.368
1749263162,10.26200000,70.65000000,10.368
1749263162,10.26100000,72.15000000,10.368
1749263162,10.26000000,29.52000000,10.368
1749263162,10.25900000,196.44000000,10.368
1749263162,10.25600000,3.21000000,10.368
1749263162,10.25500000,22.95000000,10.368
1749263162,10.25400000,68.87000000,10.368
1749263162,10.25300000,72.15000000,10.368
1749263464,10.37900000,0.97000000,10.383
1749263464,10.37800000,0.97000000,10.383
1749263464,10.37700000,0.97000000,10.383
1749263464,10.37600000,0.97000000,10.383
1749263464,10.37500000,20.81000000,10.383
1749263464,10.37400000,56.13000000,10.383
1749263464,10.37300000,0.97000000,10.383
1749263464,10.37200000,0.97000000,10.383
1749263464,10.37100000,10.61000000,10.383
1749263464,10.37000000,10.97000000,10.383
1749263464,10.36900000,0.97000000,10.383
1749263464,10.36800000,0.97000000,10.383
1749263464,10.36700000,0.97000000,10.383
1749263464,10.36600000,30.55000000,10.383
1749263464,10.36500000,98.59000000,10.383
1749263464,10.36400000,21.32000000,10.383
1749263464,10.36300000,33.77000000,10.383
1749263464,10.36200000,130.52000000,10.383
1749263464,10.36100000,178.86000000,10.383
1749263464,10.36000000,130.03000000,10.383
1749263464,10.35900000,122.97000000,10.383
1749263464,10.35800000,72.62000000,10.383
1749263464,10.35700000,72.16000000,10.383
1749263464,10.35600000,108.50000000,10.383
1749263464,10.35500000,0.97000000,10.383
1749263464,10.35400000,75.59000000,10.383
1749263464,10.35300000,276.73000000,10.383
1749263464,10.35200000,98.18000000,10.383
1749263464,10.35100000,41.59000000,10.383
1749263464,10.35000000,97.67000000,10.383
1749263464,10.34900000,129.97000000,10.383
1749263464,10.34800000,2.97000000,10.383
1749263464,10.34700000,23.92000000,10.383
1749263464,10.34600000,166.25000000,10.383
1749263464,10.34500000,63.40000000,10.383
1749263464,10.34400000,53.44000000,10.383
1749263464,10.34300000,2.95000000,10.383
1749263464,10.34200000,52.89000000,10.383
1749263464,10.34100000,10.62000000,10.383
1749263464,10.34000000,53.47000000,10.383
1749263464,10.33900000,0.97000000,10.383
1749263464,10.33800000,146.41000000,10.383
1749263464,10.33700000,0.97000000,10.383
1749263464,10.33600000,55.62000000,10.383
1749263464,10.33500000,99.36000000,10.383
1749263464,10.33400000,0.97000000,10.383
1749263464,10.33300000,36.05000000,10.383
1749263464,10.33200000,10.63000000,10.383
1749263464,10.33100000,23.92000000,10.383
1749263464,10.33000000,69.44000000,10.383
1749263464,10.32900000,31.94000000,10.383
1749263464,10.32800000,12.77000000,10.383
1749263464,10.32700000,22.30000000,10.383
1749263464,10.32600000,23.92000000,10.383
1749263464,10.32500000,30.49000000,10.383
1749263464,10.32400000,29.90000000,10.383
1749263464,10.32300000,27.55000000,10.383
1749263464,10.32200000,126.38000000,10.383
1749263464,10.32100000,69.84000000,10.383
1749263464,10.32000000,0.97000000,10.383
1749263464,10.31900000,23.92000000,10.383
1749263464,10.31800000,12.71000000,10.383
1749263464,10.31700000,0.97000000,10.383
1749263464,10.31600000,23.92000000,10.383
1749263464,10.31500000,40.11000000,10.383
1749263464,10.31400000,73.12000000,10.383
1749263464,10.31300000,0.97000000,10.383
1749263464,10.31200000,24.64000000,10.383
1749263464,10.31100000,0.97000000,10.383
1749263464,10.31000000,0.97000000,10.383
1749263464,10.30900000,77.42000000,10.383
1749263464,10.30800000,69.84000000,10.383
1749263464,10.30700000,0.97000000,10.383
1749263464,10.30600000,0.97000000,10.383
1749263464,10.30500000,23.92000000,10.383
1749263464,10.30400000,79.69000000,10.383
1749263464,10.30300000,0.97000000,10.383
1749263464,10.29900000,22.95000000,10.383
1749263464,10.29700000,72.15000000,10.383
1749263464,10.29600000,68.87000000,10.383
1749263464,10.29500000,54.38000000,10.383
1749263464,10.29000000,22.95000000,10.383
1749263464,10.28900000,49.20000000,10.383
1749263464,10.28700000,30.87000000,10.383
1749263464,10.28600000,29.52000000,10.383
1749263464,10.28300000,22.95000000,10.383
1749263464,10.28200000,68.87000000,10.383
1749263464,10.27800000,590.69000000,10.383
1749263464,10.27700000,29.52000000,10.383
1749263464,10.27600000,49.20000000,10.383
1749263464,10.27400000,3.85000000,10.383
1749263464,10.27300000,173.25000000,10.383
1749263464,10.27000000,68.87000000,10.383
1749263464,10.26500000,3.45000000,10.383
1749263464,10.26200000,70.65000000,10.383
1749263464,10.26100000,49.20000000,10.383
1749263464,10.26000000,29.52000000,10.383
1749263464,10.25700000,1.47000000,10.383
1749263464,10.25600000,59.66000000,10.383
1749263464,10.25400000,68.87000000,10.383
1749263765,10.41300000,30.32000000,10.416
1749263765,10.41200000,0.97000000,10.416
1749263765,10.41100000,0.97000000,10.416
1749263765,10.41000000,0.97000000,10.416
1749263765,10.40900000,23.55000000,10.416
1749263765,10.40800000,39.46000000,10.416
1749263765,10.40700000,7.44000000,10.416
1749263765,10.40600000,0.97000000,10.416
1749263765,10.40500000,0.97000000,10.416
1749263765,10.40400000,0.97000000,10.416
1749263765,10.40300000,3.64000000,10.416
1749263765,10.40200000,96.89000000,10.416
1749263765,10.40100000,41.33000000,10.416
1749263765,10.40000000,236.20000000,10.416
1749263765,10.39900000,144.81000000,10.416
1749263765,10.39800000,99.28000000,10.416
1749263765,10.39700000,0.97000000,10.416
1749263765,10.39600000,46.19000000,10.416
1749263765,10.39500000,206.77000000,10.416
1749263765,10.39400000,37.31000000,10.416
1749263765,10.39300000,121.12000000,10.416
1749263765,10.39200000,40.09000000,10.416
1749263765,10.39100000,40.21000000,10.416
1749263765,10.39000000,126.15000000,10.416
1749263765,10.38900000,100.43000000,10.416
1749263765,10.38800000,12.83000000,10.416
1749263765,10.38700000,116.42000000,10.416
1749263765,10.38600000,100.23000000,10.416
1749263765,10.38500000,59.78000000,10.416
1749263765,10.38400000,20.42000000,10.416
1749263765,10.38300000,109.63000000,10.416
1749263765,10.38200000,69.84000000,10.416
1749263765,10.38100000,0.97000000,10.416
1749263765,10.38000000,30.49000000,10.416
1749263765,10.37900000,0.97000000,10.416
1749263765,10.37800000,13.00000000,10.416
1749263765,10.37700000,50.17000000,10.416
1749263765,10.37600000,0.97000000,10.416
1749263765,10.37500000,29.80000000,10.416
1749263765,10.37400000,10.59000000,10.416
1749263765,10.37300000,11.43000000,10.416
1749263765,10.37200000,0.97000000,10.416
1749263765,10.37100000,40.13000000,10.416
1749263765,10.37000000,10.59000000,10.416
1749263765,10.36900000,69.84000000,10.416
1749263765,10.36800000,52.42000000,10.416
1749263765,10.36700000,0.97000000,10.416
1749263765,10.36600000,29.72000000,10.416
1749263765,10.36500000,0.64000000,10.416
1749263765,10.36400000,82.03000000,10.416
1749263765,10.36300000,0.97000000,10.416
1749263765,10.36200000,38.48000000,10.416
1749263765,10.36100000,73.12000000,10.416
1749263765,10.36000000,29.75000000,10.416
1749263765,10.35900000,33.51000000,10.416
1749263765,10.35800000,69.83000000,10.416
1749263765,10.35700000,23.91000000,10.416
1749263765,10.35600000,0.96000000,10.416
1749263765,10.35500000,23.91000000,10.416
1749263765,10.35400000,10.55000000,10.416
1749263765,10.35300000,102.63000000,10.416
1749263765,10.35200000,67.28000000,10.416
1749263765,10.35100000,33.50000000,10.416
1749263765,10.35000000,0.97000000,10.416
1749263765,10.34900000,0.97000000,10.416
1749263765,10.34800000,10.56000000,10.416
1749263765,10.34700000,23.92000000,10.416
1749263765,10.34600000,69.84000000,10.416
1749263765,10.34500000,59.77000000,10.416
1749263765,10.34400000,53.44000000,10.416
1749263765,10.34300000,0.97000000,10.416
1749263765,10.34200000,0.97000000,10.416
1749263765,10.34100000,0.97000000,10.416
1749263765,10.34000000,23.92000000,10.416
1749263765,10.33900000,0.97000000,10.416
1749263765,10.33800000,73.12000000,10.416
1749263765,10.33600000,22.95000000,10.416
1749263765,10.33500000,98.39000000,10.416
1749263765,10.33100000,22.95000000,10.416
1749263765,10.33000000,49.20000000,10.416
1749263765,10.32900000,53.27000000,10.416
1749263765,10.32700000,1.93000000,10.416
1749263765,10.32600000,22.95000000,10.416
1749263765,10.32500000,29.52000000,10.416
1749263765,10.32300000,24.20000000,10.416
1749263765,10.32200000,49.20000000,10.416
1749263765,10.32100000,91.82000000,10.416
1749263765,10.31600000,22.95000000,10.416
1749263765,10.31500000,29.52000000,10.416
1749263765,10.31400000,72.15000000,10.416
1749263765,10.31200000,612.41000000,10.416
1749263765,10.31100000,172.66000000,10.416
1749263765,10.31000000,6.77000000,10.416
1749263765,10.30900000,22.95000000,10.416
1749263765,10.30800000,68.87000000,10.416
1749263765,10.30400000,78.72000000,10.416
1749263765,10.30200000,1.71000000,10.416
1749263765,10.30000000,4.69000000,10.416
1749263765,10.29700000,49.20000000,10.416
1749263765,10.29600000,68.87000000,10.416
1749264067,10.40000000,5.80000000,10.399
1749264067,10.39900000,0.97000000,10.399
1749264067,10.39800000,0.97000000,10.399
1749264067,10.39700000,0.97000000,10.399
1749264067,10.39600000,0.97000000,10.399
1749264067,10.39500000,29.95000000,10.399
1749264067,10.39400000,17.29000000,10.399
1749264067,10.39300000,20.60000000,10.399
1749264067,10.39200000,0.97000000,10.399
1749264067,10.39100000,0.97000000,10.399
1749264067,10.39000000,0.97000000,10.399
1749264067,10.38900000,29.53000000,10.399
1749264067,10.38800000,202.88000000,10.399
1749264067,10.38700000,305.36000000,10.399
1749264067,10.38600000,45.11000000,10.399
1749264067,10.38500000,69.84000000,10.399
1749264067,10.38400000,1.46000000,10.399
1749264067,10.38300000,52.72000000,10.399
1749264067,10.38200000,32.63000000,10.399
1749264067,10.38100000,106.91000000,10.399
1749264067,10.38000000,51.39000000,10.399
1749264067,10.37900000,132.77000000,10.399
1749264067,10.37800000,13.01000000,10.399
1749264067,10.37700000,29.77000000,10.399
1749264067,10.37600000,100.69000000,10.399
1749264067,10.37500000,161.66000000,10.399
1749264067,10.37400000,0.97000000,10.399
1749264067,10.37300000,106.86000000,10.399
1749264067,10.37200000,10.59000000,10.399
1749264067,10.37100000,40.13000000,10.399
1749264067,10.37000000,312.07000000,10.399
1749264067,10.36900000,69.84000000,10.399
1749264067,10.36800000,52.42000000,10.399
1749264067,10.36700000,4.60000000,10.399
1749264067,10.36600000,10.54000000,10.399
1749264067,10.36500000,0.64000000,10.399
1749264067,10.36400000,10.54000000,10.399
1749264067,10.36300000,22.52000000,10.399
1749264067,10.36200000,38.51000000,10.399
1749264067,10.36100000,50.17000000,10.399
1749264067,10.36000000,32.05000000,10.399
1749264067,10.35900000,23.92000000,10.399
1749264067,10.35800000,143.73000000,10.399
1749264067,10.35700000,31.83000000,10.399
1749264067,10.35600000,0.96000000,10.399
1749264067,10.35500000,33.51000000,10.399
1749264067,10.35400000,42.21000000,10.399
1749264067,10.35300000,81.81000000,10.399
1749264067,10.35200000,33.51000000,10.399
1749264067,10.35100000,8.96000000,10.399
1749264067,10.35000000,0.97000000,10.399
1749264067,10.34900000,23.92000000,10.399
1749264067,10.34800000,31.94000000,10.399
1749264067,10.34700000,23.92000000,10.399
1749264067,10.34600000,69.84000000,10.399
1749264067,10.34500000,59.77000000,10.399
1749264067,10.34400000,53.44000000,10.399
1749264067,10.34300000,69.53000000,10.399
1749264067,10.34200000,33.52000000,10.399
1749264067,10.34100000,0.97000000,10.399
1749264067,10.34000000,31.93000000,10.399
1749264067,10.33900000,10.57000000,10.399
1749264067,10.33800000,73.12000000,10.399
1749264067,10.33700000,0.97000000,10.399
1749264067,10.33600000,23.92000000,10.399
1749264067,10.33500000,99.36000000,10.399
1749264067,10.33400000,0.97000000,10.399
1749264067,10.33300000,0.97000000,10.399
1749264067,10.33200000,0.97000000,10.399
1749264067,10.33100000,23.92000000,10.399
1749264067,10.33000000,50.17000000,10.399
1749264067,10.32900000,0.97000000,10.399
1749264067,10.32800000,0.97000000,10.399
1749264067,10.32700000,0.97000000,10.399
1749264067,10.32600000,23.92000000,10.399
1749264067,10.32500000,30.49000000,10.399
1749264067,10.32400000,53.38000000,10.399
1749264067,10.32300000,24.20000000,10.399
1749264067,10.32200000,49.20000000,10.399
1749264067,10.32100000,91.82000000,10.399
1749264067,10.31700000,1.92000000,10.399
1749264067,10.31600000,22.95000000,10.399
1749264067,10.31500000,29.52000000,10.399
1749264067,10.31400000,72.15000000,10.399
1749264067,10.31200000,23.67000000,10.399
1749264067,10.30900000,22.95000000,10.399
1749264067,10.30800000,68.87000000,10.399
1749264067,10.30700000,22.95000000,10.399
1749264067,10.30500000,589.14000000,10.399
1749264067,10.30400000,78.72000000,10.399
1749264067,10.29900000,22.95000000,10.399
1749264067,10.29700000,72.15000000,10.399
1749264067,10.29600000,68.87000000,10.399
1749264067,10.29500000,225.47000000,10.399
1749264067,10.29100000,22.95000000,10.399
1749264067,10.29000000,0.97000000,10.399
1749264067,10.28700000,30.87000000,10.399
1749264067,10.28600000,29.52000000,10.399
1749264067,10.28300000,56.30000000,10.399
1749264067,10.28200000,68.87000000,10.399
1749264373,10.38300000,3.14000000,10.383
1749264373,10.38200000,0.97000000,10.383
1749264373,10.38100000,0.97000000,10.383
1749264373,10.38000000,0.97000000,10.383
1749264373,10.37900000,0.97000000,10.383
1749264373,10.37800000,33.06000000,10.383
1749264373,10.37700000,7.74000000,10.383
1749264373,10.37600000,10.73000000,10.383
1749264373,10.37500000,39.77000000,10.383
1749264373,10.37400000,0.97000000,10.383
1749264373,10.37300000,31.86000000,10.383
1749264373,10.37200000,94.69000000,10.383
1749264373,10.37100000,39.72000000,10.383
1749264373,10.37000000,117.97000000,10.383
1749264373,10.36900000,122.56000000,10.383
1749264373,10.36800000,97.48000000,10.383
1749264373,10.36700000,33.91000000,10.383
1749264373,10.36600000,109.81000000,10.383
1749264373,10.36500000,0.64000000,10.383
1749264373,10.36400000,10.54000000,10.383
1749264373,10.36300000,101.20000000,10.383
1749264373,10.36200000,225.49000000,10.383
1749264373,10.36100000,152.53000000,10.383
1749264373,10.36000000,341.20000000,10.383
1749264373,10.35900000,94.65000000,10.383
1749264373,10.35800000,188.88000000,10.383
1749264373,10.35700000,29.73000000,10.383
1749264373,10.35600000,128.79000000,10.383
1749264373,10.35500000,10.56000000,10.383
1749264373,10.35400000,120.81000000,10.383
1749264373,10.35300000,81.81000000,10.383
1749264373,10.35200000,130.43000000,10.383
1749264373,10.35100000,8.96000000,10.383
1749264373,10.35000000,97.73000000,10.383
1749264373,10.34900000,23.92000000,10.383
1749264373,10.34800000,12.72000000,10.383
1749264373,10.34700000,27.55000000,10.383
1749264373,10.34600000,69.84000000,10.383
1749264373,10.34500000,150.70000000,10.383
1749264373,10.34400000,74.97000000,10.383
1749264373,10.34300000,3.04000000,10.383
1749264373,10.34200000,33.52000000,10.383
1749264373,10.34100000,0.97000000,10.383
1749264373,10.34000000,53.24000000,10.383
1749264373,10.33900000,10.57000000,10.383
1749264373,10.33800000,75.86000000,10.383
1749264373,10.33700000,0.97000000,10.383
1749264373,10.33600000,52.77000000,10.383
1749264373,10.33500000,99.36000000,10.383
1749264373,10.33400000,23.92000000,10.383
1749264373,10.33300000,32.64000000,10.383
1749264373,10.33200000,0.97000000,10.383
1749264373,10.33100000,23.92000000,10.383
1749264373,10.33000000,79.04000000,10.383
1749264373,10.32900000,98.43000000,10.383
1749264373,10.32800000,0.97000000,10.383
1749264373,10.32700000,10.59000000,10.383
1749264373,10.32600000,33.54000000,10.383
1749264373,10.32500000,30.49000000,10.383
1749264373,10.32400000,0.97000000,10.383
1749264373,10.32300000,34.79000000,10.383
1749264373,10.32200000,50.17000000,10.383
1749264373,10.32100000,92.79000000,10.383
1749264373,10.32000000,0.97000000,10.383
1749264373,10.31900000,54.38000000,10.383
1749264373,10.31800000,10.59000000,10.383
1749264373,10.31700000,0.97000000,10.383
1749264373,10.31600000,23.92000000,10.383
1749264373,10.31500000,40.11000000,10.383
1749264373,10.31400000,73.12000000,10.383
1749264373,10.31300000,0.97000000,10.383
1749264373,10.31200000,24.64000000,10.383
1749264373,10.31100000,0.97000000,10.383
1749264373,10.31000000,0.97000000,10.383
1749264373,10.30900000,23.92000000,10.383
1749264373,10.30800000,69.84000000,10.383
1749264373,10.30700000,22.95000000,10.383
1749264373,10.30400000,78.72000000,10.383
1749264373,10.30300000,22.95000000,10.383
1749264373,10.29800000,1.91000000,10.383
1749264373,10.29700000,72.15000000,10.383
1749264373,10.29600000,68.87000000,10.383
1749264373,10.29500000,52.47000000,10.383
1749264373,10.28700000,3.43000000,10.383
1749264373,10.28600000,29.52000000,10.383
1749264373,10.28200000,68.87000000,10.383
1749264373,10.27900000,590.63000000,10.383
1749264373,10.27800000,56.33000000,10.383
1749264373,10.27700000,29.52000000,10.383
1749264373,10.27300000,174.70000000,10.383
1749264373,10.27000000,68.87000000,10.383
1749264373,10.26900000,70.60000000,10.383
1749264373,10.26800000,70.61000000,10.383
1749264373,10.26500000,3.45000000,10.383
1749264373,10.26100000,4.50000000,10.383
1749264373,10.26000000,29.52000000,10.383
1749264373,10.25600000,3.21000000,10.383
1749264373,10.25400000,68.87000000,10.383
1749264373,10.24800000,3.86000000,10.383
1749264373,10.24600000,1.95000000,10.383
1749264675,10.39000000,4.84000000,10.389
1749264675,10.38800000,0.97000000,10.389
1749264675,10.38700000,10.97000000,10.389
1749264675,10.38600000,10.18000000,10.389
1749264675,10.38500000,15.99000000,10.389
1749264675,10.38400000,17.74000000,10.389
1749264675,10.38300000,0.97000000,10.389
1749264675,10.38200000,0.97000000,10.389
1749264675,10.38100000,70.49000000,10.389
1749264675,10.38000000,92.43000000,10.389
1749264675,10.37900000,32.63000000,10.389
1749264675,10.37800000,105.54000000,10.389
1749264675,10.37700000,21.92000000,10.389
1749264675,10.37600000,115.33000000,10.389
1749264675,10.37500000,97.35000000,10.389
1749264675,10.37400000,0.97000000,10.389
1749264675,10.37300000,3.32000000,10.389
1749264675,10.37200000,39.48000000,10.389
1749264675,10.37100000,113.79000000,10.389
1749264675,10.37000000,435.18000000,10.389
1749264675,10.36900000,110.96000000,10.389
1749264675,10.36800000,3.22000000,10.389
1749264675,10.36700000,32.88000000,10.389
1749264675,10.36600000,101.78000000,10.389
1749264675,10.36500000,114.71000000,10.389
1749264675,10.36400000,154.17000000,10.389
1749264675,10.36300000,52.51000000,10.389
1749264675,10.36200000,108.63000000,10.389
1749264675,10.36100000,0.97000000,10.389
1749264675,10.36000000,14.22000000,10.389
1749264675,10.35900000,23.92000000,10.389
1749264675,10.35800000,162.91000000,10.389
1749264675,10.35700000,10.55000000,10.389
1749264675,10.35600000,73.11000000,10.389
1749264675,10.35500000,10.56000000,10.389
1749264675,10.35400000,53.43000000,10.389
1749264675,10.35300000,3.09000000,10.389
1749264675,10.35200000,82.22000000,10.389
1749264675,10.35100000,51.18000000,10.389
1749264675,10.35000000,0.97000000,10.389
1749264675,10.34900000,23.92000000,10.389
1749264675,10.34800000,12.72000000,10.389
1749264675,10.34700000,23.92000000,10.389
1749264675,10.34600000,69.84000000,10.389
1749264675,10.34500000,59.77000000,10.389
1749264675,10.34400000,74.97000000,10.389
1749264675,10.34300000,3.04000000,10.389
1749264675,10.34200000,52.77000000,10.389
1749264675,10.34100000,0.97000000,10.389
1749264675,10.34000000,53.25000000,10.389
1749264675,10.33900000,10.57000000,10.389
1749264675,10.33800000,75.86000000,10.389
1749264675,10.33700000,0.97000000,10.389
1749264675,10.33600000,52.77000000,10.389
1749264675,10.33500000,165.83000000,10.389
1749264675,10.33400000,23.92000000,10.389
1749264675,10.33300000,35.16000000,10.389
1749264675,10.33200000,0.97000000,10.389
1749264675,10.33100000,33.53000000,10.389
1749264675,10.33000000,50.17000000,10.389
1749264675,10.32900000,33.54000000,10.389
1749264675,10.32800000,3.58000000,10.389
1749264675,10.32700000,0.97000000,10.389
1749264675,10.32600000,23.92000000,10.389
1749264675,10.32500000,30.49000000,10.389
1749264675,10.32400000,10.59000000,10.389
1749264675,10.32300000,25.17000000,10.389
1749264675,10.32200000,50.17000000,10.389
1749264675,10.32100000,92.79000000,10.389
1749264675,10.32000000,0.97000000,10.389
1749264675,10.31900000,0.97000000,10.389
1749264675,10.31800000,54.38000000,10.389
1749264675,10.31700000,0.97000000,10.389
1749264675,10.31600000,23.92000000,10.389
1749264675,10.31500000,30.49000000,10.389
1749264675,10.31400000,72.15000000,10.389
1749264675,10.31200000,23.67000000,10.389
1749264675,10.30900000,22.95000000,10.389
1749264675,10.30800000,68.87000000,10.389
1749264675,10.30700000,22.95000000,10.389
1749264675,10.30400000,78.72000000,10.389
1749264675,10.30300000,24.86000000,10.389
1749264675,10.29700000,72.15000000,10.389
1749264675,10.29600000,68.87000000,10.389
1749264675,10.29500000,52.47000000,10.389
1749264675,10.28800000,590.12000000,10.389
1749264675,10.28700000,176.59000000,10.389
1749264675,10.28600000,29.52000000,10.389
1749264675,10.28300000,49.20000000,10.389
1749264675,10.28200000,68.87000000,10.389
1749264675,10.27700000,29.52000000,10.389
1749264675,10.27400000,3.85000000,10.389
1749264675,10.27300000,57.82000000,10.389
1749264675,10.27000000,68.87000000,10.389
1749264675,10.26900000,70.60000000,10.389
1749264675,10.26800000,70.61000000,10.389
1749264675,10.26500000,3.45000000,10.389
1749264675,10.26100000,4.50000000,10.389
1749264675,10.26000000,29.52000000,10.389
1749264675,10.25600000,3.21000000,10.389
1749264976,10.38000000,27.79000000,10.38
1749264976,10.37900000,5.15000000,10.38
1749264976,10.37800000,23.92000000,10.38
1749264976,10.37700000,10.97000000,10.38
1749264976,10.37600000,0.97000000,10.38
1749264976,10.37500000,23.93000000,10.38
1749264976,10.37400000,0.97000000,10.38
1749264976,10.37300000,70.93000000,10.38
1749264976,10.37200000,215.52000000,10.38
1749264976,10.37100000,161.71000000,10.38
1749264976,10.37000000,93.40000000,10.38
1749264976,10.36900000,0.97000000,10.38
1749264976,10.36800000,3.22000000,10.38
1749264976,10.36700000,28.17000000,10.38
1749264976,10.36600000,144.40000000,10.38
1749264976,10.36500000,193.16000000,10.38
1749264976,10.36400000,10.60000000,10.38
1749264976,10.36300000,69.05000000,10.38
1749264976,10.36200000,156.39000000,10.38
1749264976,10.36100000,164.58000000,10.38
1749264976,10.36000000,202.56000000,10.38
1749264976,10.35900000,22.62000000,10.38
1749264976,10.35800000,72.16000000,10.38
1749264976,10.35700000,62.68000000,10.38
1749264976,10.35600000,134.60000000,10.38
1749264976,10.35500000,124.51000000,10.38
1749264976,10.35400000,30.48000000,10.38
1749264976,10.35300000,45.28000000,10.38
1749264976,10.35200000,155.90000000,10.38
1749264976,10.35100000,31.94000000,10.38
1749264976,10.35000000,0.97000000,10.38
1749264976,10.34900000,23.92000000,10.38
1749264976,10.34800000,12.72000000,10.38
1749264976,10.34700000,23.92000000,10.38
1749264976,10.34600000,69.84000000,10.38
1749264976,10.34500000,59.77000000,10.38
1749264976,10.34400000,74.97000000,10.38
1749264976,10.34300000,22.29000000,10.38
1749264976,10.34200000,105.29000000,10.38
1749264976,10.34100000,0.97000000,10.38
1749264976,10.34000000,53.25000000,10.38
1749264976,10.33900000,10.57000000,10.38
1749264976,10.33800000,75.86000000,10.38
1749264976,10.33700000,0.97000000,10.38
1749264976,10.33600000,52.79000000,10.38
1749264976,10.33500000,99.36000000,10.38
1749264976,10.33400000,23.92000000,10.38
1749264976,10.33300000,35.16000000,10.38
1749264976,10.33200000,0.97000000,10.38
1749264976,10.33100000,33.53000000,10.38
1749264976,10.33000000,69.42000000,10.38
1749264976,10.32900000,31.94000000,10.38
1749264976,10.32800000,3.58000000,10.38
1749264976,10.32700000,10.58000000,10.38
1749264976,10.32600000,23.92000000,10.38
1749264976,10.32500000,30.49000000,10.38
1749264976,10.32400000,83.26000000,10.38
1749264976,10.32300000,34.80000000,10.38
1749264976,10.32200000,116.74000000,10.38
1749264976,10.32100000,92.79000000,10.38
1749264976,10.32000000,0.97000000,10.38
1749264976,10.31900000,10.60000000,10.38
1749264976,10.31800000,0.97000000,10.38
1749264976,10.31700000,0.97000000,10.38
1749264976,10.31600000,38.03000000,10.38
1749264976,10.31500000,78.10000000,10.38
1749264976,10.31400000,73.12000000,10.38
1749264976,10.31300000,10.60000000,10.38
1749264976,10.31200000,70.91000000,10.38
1749264976,10.31100000,0.97000000,10.38
1749264976,10.31000000,0.97000000,10.38
1749264976,10.30900000,23.92000000,10.38
1749264976,10.30800000,69.84000000,10.38
1749264976,10.30700000,23.92000000,10.38
1749264976,10.30600000,0.97000000,10.38
1749264976,10.30500000,0.97000000,10.38
1749264976,10.30400000,82.55000000,10.38
1749264976,10.30300000,22.95000000,10.38
1749264976,10.29700000,72.15000000,10.38
1749264976,10.29600000,68.87000000,10.38
1749264976,10.29500000,52.47000000,10.38
1749264976,10.29400000,1.91000000,10.38
1749264976,10.28700000,26.38000000,10.38
1749264976,10.28600000,29.52000000,10.38
1749264976,10.28500000,22.95000000,10.38
1749264976,10.28300000,49.20000000,10.38
1749264976,10.28200000,68.87000000,10.38
1749264976,10.27700000,29.52000000,10.38
1749264976,10.27200000,591.04000000,10.38
1749264976,10.27100000,173.35000000,10.38
1749264976,10.27000000,68.87000000,10.38
1749264976,10.26900000,126.98000000,10.38
1749264976,10.26800000,70.61000000,10.38
1749264976,10.26500000,4.92000000,10.38
1749264976,10.26000000,29.52000000,10.38
1749264976,10.25600000,3.21000000,10.38
1749264976,10.25400000,68.87000000,10.38
1749264976,10.24600000,1.95000000,10.38
1749264976,10.24200000,68.87000000,10.38
1749264976,10.23700000,0.73000000,10.38
1749265278,10.35100000,0.97000000,10.351
1749265278,10.35000000,0.97000000,10.351
1749265278,10.34900000,0.97000000,10.351
1749265278,10.34800000,19.23000000,10.351
1749265278,10.34700000,67.93000000,10.351
1749265278,10.34600000,271.51000000,10.351
1749265278,10.34500000,155.66000000,10.351
1749265278,10.34400000,167.98000000,10.351
1749265278,10.34300000,233.01000000,10.351
1749265278,10.34200000,0.97000000,10.351
1749265278,10.34100000,0.97000000,10.351
1749265278,10.34000000,0.97000000,10.351
1749265278,10.33900000,0.97000000,10.351
1749265278,10.33800000,90.58000000,10.351
1749265278,10.33700000,147.47000000,10.351
1749265278,10.33600000,107.00000000,10.351
1749265278,10.33500000,86.84000000,10.351
1749265278,10.33400000,199.83000000,10.351
1749265278,10.33300000,10.63000000,10.351
1749265278,10.33200000,107.36000000,10.351
1749265278,10.33100000,90.25000000,10.351
1749265278,10.33000000,117.02000000,10.351
1749265278,10.32900000,27.10000000,10.351
1749265278,10.32800000,3.58000000,10.351
1749265278,10.32700000,50.66000000,10.351
1749265278,10.32600000,130.43000000,10.351
1749265278,10.32500000,40.16000000,10.351
1749265278,10.32400000,25.39000000,10.351
1749265278,10.32300000,73.28000000,10.351
1749265278,10.32200000,22.32000000,10.351
1749265278,10.32100000,10.63000000,10.351
1749265278,10.32000000,0.97000000,10.351
1749265278,10.31900000,10.64000000,10.351
1749265278,10.31800000,30.42000000,10.351
1749265278,10.31700000,50.17000000,10.351
1749265278,10.31600000,44.60000000,10.351
1749265278,10.31500000,0.97000000,10.351
1749265278,10.31400000,0.97000000,10.351
1749265278,10.31300000,13.36000000,10.351
1749265278,10.31200000,23.28000000,10.351
1749265278,10.31100000,0.97000000,10.351
1749265278,10.31000000,0.97000000,10.351
1749265278,10.30900000,33.56000000,10.351
1749265278,10.30800000,72.54000000,10.351
1749265278,10.30700000,31.96000000,10.351
1749265278,10.30600000,29.93000000,10.351
1749265278,10.30500000,23.92000000,10.351
1749265278,10.30400000,79.69000000,10.351
1749265278,10.30300000,85.64000000,10.351
1749265278,10.30200000,10.62000000,10.351
1749265278,10.30100000,23.92000000,10.351
1749265278,10.30000000,505.73000000,10.351
1749265278,10.29900000,0.97000000,10.351
1749265278,10.29800000,26.75000000,10.351
1749265278,10.29700000,59.81000000,10.351
1749265278,10.29600000,79.48000000,10.351
1749265278,10.29500000,53.44000000,10.351
1749265278,10.29400000,20.31000000,10.351
1749265278,10.29300000,26.81000000,10.351
1749265278,10.29200000,0.97000000,10.351
1749265278,10.29100000,33.58000000,10.351
1749265278,10.29000000,0.97000000,10.351
1749265278,10.28900000,33.58000000,10.351
1749265278,10.28800000,3.25000000,10.351
1749265278,10.28700000,27.35000000,10.351
1749265278,10.28600000,106.90000000,10.351
1749265278,10.28500000,23.92000000,10.351
1749265278,10.28400000,0.97000000,10.351
1749265278,10.28300000,76.02000000,10.351
1749265278,10.28200000,69.84000000,10.351
1749265278,10.28100000,23.92000000,10.351
1749265278,10.28000000,0.97000000,10.351
1749265278,10.27900000,23.92000000,10.351
1749265278,10.27800000,0.97000000,10.351
1749265278,10.27700000,53.44000000,10.351
1749265278,10.27600000,0.97000000,10.351
1749265278,10.27400000,53.80000000,10.351
1749265278,10.27300000,22.95000000,10.351
1749265278,10.27100000,72.15000000,10.351
1749265278,10.27000000,68.87000000,10.351
1749265278,10.26900000,22.95000000,10.351
1749265278,10.26500000,5.34000000,10.351
1749265278,10.26300000,22.95000000,10.351
1749265278,10.26000000,29.52000000,10.351
1749265278,10.25900000,22.95000000,10.351
1749265278,10.25600000,52.41000000,10.351
1749265278,10.25500000,22.95000000,10.351
1749265278,10.25400000,68.87000000,10.351
1749265278,10.25300000,22.95000000,10.351
1749265278,10.25000000,592.30000000,10.351
1749265278,10.24900000,101.67000000,10.351
1749265278,10.24700000,93.70000000,10.351
1749265278,10.24600000,1.95000000,10.351
1749265278,10.24300000,22.95000000,10.351
1749265278,10.24200000,242.86000000,10.351
1749265278,10.24100000,72.15000000,10.351
1749265278,10.23700000,0.73000000,10.351
1749265278,10.23500000,22.95000000,10.351
1749265278,10.23400000,50.17000000,10.351
1749265278,10.23300000,22.95000000,10.351
1749265584,10.32500000,27.80000000,10.325
1749265584,10.32300000,0.97000000,10.325
1749265584,10.32200000,23.92000000,10.325
1749265584,10.32100000,0.97000000,10.325
1749265584,10.32000000,20.85000000,10.325
1749265584,10.31900000,21.24000000,10.325
1749265584,10.31800000,3.12000000,10.325
1749265584,10.31700000,10.85000000,10.325
1749265584,10.31600000,0.97000000,10.325
1749265584,10.31500000,0.97000000,10.325
1749265584,10.31400000,0.97000000,10.325
1749265584,10.31300000,26.83000000,10.325
1749265584,10.31200000,8.67000000,10.325
1749265584,10.31100000,35.72000000,10.325
1749265584,10.31000000,7.95000000,10.325
1749265584,10.30900000,22.73000000,10.325
1749265584,10.30800000,72.54000000,10.325
1749265584,10.30700000,0.97000000,10.325
1749265584,10.30600000,32.65000000,10.325
1749265584,10.30500000,73.47000000,10.325
1749265584,10.30400000,51.55000000,10.325
1749265584,10.30300000,13.47000000,10.325
1749265584,10.30200000,10.62000000,10.325
1749265584,10.30100000,0.97000000,10.325
1749265584,10.30000000,0.97000000,10.325
1749265584,10.29900000,0.97000000,10.325
1749265584,10.29800000,32.81000000,10.325
1749265584,10.29700000,79.14000000,10.325
1749265584,10.29600000,87.54000000,10.325
1749265584,10.29500000,30.49000000,10.325
1749265584,10.29400000,0.97000000,10.325
1749265584,10.29300000,3.86000000,10.325
1749265584,10.29200000,0.97000000,10.325
1749265584,10.29100000,10.62000000,10.325
1749265584,10.29000000,73.27000000,10.325
1749265584,10.28900000,33.58000000,10.325
1749265584,10.28800000,2.95000000,10.325
1749265584,10.28700000,27.35000000,10.325
1749265584,10.28600000,40.15000000,10.325
1749265584,10.28500000,51.31000000,10.325
1749265584,10.28400000,0.97000000,10.325
1749265584,10.28300000,75.52000000,10.325
1749265584,10.28200000,79.50000000,10.325
1749265584,10.28100000,23.92000000,10.325
1749265584,10.28000000,10.63000000,10.325
1749265584,10.27900000,23.92000000,10.325
1749265584,10.27800000,67.27000000,10.325
1749265584,10.27700000,53.44000000,10.325
1749265584,10.27600000,87.20000000,10.325
1749265584,10.27500000,23.92000000,10.325
1749265584,10.27400000,9.04000000,10.325
1749265584,10.27300000,36.47000000,10.325
1749265584,10.27200000,48.78000000,10.325
1749265584,10.27100000,73.12000000,10.325
1749265584,10.27000000,98.86000000,10.325
1749265584,10.26900000,23.92000000,10.325
1749265584,10.26800000,0.97000000,10.325
1749265584,10.26700000,33.59000000,10.325
1749265584,10.26600000,0.97000000,10.325
1749265584,10.26500000,27.37000000,10.325
1749265584,10.26400000,0.97000000,10.325
1749265584,10.26300000,23.92000000,10.325
1749265584,10.26200000,0.97000000,10.325
1749265584,10.26100000,33.60000000,10.325
1749265584,10.26000000,30.49000000,10.325
1749265584,10.25900000,23.92000000,10.325
1749265584,10.25800000,10.65000000,10.325
1749265584,10.25700000,23.92000000,10.325
1749265584,10.25600000,53.38000000,10.325
1749265584,10.25500000,33.60000000,10.325
1749265584,10.25400000,69.84000000,10.325
1749265584,10.25300000,0.97000000,10.325
1749265584,10.25200000,0.97000000,10.325
1749265584,10.25100000,23.92000000,10.325
1749265584,10.25000000,0.97000000,10.325
1749265584,10.24900000,101.67000000,10.325
1749265584,10.24700000,22.95000000,10.325
1749265584,10.24600000,1.95000000,10.325
1749265584,10.24200000,68.87000000,10.325
1749265584,10.24100000,72.15000000,10.325
1749265584,10.23900000,22.95000000,10.325
1749265584,10.23800000,1.87000000,10.325
1749265584,10.23700000,0.73000000,10.325
1749265584,10.23400000,50.17000000,10.325
1749265584,10.23300000,22.95000000,10.325
1749265584,10.23200000,29.52000000,10.325
1749265584,10.23100000,22.95000000,10.325
1749265584,10.23000000,1.47000000,10.325
1749265584,10.22600000,0.53000000,10.325
1749265584,10.22200000,175.87000000,10.325
1749265584,10.22100000,309.14000000,10.325
1749265584,10.21900000,49.20000000,10.325
1749265584,10.21800000,68.87000000,10.325
1749265584,10.21700000,70.96000000,10.325
1749265584,10.20700000,594.80000000,10.325
1749265584,10.20600000,68.87000000,10.325
1749265584,10.20400000,29.52000000,10.325
1749265584,10.20000000,801.53000000,10.325
1749265584,10.19500000,56.79000000,10.325
1749265584,10.19400000,68.87000000,10.325
1749265886,10.33800000,27.79000000,10.339
1749265886,10.33700000,0.97000000,10.339
1749265886,10.33600000,10.97000000,10.339
1749265886,10.33500000,32.49000000,10.339
1749265886,10.33400000,18.14000000,10.339
1749265886,10.33300000,25.87000000,10.339
1749265886,10.33200000,0.97000000,10.339
1749265886,10.33100000,5.67000000,10.339
1749265886,10.33000000,7.85000000,10.339
1749265886,10.32900000,0.97000000,10.339
1749265886,10.32800000,23.73000000,10.339
1749265886,10.32700000,10.64000000,10.339
1749265886,10.32600000,10.65000000,10.339
1749265886,10.32500000,0.97000000,10.339
1749265886,10.32400000,0.97000000,10.339
1749265886,10.32300000,84.71000000,10.339
1749265886,10.32200000,119.04000000,10.339
1749265886,10.32100000,49.95000000,10.339
1749265886,10.32000000,0.97000000,10.339
1749265886,10.31900000,10.64000000,10.339
1749265886,10.31800000,3.12000000,10.339
1749265886,10.31700000,2.36000000,10.339
1749265886,10.31600000,29.98000000,10.339
1749265886,10.31500000,32.01000000,10.339
1749265886,10.31400000,59.50000000,10.339
1749265886,10.31300000,3.73000000,10.339
1749265886,10.31200000,50.89000000,10.339
1749265886,10.31100000,0.97000000,10.339
1749265886,10.31000000,10.64000000,10.339
1749265886,10.30900000,73.06000000,10.339
1749265886,10.30800000,72.54000000,10.339
1749265886,10.30700000,9.04000000,10.339
1749265886,10.30600000,33.56000000,10.339
1749265886,10.30500000,30.49000000,10.339
1749265886,10.30400000,73.12000000,10.339
1749265886,10.30300000,13.47000000,10.339
1749265886,10.30200000,52.90000000,10.339
1749265886,10.30100000,0.97000000,10.339
1749265886,10.30000000,0.97000000,10.339
1749265886,10.29900000,23.92000000,10.339
1749265886,10.29800000,3.80000000,10.339
1749265886,10.29700000,82.76000000,10.339
1749265886,10.29600000,87.53000000,10.339
1749265886,10.29500000,53.44000000,10.339
1749265886,10.29400000,20.29000000,10.339
1749265886,10.29300000,3.86000000,10.339
1749265886,10.29200000,23.92000000,10.339
1749265886,10.29100000,10.62000000,10.339
1749265886,10.29000000,23.92000000,10.339
1749265886,10.28900000,10.63000000,10.339
1749265886,10.28800000,45.23000000,10.339
1749265886,10.28700000,58.10000000,10.339
1749265886,10.28600000,40.15000000,10.339
1749265886,10.28500000,31.97000000,10.339
1749265886,10.28400000,0.97000000,10.339
1749265886,10.28300000,75.52000000,10.339
1749265886,10.28200000,79.50000000,10.339
1749265886,10.28100000,67.76000000,10.339
1749265886,10.28000000,0.97000000,10.339
1749265886,10.27900000,23.92000000,10.339
1749265886,10.27800000,0.97000000,10.339
1749265886,10.27700000,53.44000000,10.339
1749265886,10.27600000,47.41000000,10.339
1749265886,10.27500000,0.97000000,10.339
1749265886,10.27400000,0.97000000,10.339
1749265886,10.27300000,23.92000000,10.339
1749265886,10.27200000,48.78000000,10.339
1749265886,10.27100000,73.12000000,10.339
1749265886,10.27000000,69.84000000,10.339
1749265886,10.26900000,0.97000000,10.339
1749265886,10.26800000,0.97000000,10.339
1749265886,10.26700000,23.92000000,10.339
1749265886,10.26600000,0.97000000,10.339
1749265886,10.26500000,27.37000000,10.339
1749265886,10.26400000,50.17000000,10.339
1749265886,10.26300000,0.97000000,10.339
1749265886,10.26100000,22.95000000,10.339
1749265886,10.26000000,29.52000000,10.339
1749265886,10.25700000,22.95000000,10.339
1749265886,10.25600000,52.41000000,10.339
1749265886,10.25500000,22.95000000,10.339
1749265886,10.25400000,68.87000000,10.339
1749265886,10.25200000,1.88000000,10.339
1749265886,10.25100000,22.95000000,10.339
1749265886,10.25000000,20.71000000,10.339
1749265886,10.24900000,101.67000000,10.339
1749265886,10.24700000,22.95000000,10.339
1749265886,10.24600000,1.95000000,10.339
1749265886,10.24300000,22.95000000,10.339
1749265886,10.24200000,68.87000000,10.339
1749265886,10.24100000,72.15000000,10.339
1749265886,10.23700000,0.73000000,10.339
1749265886,10.23500000,593.17000000,10.339
1749265886,10.23400000,50.17000000,10.339
1749265886,10.23300000,173.98000000,10.339
1749265886,10.23200000,29.52000000,10.339
1749265886,10.22800000,1.47000000,10.339
1749265886,10.22600000,0.53000000,10.339
1749265886,10.22200000,1.68000000,10.339
1749265886,10.22100000,309.14000000,10.339
1749266188,10.33400000,0.97000000,10.335
1749266188,10.33300000,0.97000000,10.335
1749266188,10.33200000,0.97000000,10.335
1749266188,10.33100000,0.97000000,10.335
1749266188,10.33000000,19.09000000,10.335
1749266188,10.32900000,25.98000000,10.335
1749266188,10.32800000,4.55000000,10.335
1749266188,10.32700000,0.97000000,10.335
1749266188,10.32600000,20.68000000,10.335
1749266188,10.32500000,10.64000000,10.335
1749266188,10.32400000,22.65000000,10.335
1749266188,10.32300000,72.26000000,10.335
1749266188,10.32200000,10.64000000,10.335
1749266188,10.32100000,49.95000000,10.335
1749266188,10.32000000,0.97000000,10.335
1749266188,10.31900000,10.64000000,10.335
1749266188,10.31800000,3.12000000,10.335
1749266188,10.31700000,0.97000000,10.335
1749266188,10.31600000,25.23000000,10.335
1749266188,10.31500000,61.53000000,10.335
1749266188,10.31400000,10.65000000,10.335
1749266188,10.31300000,34.13000000,10.335
1749266188,10.31200000,50.89000000,10.335
1749266188,10.31100000,0.97000000,10.335
1749266188,10.31000000,10.64000000,10.335
1749266188,10.30900000,0.97000000,10.335
1749266188,10.30800000,91.87000000,10.335
1749266188,10.30700000,9.03000000,10.335
1749266188,10.30600000,33.56000000,10.335
1749266188,10.30500000,30.49000000,10.335
1749266188,10.30400000,50.17000000,10.335
1749266188,10.30300000,36.42000000,10.335
1749266188,10.30200000,10.62000000,10.335
1749266188,10.30100000,23.92000000,10.335
1749266188,10.30000000,73.16000000,10.335
1749266188,10.29900000,23.92000000,10.335
1749266188,10.29800000,3.80000000,10.335
1749266188,10.29700000,102.09000000,10.335
1749266188,10.29600000,87.54000000,10.335
1749266188,10.29500000,53.44000000,10.335
1749266188,10.29400000,20.31000000,10.335
1749266188,10.29300000,3.86000000,10.335
1749266188,10.29200000,23.92000000,10.335
1749266188,10.29100000,10.62000000,10.335
1749266188,10.29000000,23.92000000,10.335
1749266188,10.28900000,10.63000000,10.335
1749266188,10.28800000,98.96000000,10.335
1749266188,10.28700000,4.40000000,10.335
1749266188,10.28600000,40.15000000,10.335
1749266188,10.28500000,31.97000000,10.335
1749266188,10.28400000,67.77000000,10.335
1749266188,10.28300000,75.52000000,10.335
1749266188,10.28200000,79.50000000,10.335
1749266188,10.28100000,23.92000000,10.335
1749266188,10.28000000,10.64000000,10.335
1749266188,10.27900000,23.92000000,10.335
1749266188,10.27800000,0.97000000,10.335
1749266188,10.27700000,63.12000000,10.335
1749266188,10.27600000,47.41000000,10.335
1749266188,10.27500000,0.97000000,10.335
1749266188,10.27400000,10.64000000,10.335
1749266188,10.27300000,23.92000000,10.335
1749266188,10.27200000,48.78000000,10.335
1749266188,10.27100000,73.12000000,10.335
1749266188,10.27000000,69.84000000,10.335
1749266188,10.26900000,0.97000000,10.335
1749266188,10.26800000,0.97000000,10.335
1749266188,10.26700000,23.92000000,10.335
1749266188,10.26600000,0.97000000,10.335
1749266188,10.26500000,27.37000000,10.335
1749266188,10.26400000,50.17000000,10.335
1749266188,10.26300000,0.97000000,10.335
1749266188,10.26200000,0.97000000,10.335
1749266188,10.26100000,23.92000000,10.335
1749266188,10.26000000,30.49000000,10.335
1749266188,10.25900000,0.97000000,10.335
1749266188,10.25800000,0.97000000,10.335
1749266188,10.25700000,22.95000000,10.335
1749266188,10.25600000,52.41000000,10.335
1749266188,10.25500000,22.95000000,10.335
1749266188,10.25400000,68.87000000,10.335
1749266188,10.25100000,22.95000000,10.335
1749266188,10.25000000,20.71000000,10.335
1749266188,10.24900000,101.67000000,10.335
1749266188,10.24700000,24.83000000,10.335
1749266188,10.24600000,1.95000000,10.335
1749266188,10.24300000,22.95000000,10.335
1749266188,10.24200000,68.87000000,10.335
1749266188,10.24100000,72.15000000,10.335
1749266188,10.23700000,0.73000000,10.335
1749266188,10.23500000,593.17000000,10.335
1749266188,10.23400000,224.16000000,10.335
1749266188,10.23200000,29.52000000,10.335
1749266188,10.22600000,0.53000000,10.335
1749266188,10.22200000,2.33000000,10.335
1749266188,10.22100000,100.45000000,10.335
1749266188,10.21900000,50.68000000,10.335
1749266188,10.21800000,68.87000000,10.335
1749266188,10.21700000,70.96000000,10.335
1749266188,10.20600000,68.87000000,10.335
1749266490,10.31200000,0.72000000,10.313
1749266490,10.31100000,0.97000000,10.313
1749266490,10.31000000,0.97000000,10.313
1749266490,10.30900000,0.97000000,10.313
1749266490,10.30800000,22.42000000,10.313
1749266490,10.30700000,7.01000000,10.313
1749266490,10.30600000,0.97000000,10.313
1749266490,10.30500000,19.36000000,10.313
1749266490,10.30400000,0.97000000,10.313
1749266490,10.30300000,21.46000000,10.313
1749266490,10.30200000,5.34000000,10.313
1749266490,10.30100000,5.25000000,10.313
1749266490,10.30000000,0.97000000,10.313
1749266490,10.29900000,22.37000000,10.313
1749266490,10.29800000,31.17000000,10.313
1749266490,10.29700000,71.12000000,10.313
1749266490,10.29600000,69.84000000,10.313
1749266490,10.29500000,10.65000000,10.313
1749266490,10.29400000,0.97000000,10.313
1749266490,10.29300000,3.86000000,10.313
1749266490,10.29200000,0.97000000,10.313
1749266490,10.29100000,10.65000000,10.313
1749266490,10.29000000,2.35000000,10.313
1749266490,10.28900000,61.32000000,10.313
1749266490,10.28800000,2.95000000,10.313
1749266490,10.28700000,14.08000000,10.313
1749266490,10.28600000,49.87000000,10.313
1749266490,10.28500000,9.02000000,10.313
1749266490,10.28400000,10.65000000,10.313
1749266490,10.28300000,75.52000000,10.313
1749266490,10.28200000,69.84000000,10.313
1749266490,10.28100000,23.92000000,10.313
1749266490,10.28000000,10.65000000,10.313
1749266490,10.27900000,23.92000000,10.313
1749266490,10.27800000,12.96000000,10.313
1749266490,10.27700000,53.44000000,10.313
1749266490,10.27600000,47.41000000,10.313
1749266490,10.27500000,96.38000000,10.313
1749266490,10.27400000,38.08000000,10.313
1749266490,10.27300000,26.23000000,10.313
1749266490,10.27200000,48.78000000,10.313
1749266490,10.27100000,82.80000000,10.313
1749266490,10.27000000,89.20000000,10.313
1749266490,10.26900000,23.92000000,10.313
1749266490,10.26800000,3.81000000,10.313
1749266490,10.26700000,33.60000000,10.313
1749266490,10.26600000,0.97000000,10.313
1749266490,10.26500000,27.37000000,10.313
1749266490,10.26400000,79.22000000,10.313
1749266490,10.26300000,34.81000000,10.313
1749266490,10.26200000,10.65000000,10.313
1749266490,10.26100000,23.92000000,10.313
1749266490,10.26000000,30.49000000,10.313
1749266490,10.25900000,23.92000000,10.313
1749266490,10.25800000,10.66000000,10.313
1749266490,10.25700000,90.90000000,10.313
1749266490,10.25600000,53.38000000,10.313
1749266490,10.25500000,23.92000000,10.313
1749266490,10.25400000,69.84000000,10.313
1749266490,10.25300000,23.92000000,10.313
1749266490,10.25200000,10.66000000,10.313
1749266490,10.25100000,33.61000000,10.313
1749266490,10.25000000,21.68000000,10.313
1749266490,10.24900000,102.64000000,10.313
1749266490,10.24800000,10.66000000,10.313
1749266490,10.24700000,23.92000000,10.313
1749266490,10.24600000,2.92000000,10.313
1749266490,10.24500000,0.97000000,10.313
1749266490,10.24400000,0.97000000,10.313
1749266490,10.24300000,23.92000000,10.313
1749266490,10.24200000,69.85000000,10.313
1749266490,10.24100000,73.13000000,10.313
1749266490,10.24000000,0.98000000,10.313
1749266490,10.23900000,0.98000000,10.313
1749266490,10.23800000,0.98000000,10.313
1749266490,10.23700000,1.71000000,10.313
1749266490,10.23600000,55.07000000,10.313
1749266490,10.23400000,50.17000000,10.313
1749266490,10.23300000,22.95000000,10.313
1749266490,10.23200000,29.52000000,10.313
1749266490,10.23100000,22.95000000,10.313
1749266490,10.22900000,91.82000000,10.313
1749266490,10.22600000,0.53000000,10.313
1749266490,10.22500000,1.86000000,10.313
1749266490,10.22200000,2.49000000,10.313
1749266490,10.22100000,52.47000000,10.313
1749266490,10.21900000,72.15000000,10.313
1749266490,10.21800000,68.87000000,10.313
1749266490,10.20900000,594.68000000,10.313
1749266490,10.20800000,174.44000000,10.313
1749266490,10.20600000,68.87000000,10.313
1749266490,10.20400000,29.52000000,10.313
1749266490,10.20000000,874.09000000,10.313
1749266490,10.19600000,56.78000000,10.313
1749266490,10.19500000,71.11000000,10.313
1749266490,10.19400000,68.87000000,10.313
1749266490,10.18800000,0.72000000,10.313
1749266490,10.18700000,29.52000000,10.313
1749266490,10.18600000,3.46000000,10.313
1749266490,10.17600000,97.28000000,10.313
1749266791,10.27300000,33.13000000,10.273
1749266791,10.27200000,33.93000000,10.273
1749266791,10.27100000,0.98000000,10.273
1749266791,10.27000000,0.98000000,10.273
1749266791,10.26900000,3.80000000,10.273
1749266791,10.26800000,3.81000000,10.273
1749266791,10.26700000,0.97000000,10.273
1749266791,10.26600000,43.47000000,10.273
1749266791,10.26500000,4.42000000,10.273
1749266791,10.26400000,0.97000000,10.273
1749266791,10.26300000,3.79000000,10.273
1749266791,10.26200000,0.97000000,10.273
1749266791,10.26100000,0.97000000,10.273
1749266791,10.26000000,19.48000000,10.273
1749266791,10.25900000,0.97000000,10.273
1749266791,10.25800000,31.49000000,10.273
1749266791,10.25700000,0.97000000,10.273
1749266791,10.25600000,53.38000000,10.273
1749266791,10.25500000,21.92000000,10.273
1749266791,10.25400000,79.15000000,10.273
1749266791,10.25300000,3.87000000,10.273
1749266791,10.25200000,0.97000000,10.273
1749266791,10.25100000,10.70000000,10.273
1749266791,10.25000000,45.59000000,10.273
1749266791,10.24900000,79.69000000,10.273
1749266791,10.24800000,13.43000000,10.273
1749266791,10.24700000,0.97000000,10.273
1749266791,10.24600000,22.30000000,10.273
1749266791,10.24500000,0.97000000,10.273
1749266791,10.24400000,0.97000000,10.273
1749266791,10.24300000,13.03000000,10.273
1749266791,10.24200000,79.55000000,10.273
1749266791,10.24100000,59.65000000,10.273
1749266791,10.24000000,0.98000000,10.273
1749266791,10.23900000,0.98000000,10.273
1749266791,10.23800000,23.04000000,10.273
1749266791,10.23700000,84.28000000,10.273
1749266791,10.23600000,10.68000000,10.273
1749266791,10.23500000,0.98000000,10.273
1749266791,10.23400000,70.60000000,10.273
1749266791,10.23300000,3.00000000,10.273
1749266791,10.23200000,30.50000000,10.273
1749266791,10.23100000,10.69000000,10.273
1749266791,10.23000000,18.78000000,10.273
1749266791,10.22900000,92.80000000,10.273
1749266791,10.22800000,22.96000000,10.273
1749266791,10.22700000,78.19000000,10.273
1749266791,10.22600000,50.71000000,10.273
1749266791,10.22500000,33.64000000,10.273
1749266791,10.22400000,0.98000000,10.273
1749266791,10.22300000,35.88000000,10.273
1749266791,10.22200000,22.11000000,10.273
1749266791,10.22100000,53.45000000,10.273
1749266791,10.22000000,10.70000000,10.273
1749266791,10.21900000,81.24000000,10.273
1749266791,10.21800000,146.80000000,10.273
1749266791,10.21700000,70.63000000,10.273
1749266791,10.21600000,0.98000000,10.273
1749266791,10.21500000,23.93000000,10.273
1749266791,10.21400000,10.71000000,10.273
1749266791,10.21300000,72.04000000,10.273
1749266791,10.21200000,0.98000000,10.273
1749266791,10.21100000,33.65000000,10.273
1749266791,10.21000000,50.18000000,10.273
1749266791,10.20900000,23.93000000,10.273
1749266791,10.20800000,0.98000000,10.273
1749266791,10.20700000,33.66000000,10.273
1749266791,10.20600000,69.85000000,10.273
1749266791,10.20500000,23.93000000,10.273
1749266791,10.20400000,30.50000000,10.273
1749266791,10.20300000,23.93000000,10.273
1749266791,10.20200000,645.27000000,10.273
1749266791,10.20100000,23.93000000,10.273
1749266791,10.20000000,802.51000000,10.273
1749266791,10.19900000,23.93000000,10.273
1749266791,10.19800000,0.98000000,10.273
1749266791,10.19500000,22.95000000,10.273
1749266791,10.19400000,68.87000000,10.273
1749266791,10.19100000,22.95000000,10.273
1749266791,10.18800000,49.92000000,10.273
1749266791,10.18700000,53.50000000,10.273
1749266791,10.18600000,3.46000000,10.273
1749266791,10.18400000,1.83000000,10.273
1749266791,10.17500000,22.95000000,10.273
1749266791,10.17000000,273.51000000,10.273
1749266791,10.16000000,72.84000000,10.273
1749266791,10.15500000,2.52000000,10.273
1749266791,10.15400000,71.40000000,10.273
1749266791,10.15300000,29.52000000,10.273
1749266791,10.14700000,0.73000000,10.273
1749266791,10.14600000,68.87000000,10.273
1749266791,10.14300000,57.08000000,10.273
1749266791,10.14000000,5.30000000,10.273
1749266791,10.13600000,29.52000000,10.273
1749266791,10.13000000,0.53000000,10.273
1749266791,10.12200000,140.49000000,10.273
1749266791,10.12100000,0.72000000,10.273
1749266791,10.11900000,29.52000000,10.273
1749266791,10.11700000,97.85000000,10.273
1749266791,10.09800000,68.87000000,10.273
1749267093,10.28300000,0.60000000,10.284
1749267093,10.28200000,10.98000000,10.284
1749267093,10.28100000,23.93000000,10.284
1749267093,10.28000000,5.08000000,10.284
1749267093,10.27900000,7.68000000,10.284
1749267093,10.27800000,29.71000000,10.284
1749267093,10.27700000,8.67000000,10.284
1749267093,10.27600000,0.98000000,10.284
1749267093,10.27500000,0.98000000,10.284
1749267093,10.27400000,19.65000000,10.284
1749267093,10.27300000,0.98000000,10.284
1749267093,10.27200000,5.36000000,10.284
1749267093,10.27100000,39.12000000,10.284
1749267093,10.27000000,76.51000000,10.284
1749267093,10.26900000,56.84000000,10.284
1749267093,10.26800000,3.81000000,10.284
1749267093,10.26700000,0.97000000,10.284
1749267093,10.26600000,22.44000000,10.284
1749267093,10.26500000,4.42000000,10.284
1749267093,10.26400000,0.97000000,10.284
1749267093,10.26300000,11.89000000,10.284
1749267093,10.26200000,0.97000000,10.284
1749267093,10.26100000,0.97000000,10.284
1749267093,10.26000000,25.85000000,10.284
1749267093,10.25900000,34.68000000,10.284
1749267093,10.25800000,31.49000000,10.284
1749267093,10.25700000,33.65000000,10.284
1749267093,10.25600000,72.76000000,10.284
1749267093,10.25500000,21.92000000,10.284
1749267093,10.25400000,69.84000000,10.284
1749267093,10.25300000,36.55000000,10.284
1749267093,10.25200000,9.08000000,10.284
1749267093,10.25100000,10.70000000,10.284
1749267093,10.25000000,21.68000000,10.284
1749267093,10.24900000,81.08000000,10.284
1749267093,10.24800000,32.80000000,10.284
1749267093,10.24700000,0.97000000,10.284
1749267093,10.24600000,2.92000000,10.284
1749267093,10.24500000,23.92000000,10.284
1749267093,10.24400000,0.97000000,10.284
1749267093,10.24300000,35.98000000,10.284
1749267093,10.24200000,79.55000000,10.284
1749267093,10.24100000,81.22000000,10.284
1749267093,10.24000000,20.42000000,10.284
1749267093,10.23900000,48.97000000,10.284
1749267093,10.23800000,26.62000000,10.284
1749267093,10.23700000,11.42000000,10.284
1749267093,10.23600000,10.68000000,10.284
1749267093,10.23500000,23.93000000,10.284
1749267093,10.23400000,143.48000000,10.284
1749267093,10.23300000,25.95000000,10.284
1749267093,10.23200000,30.50000000,10.284
1749267093,10.23100000,10.69000000,10.284
1749267093,10.23000000,33.64000000,10.284
1749267093,10.22900000,69.85000000,10.284
1749267093,10.22800000,22.94000000,10.284
1749267093,10.22700000,23.93000000,10.284
1749267093,10.22600000,117.93000000,10.284
1749267093,10.22500000,33.64000000,10.284
1749267093,10.22400000,0.98000000,10.284
1749267093,10.22300000,35.88000000,10.284
1749267093,10.22200000,2.66000000,10.284
1749267093,10.22100000,53.45000000,10.284
1749267093,10.22000000,10.71000000,10.284
1749267093,10.21900000,73.13000000,10.284
1749267093,10.21800000,79.58000000,10.284
1749267093,10.21700000,124.95000000,10.284
1749267093,10.21600000,0.98000000,10.284
1749267093,10.21500000,23.93000000,10.284
1749267093,10.21400000,0.98000000,10.284
1749267093,10.21300000,23.93000000,10.284
1749267093,10.21200000,0.98000000,10.284
1749267093,10.21100000,23.93000000,10.284
1749267093,10.21000000,50.18000000,10.284
1749267093,10.20900000,23.93000000,10.284
1749267093,10.20800000,0.98000000,10.284
1749267093,10.20700000,22.95000000,10.284
1749267093,10.20600000,68.87000000,10.284
1749267093,10.20500000,22.95000000,10.284
1749267093,10.20400000,29.52000000,10.284
1749267093,10.20300000,22.95000000,10.284
1749267093,10.20200000,49.20000000,10.284
1749267093,10.20100000,22.95000000,10.284
1749267093,10.20000000,801.53000000,10.284
1749267093,10.19600000,1.84000000,10.284
1749267093,10.19500000,618.45000000,10.284
1749267093,10.19400000,68.87000000,10.284
1749267093,10.19100000,22.95000000,10.284
1749267093,10.18800000,49.92000000,10.284
1749267093,10.18700000,53.50000000,10.284
1749267093,10.18600000,3.46000000,10.284
1749267093,10.18100000,22.95000000,10.284
1749267093,10.17900000,174.95000000,10.284
1749267093,10.17100000,22.95000000,10.284
1749267093,10.17000000,98.39000000,10.284
1749267093,10.16000000,71.36000000,10.284
1749267093,10.15500000,4.00000000,10.284
1749267093,10.15400000,71.40000000,10.284
1749267093,10.15300000,29.52000000,10.284
1749267093,10.15100000,57.03000000,10.284
1749267394,10.30200000,27.79000000,10.303
1749267394,10.30100000,10.98000000,10.303
1749267394,10.30000000,0.98000000,10.303
1749267394,10.29900000,8.93000000,10.303
1749267394,10.29800000,18.01000000,10.303
1749267394,10.29700000,3.48000000,10.303
1749267394,10.29600000,21.25000000,10.303
1749267394,10.29500000,0.98000000,10.303
1749267394,10.29400000,21.10000000,10.303
1749267394,10.29300000,19.12000000,10.303
1749267394,10.29200000,0.98000000,10.303
1749267394,10.29100000,0.98000000,10.303
1749267394,10.29000000,15.69000000,10.303
1749267394,10.28900000,0.98000000,10.303
1749267394,10.28800000,0.98000000,10.303
1749267394,10.28700000,0.98000000,10.303
1749267394,10.28600000,0.98000000,10.303
1749267394,10.28500000,0.98000000,10.303
1749267394,10.28400000,0.98000000,10.303
1749267394,10.28300000,4.17000000,10.303
1749267394,10.28200000,4.17000000,10.303
1749267394,10.28100000,3.95000000,10.303
1749267394,10.28000000,0.98000000,10.303
1749267394,10.27900000,4.17000000,10.303
1749267394,10.27800000,13.15000000,10.303
1749267394,10.27700000,36.01000000,10.303
1749267394,10.27600000,116.75000000,10.303
1749267394,10.27500000,50.18000000,10.303
1749267394,10.27400000,18.78000000,10.303
1749267394,10.27300000,26.38000000,10.303
1749267394,10.27200000,0.98000000,10.303
1749267394,10.27100000,4.08000000,10.303
1749267394,10.27000000,3.83000000,10.303
1749267394,10.26900000,0.98000000,10.303
1749267394,10.26800000,17.21000000,10.303
1749267394,10.26700000,30.50000000,10.303
1749267394,10.26600000,23.93000000,10.303
1749267394,10.26500000,141.96000000,10.303
1749267394,10.26400000,38.26000000,10.303
1749267394,10.26300000,44.56000000,10.303
1749267394,10.26200000,0.97000000,10.303
1749267394,10.26100000,0.97000000,10.303
1749267394,10.26000000,23.92000000,10.303
1749267394,10.25900000,10.68000000,10.303
1749267394,10.25800000,52.62000000,10.303
1749267394,10.25700000,23.92000000,10.303
1749267394,10.25600000,53.38000000,10.303
1749267394,10.25500000,10.70000000,10.303
1749267394,10.25400000,79.57000000,10.303
1749267394,10.25300000,26.82000000,10.303
1749267394,10.25200000,28.49000000,10.303
1749267394,10.25100000,33.65000000,10.303
1749267394,10.25000000,21.68000000,10.303
1749267394,10.24900000,79.69000000,10.303
1749267394,10.24800000,13.43000000,10.303
1749267394,10.24700000,0.97000000,10.303
1749267394,10.24600000,25.87000000,10.303
1749267394,10.24500000,0.97000000,10.303
1749267394,10.24400000,0.97000000,10.303
1749267394,10.24300000,13.03000000,10.303
1749267394,10.24200000,102.50000000,10.303
1749267394,10.24100000,96.77000000,10.303
1749267394,10.24000000,0.98000000,10.303
1749267394,10.23900000,91.12000000,10.303
1749267394,10.23800000,3.82000000,10.303
1749267394,10.23700000,88.56000000,10.303
1749267394,10.23600000,0.98000000,10.303
1749267394,10.23500000,106.51000000,10.303
1749267394,10.23400000,51.15000000,10.303
1749267394,10.23300000,26.60000000,10.303
1749267394,10.23200000,30.50000000,10.303
1749267394,10.23100000,10.68000000,10.303
1749267394,10.23000000,23.93000000,10.303
1749267394,10.22900000,69.85000000,10.303
1749267394,10.22800000,0.98000000,10.303
1749267394,10.22700000,23.93000000,10.303
1749267394,10.22600000,49.73000000,10.303
1749267394,10.22300000,22.95000000,10.303
1749267394,10.22200000,1.68000000,10.303
1749267394,10.22100000,52.47000000,10.303
1749267394,10.21900000,72.15000000,10.303
1749267394,10.21800000,68.87000000,10.303
1749267394,10.21500000,22.95000000,10.303
1749267394,10.21300000,1.86000000,10.303
1749267394,10.21100000,22.95000000,10.303
1749267394,10.21000000,49.20000000,10.303
1749267394,10.20700000,617.75000000,10.303
1749267394,10.20600000,68.87000000,10.303
1749267394,10.20500000,22.95000000,10.303
1749267394,10.20400000,29.52000000,10.303
1749267394,10.20300000,22.95000000,10.303
1749267394,10.20200000,49.20000000,10.303
1749267394,10.20100000,22.95000000,10.303
1749267394,10.20000000,801.53000000,10.303
1749267394,10.19900000,174.76000000,10.303
1749267394,10.19500000,22.95000000,10.303
1749267394,10.19400000,68.87000000,10.303
1749267394,10.18900000,22.95000000,10.303
1749267394,10.18800000,49.92000000,10.303
1749267394,10.18700000,52.47000000,10.303
1749267696,10.27500000,44.21000000,10.275
1749267696,10.27400000,23.93000000,10.275
1749267696,10.27300000,0.98000000,10.275
1749267696,10.27200000,0.98000000,10.275
1749267696,10.27100000,2.84000000,10.275
1749267696,10.27000000,0.98000000,10.275
1749267696,10.26900000,16.43000000,10.275
1749267696,10.26800000,4.09000000,10.275
1749267696,10.26700000,25.68000000,10.275
1749267696,10.26600000,0.98000000,10.275
1749267696,10.26500000,4.43000000,10.275
1749267696,10.26400000,0.97000000,10.275
1749267696,10.26300000,3.79000000,10.275
1749267696,10.26200000,0.97000000,10.275
1749267696,10.26100000,0.97000000,10.275
1749267696,10.26000000,14.01000000,10.275
1749267696,10.25900000,0.97000000,10.275
1749267696,10.25800000,38.51000000,10.275
1749267696,10.25700000,121.57000000,10.275
1749267696,10.25600000,69.36000000,10.275
1749267696,10.25500000,28.47000000,10.275
1749267696,10.25400000,0.97000000,10.275
1749267696,10.25300000,13.59000000,10.275
1749267696,10.25200000,9.08000000,10.275
1749267696,10.25100000,10.70000000,10.275
1749267696,10.25000000,21.68000000,10.275
1749267696,10.24900000,50.17000000,10.275
1749267696,10.24800000,23.21000000,10.275
1749267696,10.24700000,15.09000000,10.275
1749267696,10.24600000,2.92000000,10.275
1749267696,10.24500000,0.97000000,10.275
1749267696,10.24400000,30.49000000,10.275
1749267696,10.24300000,13.03000000,10.275
1749267696,10.24200000,79.55000000,10.275
1749267696,10.24100000,58.29000000,10.275
1749267696,10.24000000,20.45000000,10.275
1749267696,10.23900000,0.98000000,10.275
1749267696,10.23800000,3.82000000,10.275
