timestamp,price,volume,current_price
1749254479,0.17888000,34440.00000000,0.17885
1749254479,0.17887000,31154.00000000,0.17885
1749254479,0.17886000,63440.00000000,0.17885
1749254479,0.17885000,127539.00000000,0.17885
1749254479,0.17884000,255782.00000000,0.17885
1749254479,0.17883000,147249.00000000,0.17885
1749254479,0.17882000,113211.00000000,0.17885
1749254479,0.17881000,71399.00000000,0.17885
1749254479,0.17880000,52032.00000000,0.17885
1749254479,0.17879000,37472.00000000,0.17885
1749254479,0.17878000,126250.00000000,0.17885
1749254479,0.17877000,199999.00000000,0.17885
1749254479,0.17876000,69669.00000000,0.17885
1749254479,0.17875000,61034.00000000,0.17885
1749254479,0.17874000,104198.00000000,0.17885
1749254479,0.17873000,173956.00000000,0.17885
1749254479,0.17872000,82652.00000000,0.17885
1749254479,0.17871000,30196.00000000,0.17885
1749254479,0.17870000,100306.00000000,0.17885
1749254479,0.17869000,192915.00000000,0.17885
1749254479,0.17868000,78026.00000000,0.17885
1749254479,0.17867000,38577.00000000,0.17885
1749254479,0.17866000,60064.00000000,0.17885
1749254479,0.17865000,89739.00000000,0.17885
1749254479,0.17864000,91876.00000000,0.17885
1749254479,0.17863000,134570.00000000,0.17885
1749254479,0.17862000,73038.00000000,0.17885
1749254479,0.17861000,125873.00000000,0.17885
1749254479,0.17860000,71354.00000000,0.17885
1749254479,0.17859000,121938.00000000,0.17885
1749254479,0.17858000,85703.00000000,0.17885
1749254479,0.17857000,96707.00000000,0.17885
1749254479,0.17856000,125934.00000000,0.17885
1749254479,0.17855000,195695.00000000,0.17885
1749254479,0.17854000,135854.00000000,0.17885
1749254479,0.17853000,59679.00000000,0.17885
1749254479,0.17852000,203584.00000000,0.17885
1749254479,0.17851000,321567.00000000,0.17885
1749254479,0.17850000,68273.00000000,0.17885
1749254479,0.17849000,54469.00000000,0.17885
1749254479,0.17848000,453559.00000000,0.17885
1749254479,0.17847000,141732.00000000,0.17885
1749254479,0.17846000,122126.00000000,0.17885
1749254479,0.17845000,141339.00000000,0.17885
1749254479,0.17844000,43751.00000000,0.17885
1749254479,0.17843000,341302.00000000,0.17885
1749254479,0.17842000,379.00000000,0.17885
1749254479,0.17841000,29981.00000000,0.17885
1749254479,0.17840000,27922.00000000,0.17885
1749254479,0.17839000,11868.00000000,0.17885
1749254479,0.17838000,104734.00000000,0.17885
1749254479,0.17837000,101765.00000000,0.17885
1749254479,0.17836000,235821.00000000,0.17885
1749254479,0.17835000,35458.00000000,0.17885
1749254479,0.17834000,56609.00000000,0.17885
1749254479,0.17833000,15756.00000000,0.17885
1749254479,0.17832000,1443.00000000,0.17885
1749254479,0.17831000,68165.00000000,0.17885
1749254479,0.17830000,89500.00000000,0.17885
1749254479,0.17829000,11773.00000000,0.17885
1749254479,0.17828000,74426.00000000,0.17885
1749254479,0.17827000,31934.00000000,0.17885
1749254479,0.17826000,2331.00000000,0.17885
1749254479,0.17825000,32969.00000000,0.17885
1749254479,0.17824000,79.00000000,0.17885
1749254479,0.17823000,67270.00000000,0.17885
1749254479,0.17822000,54999.00000000,0.17885
1749254479,0.17821000,13161.00000000,0.17885
1749254479,0.17820000,102567.00000000,0.17885
1749254479,0.17819000,120285.00000000,0.17885
1749254479,0.17818000,71119.00000000,0.17885
1749254479,0.17817000,11831.00000000,0.17885
1749254479,0.17816000,3582.00000000,0.17885
1749254479,0.17815000,12348.00000000,0.17885
1749254479,0.17814000,2126.00000000,0.17885
1749254479,0.17813000,12261.00000000,0.17885
1749254479,0.17812000,426.00000000,0.17885
1749254479,0.17811000,60968.00000000,0.17885
1749254479,0.17810000,160129.00000000,0.17885
1749254479,0.17809000,11846.00000000,0.17885
1749254479,0.17808000,2155.00000000,0.17885
1749254479,0.17807000,83095.00000000,0.17885
1749254479,0.17806000,527069.00000000,0.17885
1749254479,0.17805000,12229.00000000,0.17885
1749254479,0.17804000,57081.00000000,0.17885
1749254479,0.17803000,32076.00000000,0.17885
1749254479,0.17802000,51739.00000000,0.17885
1749254479,0.17801000,96779.00000000,0.17885
1749254479,0.17800000,124997.00000000,0.17885
1749254479,0.17799000,67418.00000000,0.17885
1749254479,0.17798000,1555.00000000,0.17885
1749254479,0.17797000,70844.00000000,0.17885
1749254479,0.17796000,2261.00000000,0.17885
1749254479,0.17795000,25383.00000000,0.17885
1749254479,0.17794000,3610.00000000,0.17885
1749254479,0.17793000,2067.00000000,0.17885
1749254479,0.17792000,55658.00000000,0.17885
1749254479,0.17791000,371.00000000,0.17885
1749254479,0.17790000,294.00000000,0.17885
1749254479,0.17789000,2958.00000000,0.17885
1749254781,0.17881000,14659.00000000,0.17882
1749254781,0.17880000,5737.00000000,0.17882
1749254781,0.17879000,35620.00000000,0.17882
1749254781,0.17878000,14783.00000000,0.17882
1749254781,0.17877000,72638.00000000,0.17882
1749254781,0.17876000,220550.00000000,0.17882
1749254781,0.17875000,228080.00000000,0.17882
1749254781,0.17874000,91268.00000000,0.17882
1749254781,0.17873000,18910.00000000,0.17882
1749254781,0.17872000,65001.00000000,0.17882
1749254781,0.17871000,170911.00000000,0.17882
1749254781,0.17870000,64425.00000000,0.17882
1749254781,0.17869000,71519.00000000,0.17882
1749254781,0.17868000,122855.00000000,0.17882
1749254781,0.17867000,115342.00000000,0.17882
1749254781,0.17866000,146548.00000000,0.17882
1749254781,0.17865000,142513.00000000,0.17882
1749254781,0.17864000,205090.00000000,0.17882
1749254781,0.17863000,278252.00000000,0.17882
1749254781,0.17862000,192531.00000000,0.17882
1749254781,0.17861000,165775.00000000,0.17882
1749254781,0.17860000,113790.00000000,0.17882
1749254781,0.17859000,167980.00000000,0.17882
1749254781,0.17858000,144957.00000000,0.17882
1749254781,0.17857000,151089.00000000,0.17882
1749254781,0.17856000,169271.00000000,0.17882
1749254781,0.17855000,149918.00000000,0.17882
1749254781,0.17854000,127719.00000000,0.17882
1749254781,0.17853000,194847.00000000,0.17882
1749254781,0.17852000,126314.00000000,0.17882
1749254781,0.17851000,223732.00000000,0.17882
1749254781,0.17850000,127751.00000000,0.17882
1749254781,0.17849000,70304.00000000,0.17882
1749254781,0.17848000,275064.00000000,0.17882
1749254781,0.17847000,364724.00000000,0.17882
1749254781,0.17846000,138034.00000000,0.17882
1749254781,0.17845000,111055.00000000,0.17882
1749254781,0.17844000,115039.00000000,0.17882
1749254781,0.17843000,258336.00000000,0.17882
1749254781,0.17842000,116162.00000000,0.17882
1749254781,0.17841000,293802.00000000,0.17882
1749254781,0.17840000,68636.00000000,0.17882
1749254781,0.17839000,68377.00000000,0.17882
1749254781,0.17838000,379737.00000000,0.17882
1749254781,0.17837000,106061.00000000,0.17882
1749254781,0.17836000,16907.00000000,0.17882
1749254781,0.17835000,31887.00000000,0.17882
1749254781,0.17834000,116903.00000000,0.17882
1749254781,0.17833000,18402.00000000,0.17882
1749254781,0.17832000,1459.00000000,0.17882
1749254781,0.17831000,67900.00000000,0.17882
1749254781,0.17830000,91523.00000000,0.17882
1749254781,0.17829000,11779.00000000,0.17882
1749254781,0.17828000,76086.00000000,0.17882
1749254781,0.17827000,33465.00000000,0.17882
1749254781,0.17826000,303.00000000,0.17882
1749254781,0.17825000,26064.00000000,0.17882
1749254781,0.17824000,2124.00000000,0.17882
1749254781,0.17823000,67524.00000000,0.17882
1749254781,0.17822000,1004.00000000,0.17882
1749254781,0.17821000,13161.00000000,0.17882
1749254781,0.17820000,628325.00000000,0.17882
1749254781,0.17819000,120285.00000000,0.17882
1749254781,0.17818000,71135.00000000,0.17882
1749254781,0.17817000,13079.00000000,0.17882
1749254781,0.17816000,1600.00000000,0.17882
1749254781,0.17815000,12403.00000000,0.17882
1749254781,0.17814000,2473.00000000,0.17882
1749254781,0.17813000,12316.00000000,0.17882
1749254781,0.17812000,54508.00000000,0.17882
1749254781,0.17811000,31728.00000000,0.17882
1749254781,0.17810000,160200.00000000,0.17882
1749254781,0.17809000,11768.00000000,0.17882
1749254781,0.17808000,2210.00000000,0.17882
1749254781,0.17807000,70546.00000000,0.17882
1749254781,0.17806000,3332.00000000,0.17882
1749254781,0.17805000,12229.00000000,0.17882
1749254781,0.17804000,57074.00000000,0.17882
1749254781,0.17803000,35413.00000000,0.17882
1749254781,0.17802000,131784.00000000,0.17882
1749254781,0.17801000,94616.00000000,0.17882
1749254781,0.17800000,124997.00000000,0.17882
1749254781,0.17799000,155999.00000000,0.17882
1749254781,0.17798000,349558.00000000,0.17882
1749254781,0.17797000,26939.00000000,0.17882
1749254781,0.17796000,2261.00000000,0.17882
1749254781,0.17795000,87333.00000000,0.17882
1749254781,0.17794000,3610.00000000,0.17882
1749254781,0.17793000,74364.00000000,0.17882
1749254781,0.17792000,55658.00000000,0.17882
1749254781,0.17791000,23313.00000000,0.17882
1749254781,0.17790000,294.00000000,0.17882
1749254781,0.17789000,14658.00000000,0.17882
1749254781,0.17788000,597.00000000,0.17882
1749254781,0.17787000,19954.00000000,0.17882
1749254781,0.17786000,73432.00000000,0.17882
1749254781,0.17785000,61187.00000000,0.17882
1749254781,0.17784000,50043.00000000,0.17882
1749254781,0.17783000,2595.00000000,0.17882
1749254781,0.17782000,55504.00000000,0.17882
