timestamp,price,volume,current_price
1749260673,0.17943000,81344.00000000,0.17944
1749260673,0.17942000,68094.00000000,0.17944
1749260673,0.17941000,223312.00000000,0.17944
1749260673,0.17940000,237648.00000000,0.17944
1749260673,0.17939000,174740.00000000,0.17944
1749260673,0.17938000,226534.00000000,0.17944
1749260673,0.17937000,39813.00000000,0.17944
1749260673,0.17936000,80557.00000000,0.17944
1749260673,0.17935000,141193.00000000,0.17944
1749260673,0.17934000,158986.00000000,0.17944
1749260673,0.17933000,134303.00000000,0.17944
1749260673,0.17932000,27849.00000000,0.17944
1749260673,0.17931000,56288.00000000,0.17944
1749260673,0.17930000,50746.00000000,0.17944
1749260673,0.17929000,132423.00000000,0.17944
1749260673,0.17928000,64902.00000000,0.17944
1749260673,0.17927000,202197.00000000,0.17944
1749260673,0.17926000,45561.00000000,0.17944
1749260673,0.17925000,166124.00000000,0.17944
1749260673,0.17924000,157532.00000000,0.17944
1749260673,0.17923000,86666.00000000,0.17944
1749260673,0.17922000,56840.00000000,0.17944
1749260673,0.17921000,130359.00000000,0.17944
1749260673,0.17920000,186492.00000000,0.17944
1749260673,0.17919000,206805.00000000,0.17944
1749260673,0.17918000,238462.00000000,0.17944
1749260673,0.17917000,110627.00000000,0.17944
1749260673,0.17916000,167201.00000000,0.17944
1749260673,0.17915000,257834.00000000,0.17944
1749260673,0.17914000,161626.00000000,0.17944
1749260673,0.17913000,142643.00000000,0.17944
1749260673,0.17912000,116484.00000000,0.17944
1749260673,0.17911000,59318.00000000,0.17944
1749260673,0.17910000,144798.00000000,0.17944
1749260673,0.17909000,163463.00000000,0.17944
1749260673,0.17908000,228457.00000000,0.17944
1749260673,0.17907000,537686.00000000,0.17944
1749260673,0.17906000,137224.00000000,0.17944
1749260673,0.17905000,75821.00000000,0.17944
1749260673,0.17904000,123091.00000000,0.17944
1749260673,0.17903000,123794.00000000,0.17944
1749260673,0.17902000,114436.00000000,0.17944
1749260673,0.17901000,117772.00000000,0.17944
1749260673,0.17900000,95717.00000000,0.17944
1749260673,0.17899000,11961.00000000,0.17944
1749260673,0.17898000,306972.00000000,0.17944
1749260673,0.17897000,67317.00000000,0.17944
1749260673,0.17896000,2262.00000000,0.17944
1749260673,0.17895000,100469.00000000,0.17944
1749260673,0.17894000,4010.00000000,0.17944
1749260673,0.17893000,12256.00000000,0.17944
1749260673,0.17892000,136849.00000000,0.17944
1749260673,0.17891000,122613.00000000,0.17944
1749260673,0.17890000,2383.00000000,0.17944
1749260673,0.17889000,14637.00000000,0.17944
1749260673,0.17888000,2309.00000000,0.17944
1749260673,0.17887000,13823.00000000,0.17944
1749260673,0.17886000,114031.00000000,0.17944
1749260673,0.17885000,30596.00000000,0.17944
1749260673,0.17884000,549597.00000000,0.17944
1749260673,0.17883000,12239.00000000,0.17944
1749260673,0.17882000,1556.00000000,0.17944
1749260673,0.17881000,11791.00000000,0.17944
1749260673,0.17880000,3324.00000000,0.17944
1749260673,0.17879000,12004.00000000,0.17944
1749260673,0.17878000,140094.00000000,0.17944
1749260673,0.17877000,11764.00000000,0.17944
1749260673,0.17876000,22988.00000000,0.17944
1749260673,0.17875000,11831.00000000,0.17944
1749260673,0.17874000,49930.00000000,0.17944
1749260673,0.17873000,68727.00000000,0.17944
1749260673,0.17872000,3291.00000000,0.17944
1749260673,0.17871000,11801.00000000,0.17944
1749260673,0.17870000,2268.00000000,0.17944
1749260673,0.17869000,67141.00000000,0.17944
1749260673,0.17868000,47866.00000000,0.17944
1749260673,0.17867000,127033.00000000,0.17944
1749260673,0.17866000,561.00000000,0.17944
1749260673,0.17865000,353122.00000000,0.17944
1749260673,0.17864000,18828.00000000,0.17944
1749260673,0.17863000,11707.00000000,0.17944
1749260673,0.17862000,172.00000000,0.17944
1749260673,0.17861000,13860.00000000,0.17944
1749260673,0.17860000,76682.00000000,0.17944
1749260673,0.17859000,76800.00000000,0.17944
1749260673,0.17858000,705685.00000000,0.17944
1749260673,0.17857000,1532333.00000000,0.17944
1749260673,0.17856000,49955.00000000,0.17944
1749260673,0.17855000,70360.00000000,0.17944
1749260673,0.17854000,91.00000000,0.17944
1749260673,0.17853000,16.00000000,0.17944
1749260673,0.17852000,1047256.00000000,0.17944
1749260673,0.17851000,6.00000000,0.17944
1749260673,0.17850000,16979.00000000,0.17944
1749260673,0.17849000,495.00000000,0.17944
1749260673,0.17848000,29.00000000,0.17944
1749260673,0.17847000,2281.00000000,0.17944
1749260673,0.17846000,2048.00000000,0.17944
1749260673,0.17845000,560.00000000,0.17944
1749260673,0.17844000,1467.00000000,0.17944
1749260975,0.17967000,31370.00000000,0.17967
1749260975,0.17966000,38703.00000000,0.17967
1749260975,0.17965000,21728.00000000,0.17967
1749260975,0.17964000,37867.00000000,0.17967
1749260975,0.17963000,134516.00000000,0.17967
1749260975,0.17962000,160535.00000000,0.17967
1749260975,0.17961000,179528.00000000,0.17967
1749260975,0.17960000,99506.00000000,0.17967
1749260975,0.17959000,88716.00000000,0.17967
1749260975,0.17958000,157007.00000000,0.17967
1749260975,0.17957000,57621.00000000,0.17967
1749260975,0.17956000,118142.00000000,0.17967
1749260975,0.17955000,125766.00000000,0.17967
1749260975,0.17954000,140811.00000000,0.17967
1749260975,0.17953000,114911.00000000,0.17967
1749260975,0.17952000,202993.00000000,0.17967
1749260975,0.17951000,337242.00000000,0.17967
1749260975,0.17950000,123792.00000000,0.17967
1749260975,0.17949000,135379.00000000,0.17967
1749260975,0.17948000,135616.00000000,0.17967
1749260975,0.17947000,146749.00000000,0.17967
1749260975,0.17946000,228364.00000000,0.17967
1749260975,0.17945000,296400.00000000,0.17967
1749260975,0.17944000,74379.00000000,0.17967
1749260975,0.17943000,140368.00000000,0.17967
1749260975,0.17942000,188267.00000000,0.17967
1749260975,0.17941000,106700.00000000,0.17967
1749260975,0.17940000,161340.00000000,0.17967
1749260975,0.17939000,173519.00000000,0.17967
1749260975,0.17938000,217353.00000000,0.17967
1749260975,0.17937000,342826.00000000,0.17967
1749260975,0.17936000,202307.00000000,0.17967
1749260975,0.17935000,552821.00000000,0.17967
1749260975,0.17934000,83993.00000000,0.17967
1749260975,0.17933000,69169.00000000,0.17967
1749260975,0.17932000,49277.00000000,0.17967
1749260975,0.17931000,29621.00000000,0.17967
1749260975,0.17930000,375648.00000000,0.17967
1749260975,0.17929000,222776.00000000,0.17967
1749260975,0.17928000,75485.00000000,0.17967
1749260975,0.17927000,137244.00000000,0.17967
1749260975,0.17926000,295936.00000000,0.17967
1749260975,0.17925000,77936.00000000,0.17967
1749260975,0.17924000,33535.00000000,0.17967
1749260975,0.17923000,68256.00000000,0.17967
1749260975,0.17922000,146.00000000,0.17967
1749260975,0.17921000,11810.00000000,0.17967
1749260975,0.17920000,73771.00000000,0.17967
1749260975,0.17919000,101720.00000000,0.17967
1749260975,0.17918000,56719.00000000,0.17967
1749260975,0.17917000,59956.00000000,0.17967
1749260975,0.17916000,22409.00000000,0.17967
1749260975,0.17915000,11949.00000000,0.17967
1749260975,0.17914000,2776.00000000,0.17967
1749260975,0.17913000,83745.00000000,0.17967
1749260975,0.17912000,55584.00000000,0.17967
1749260975,0.17911000,14943.00000000,0.17967
1749260975,0.17910000,55689.00000000,0.17967
1749260975,0.17909000,67151.00000000,0.17967
1749260975,0.17908000,19995.00000000,0.17967
1749260975,0.17907000,359322.00000000,0.17967
1749260975,0.17906000,17668.00000000,0.17967
1749260975,0.17905000,13195.00000000,0.17967
1749260975,0.17904000,56301.00000000,0.17967
1749260975,0.17903000,35894.00000000,0.17967
1749260975,0.17902000,182.00000000,0.17967
1749260975,0.17901000,124960.00000000,0.17967
1749260975,0.17900000,85631.00000000,0.17967
1749260975,0.17899000,74567.00000000,0.17967
1749260975,0.17898000,80.00000000,0.17967
1749260975,0.17897000,11834.00000000,0.17967
1749260975,0.17896000,3373.00000000,0.17967
1749260975,0.17895000,105551.00000000,0.17967
1749260975,0.17894000,4082.00000000,0.17967
1749260975,0.17893000,14286.00000000,0.17967
1749260975,0.17892000,141035.00000000,0.17967
1749260975,0.17891000,549594.00000000,0.17967
1749260975,0.17890000,1472.00000000,0.17967
1749260975,0.17889000,11792.00000000,0.17967
1749260975,0.17888000,730.00000000,0.17967
1749260975,0.17887000,18008.00000000,0.17967
1749260975,0.17886000,57736.00000000,0.17967
1749260975,0.17885000,13783.00000000,0.17967
1749260975,0.17884000,19944.00000000,0.17967
1749260975,0.17883000,12184.00000000,0.17967
1749260975,0.17882000,55612.00000000,0.17967
1749260975,0.17881000,11736.00000000,0.17967
1749260975,0.17880000,1232.00000000,0.17967
1749260975,0.17879000,249.00000000,0.17967
1749260975,0.17878000,75888.00000000,0.17967
1749260975,0.17877000,14683.00000000,0.17967
1749260975,0.17876000,1922.00000000,0.17967
1749260975,0.17875000,76.00000000,0.17967
1749260975,0.17874000,46459.00000000,0.17967
1749260975,0.17873000,57623.00000000,0.17967
1749260975,0.17872000,1199.00000000,0.17967
1749260975,0.17871000,46.00000000,0.17967
1749260975,0.17870000,3331.00000000,0.17967
1749260975,0.17869000,55386.00000000,0.17967
1749260975,0.17868000,3645.00000000,0.17967
1749261277,0.17958000,28462.00000000,0.17962
1749261277,0.17957000,5672.00000000,0.17962
1749261277,0.17956000,20368.00000000,0.17962
1749261277,0.17955000,24737.00000000,0.17962
1749261277,0.17954000,54748.00000000,0.17962
1749261277,0.17953000,219705.00000000,0.17962
1749261277,0.17952000,171308.00000000,0.17962
1749261277,0.17951000,185334.00000000,0.17962
1749261277,0.17950000,129308.00000000,0.17962
1749261277,0.17949000,116947.00000000,0.17962
1749261277,0.17948000,90576.00000000,0.17962
1749261277,0.17947000,115875.00000000,0.17962
1749261277,0.17946000,122516.00000000,0.17962
1749261277,0.17945000,65258.00000000,0.17962
1749261277,0.17944000,32917.00000000,0.17962
1749261277,0.17943000,62043.00000000,0.17962
1749261277,0.17942000,134293.00000000,0.17962
1749261277,0.17941000,113643.00000000,0.17962
1749261277,0.17940000,224033.00000000,0.17962
1749261277,0.17939000,145755.00000000,0.17962
1749261277,0.17938000,231466.00000000,0.17962
1749261277,0.17937000,161954.00000000,0.17962
1749261277,0.17936000,165678.00000000,0.17962
1749261277,0.17935000,223707.00000000,0.17962
1749261277,0.17934000,131764.00000000,0.17962
1749261277,0.17933000,171017.00000000,0.17962
1749261277,0.17932000,127297.00000000,0.17962
1749261277,0.17931000,272192.00000000,0.17962
1749261277,0.17930000,153152.00000000,0.17962
1749261277,0.17929000,305956.00000000,0.17962
1749261277,0.17928000,183586.00000000,0.17962
1749261277,0.17927000,105474.00000000,0.17962
1749261277,0.17926000,15748.00000000,0.17962
1749261277,0.17925000,77810.00000000,0.17962
1749261277,0.17924000,86884.00000000,0.17962
1749261277,0.17923000,138930.00000000,0.17962
1749261277,0.17922000,10657.00000000,0.17962
1749261277,0.17921000,47006.00000000,0.17962
1749261277,0.17920000,322644.00000000,0.17962
1749261277,0.17919000,115152.00000000,0.17962
1749261277,0.17918000,99424.00000000,0.17962
1749261277,0.17917000,371713.00000000,0.17962
1749261277,0.17916000,30892.00000000,0.17962
1749261277,0.17915000,92951.00000000,0.17962
1749261277,0.17914000,1260.00000000,0.17962
1749261277,0.17913000,616163.00000000,0.17962
1749261277,0.17912000,55584.00000000,0.17962
1749261277,0.17911000,218050.00000000,0.17962
1749261277,0.17910000,55689.00000000,0.17962
1749261277,0.17909000,67157.00000000,0.17962
1749261277,0.17908000,54512.00000000,0.17962
1749261277,0.17907000,11850.00000000,0.17962
1749261277,0.17906000,17850.00000000,0.17962
1749261277,0.17905000,27270.00000000,0.17962
1749261277,0.17904000,57829.00000000,0.17962
1749261277,0.17903000,36717.00000000,0.17962
1749261277,0.17902000,182.00000000,0.17962
1749261277,0.17901000,124960.00000000,0.17962
1749261277,0.17900000,85631.00000000,0.17962
1749261277,0.17899000,11955.00000000,0.17962
1749261277,0.17898000,2865.00000000,0.17962
1749261277,0.17897000,11834.00000000,0.17962
1749261277,0.17896000,3373.00000000,0.17962
1749261277,0.17895000,414590.00000000,0.17962
1749261277,0.17894000,4082.00000000,0.17962
1749261277,0.17893000,75940.00000000,0.17962
1749261277,0.17892000,139007.00000000,0.17962
1749261277,0.17891000,67124.00000000,0.17962
1749261277,0.17890000,1527.00000000,0.17962
1749261277,0.17889000,13013.00000000,0.17962
1749261277,0.17888000,785.00000000,0.17962
1749261277,0.17887000,12903.00000000,0.17962
1749261277,0.17886000,59746.00000000,0.17962
1749261277,0.17885000,18999.00000000,0.17962
1749261277,0.17884000,19999.00000000,0.17962
1749261277,0.17883000,95072.00000000,0.17962
1749261277,0.17882000,1701394.00000000,0.17962
1749261277,0.17881000,69908.00000000,0.17962
1749261277,0.17880000,1232.00000000,0.17962
1749261277,0.17879000,15061.00000000,0.17962
1749261277,0.17878000,74770.00000000,0.17962
1749261277,0.17877000,14683.00000000,0.17962
1749261277,0.17876000,1922.00000000,0.17962
1749261277,0.17875000,11265.00000000,0.17962
1749261277,0.17874000,45763.00000000,0.17962
1749261277,0.17873000,57623.00000000,0.17962
1749261277,0.17872000,1199.00000000,0.17962
1749261277,0.17871000,55428.00000000,0.17962
1749261277,0.17870000,3331.00000000,0.17962
1749261277,0.17869000,55386.00000000,0.17962
1749261277,0.17868000,3645.00000000,0.17962
1749261277,0.17867000,1399.00000000,0.17962
1749261277,0.17866000,2544.00000000,0.17962
1749261277,0.17865000,60076.00000000,0.17962
1749261277,0.17864000,15561.00000000,0.17962
1749261277,0.17863000,7.00000000,0.17962
1749261277,0.17862000,172.00000000,0.17962
1749261277,0.17861000,2157.00000000,0.17962
1749261277,0.17860000,56789.00000000,0.17962
1749261277,0.17859000,3030.00000000,0.17962
1749261578,0.17983000,4484.00000000,0.17984
1749261578,0.17982000,11652.00000000,0.17984
1749261578,0.17981000,11366.00000000,0.17984
1749261578,0.17980000,44506.00000000,0.17984
1749261578,0.17979000,200351.00000000,0.17984
1749261578,0.17978000,311412.00000000,0.17984
1749261578,0.17977000,98405.00000000,0.17984
1749261578,0.17976000,61776.00000000,0.17984
1749261578,0.17975000,115730.00000000,0.17984
1749261578,0.17974000,106969.00000000,0.17984
1749261578,0.17973000,110940.00000000,0.17984
1749261578,0.17972000,145088.00000000,0.17984
1749261578,0.17971000,45165.00000000,0.17984
1749261578,0.17970000,127668.00000000,0.17984
1749261578,0.17969000,151339.00000000,0.17984
1749261578,0.17968000,120599.00000000,0.17984
1749261578,0.17967000,120148.00000000,0.17984
1749261578,0.17966000,162575.00000000,0.17984
1749261578,0.17965000,117999.00000000,0.17984
1749261578,0.17964000,142324.00000000,0.17984
1749261578,0.17963000,132452.00000000,0.17984
1749261578,0.17962000,174217.00000000,0.17984
1749261578,0.17961000,193954.00000000,0.17984
1749261578,0.17960000,436101.00000000,0.17984
1749261578,0.17959000,158844.00000000,0.17984
1749261578,0.17958000,293551.00000000,0.17984
1749261578,0.17957000,248308.00000000,0.17984
1749261578,0.17956000,159647.00000000,0.17984
1749261578,0.17955000,116886.00000000,0.17984
1749261578,0.17954000,78108.00000000,0.17984
1749261578,0.17953000,119395.00000000,0.17984
1749261578,0.17952000,137052.00000000,0.17984
1749261578,0.17951000,144672.00000000,0.17984
1749261578,0.17950000,73067.00000000,0.17984
1749261578,0.17949000,70397.00000000,0.17984
1749261578,0.17948000,36344.00000000,0.17984
1749261578,0.17947000,152599.00000000,0.17984
1749261578,0.17946000,260672.00000000,0.17984
1749261578,0.17945000,224089.00000000,0.17984
1749261578,0.17944000,266979.00000000,0.17984
1749261578,0.17943000,13205.00000000,0.17984
1749261578,0.17942000,122422.00000000,0.17984
1749261578,0.17941000,67035.00000000,0.17984
1749261578,0.17940000,168823.00000000,0.17984
1749261578,0.17939000,53978.00000000,0.17984
1749261578,0.17938000,131941.00000000,0.17984
1749261578,0.17937000,792925.00000000,0.17984
1749261578,0.17936000,51270.00000000,0.17984
1749261578,0.17935000,55554.00000000,0.17984
1749261578,0.17934000,29042.00000000,0.17984
1749261578,0.17933000,58213.00000000,0.17984
1749261578,0.17932000,32445.00000000,0.17984
1749261578,0.17931000,2843.00000000,0.17984
1749261578,0.17930000,46515.00000000,0.17984
1749261578,0.17929000,116124.00000000,0.17984
1749261578,0.17928000,65274.00000000,0.17984
1749261578,0.17927000,70756.00000000,0.17984
1749261578,0.17926000,77.00000000,0.17984
1749261578,0.17925000,70435.00000000,0.17984
1749261578,0.17924000,20025.00000000,0.17984
1749261578,0.17923000,68250.00000000,0.17984
1749261578,0.17922000,2177.00000000,0.17984
1749261578,0.17921000,359276.00000000,0.17984
1749261578,0.17920000,73771.00000000,0.17984
1749261578,0.17919000,68496.00000000,0.17984
1749261578,0.17918000,55555.00000000,0.17984
1749261578,0.17917000,61191.00000000,0.17984
1749261578,0.17916000,22407.00000000,0.17984
1749261578,0.17915000,14683.00000000,0.17984
1749261578,0.17914000,30542.00000000,0.17984
1749261578,0.17913000,143209.00000000,0.17984
1749261578,0.17912000,55634.00000000,0.17984
1749261578,0.17911000,12908.00000000,0.17984
1749261578,0.17910000,57720.00000000,0.17984
1749261578,0.17909000,78319.00000000,0.17984
1749261578,0.17908000,20001.00000000,0.17984
1749261578,0.17907000,11795.00000000,0.17984
1749261578,0.17906000,17710.00000000,0.17984
1749261578,0.17905000,27081.00000000,0.17984
1749261578,0.17904000,56252.00000000,0.17984
1749261578,0.17903000,37791.00000000,0.17984
1749261578,0.17902000,121.00000000,0.17984
1749261578,0.17901000,124907.00000000,0.17984
1749261578,0.17900000,88122.00000000,0.17984
1749261578,0.17899000,11906.00000000,0.17984
1749261578,0.17898000,58591.00000000,0.17984
1749261578,0.17897000,11773.00000000,0.17984
1749261578,0.17896000,1289.00000000,0.17984
1749261578,0.17895000,67069.00000000,0.17984
1749261578,0.17894000,4027.00000000,0.17984
1749261578,0.17893000,67678.00000000,0.17984
1749261578,0.17892000,193647.00000000,0.17984
1749261578,0.17891000,71199.00000000,0.17984
1749261578,0.17890000,1466.00000000,0.17984
1749261578,0.17889000,1258.00000000,0.17984
1749261578,0.17888000,730.00000000,0.17984
1749261578,0.17887000,12848.00000000,0.17984
1749261578,0.17886000,117922.00000000,0.17984
1749261578,0.17885000,16912.00000000,0.17984
1749261578,0.17884000,19938.00000000,0.17984
1749261889,0.17971000,123.00000000,0.17972
1749261889,0.17970000,6367.00000000,0.17972
1749261889,0.17969000,56072.00000000,0.17972
1749261889,0.17968000,160181.00000000,0.17972
1749261889,0.17967000,167635.00000000,0.17972
1749261889,0.17966000,74833.00000000,0.17972
1749261889,0.17965000,41871.00000000,0.17972
1749261889,0.17964000,32558.00000000,0.17972
1749261889,0.17963000,46815.00000000,0.17972
1749261889,0.17962000,110521.00000000,0.17972
1749261889,0.17961000,148383.00000000,0.17972
1749261889,0.17960000,316886.00000000,0.17972
1749261889,0.17959000,368968.00000000,0.17972
1749261889,0.17958000,220282.00000000,0.17972
1749261889,0.17957000,112167.00000000,0.17972
1749261889,0.17956000,34589.00000000,0.17972
1749261889,0.17955000,48547.00000000,0.17972
1749261889,0.17954000,104912.00000000,0.17972
1749261889,0.17953000,137496.00000000,0.17972
1749261889,0.17952000,202111.00000000,0.17972
1749261889,0.17951000,233116.00000000,0.17972
1749261889,0.17950000,141168.00000000,0.17972
1749261889,0.17949000,76092.00000000,0.17972
1749261889,0.17948000,147685.00000000,0.17972
1749261889,0.17947000,159181.00000000,0.17972
1749261889,0.17946000,142484.00000000,0.17972
1749261889,0.17945000,131702.00000000,0.17972
1749261889,0.17944000,99335.00000000,0.17972
1749261889,0.17943000,79447.00000000,0.17972
1749261889,0.17942000,248404.00000000,0.17972
1749261889,0.17941000,142749.00000000,0.17972
1749261889,0.17940000,346900.00000000,0.17972
1749261889,0.17939000,187965.00000000,0.17972
1749261889,0.17938000,193765.00000000,0.17972
1749261889,0.17937000,72929.00000000,0.17972
1749261889,0.17936000,144709.00000000,0.17972
1749261889,0.17935000,300997.00000000,0.17972
1749261889,0.17934000,93595.00000000,0.17972
1749261889,0.17933000,71101.00000000,0.17972
1749261889,0.17932000,59106.00000000,0.17972
1749261889,0.17931000,309193.00000000,0.17972
1749261889,0.17930000,58842.00000000,0.17972
1749261889,0.17929000,242100.00000000,0.17972
1749261889,0.17928000,63411.00000000,0.17972
1749261889,0.17927000,70762.00000000,0.17972
1749261889,0.17926000,57712.00000000,0.17972
1749261889,0.17925000,71196.00000000,0.17972
1749261889,0.17924000,147944.00000000,0.17972
1749261889,0.17923000,70893.00000000,0.17972
1749261889,0.17922000,146.00000000,0.17972
1749261889,0.17921000,485385.00000000,0.17972
1749261889,0.17920000,74329.00000000,0.17972
1749261889,0.17919000,449192.00000000,0.17972
1749261889,0.17918000,59868.00000000,0.17972
1749261889,0.17917000,61185.00000000,0.17972
1749261889,0.17916000,20503.00000000,0.17972
1749261889,0.17915000,14683.00000000,0.17972
1749261889,0.17914000,1260.00000000,0.17972
1749261889,0.17913000,83745.00000000,0.17972
1749261889,0.17912000,55578.00000000,0.17972
1749261889,0.17911000,12914.00000000,0.17972
1749261889,0.17910000,55689.00000000,0.17972
1749261889,0.17909000,67151.00000000,0.17972
1749261889,0.17908000,53213.00000000,0.17972
1749261889,0.17907000,11856.00000000,0.17972
1749261889,0.17906000,15639.00000000,0.17972
1749261889,0.17905000,27136.00000000,0.17972
1749261889,0.17904000,56351.00000000,0.17972
1749261889,0.17903000,37846.00000000,0.17972
1749261889,0.17902000,27439.00000000,0.17972
1749261889,0.17901000,123058.00000000,0.17972
1749261889,0.17900000,107723.00000000,0.17972
1749261889,0.17899000,11955.00000000,0.17972
1749261889,0.17898000,116412.00000000,0.17972
1749261889,0.17897000,11773.00000000,0.17972
1749261889,0.17896000,1636.00000000,0.17972
1749261889,0.17895000,67069.00000000,0.17972
1749261889,0.17894000,4027.00000000,0.17972
1749261889,0.17893000,78856.00000000,0.17972
1749261889,0.17892000,138330.00000000,0.17972
1749261889,0.17891000,67075.00000000,0.17972
1749261889,0.17890000,1466.00000000,0.17972
1749261889,0.17889000,12958.00000000,0.17972
1749261889,0.17888000,6314.00000000,0.17972
1749261889,0.17887000,68180.00000000,0.17972
1749261889,0.17886000,55710.00000000,0.17972
1749261889,0.17885000,34183.00000000,0.17972
1749261889,0.17884000,19938.00000000,0.17972
1749261889,0.17883000,67760.00000000,0.17972
1749261889,0.17882000,1701393.00000000,0.17972
1749261889,0.17881000,30.00000000,0.17972
1749261889,0.17880000,1232.00000000,0.17972
1749261889,0.17879000,249.00000000,0.17972
1749261889,0.17878000,72737.00000000,0.17972
1749261889,0.17877000,15.00000000,0.17972
1749261889,0.17876000,1922.00000000,0.17972
1749261889,0.17875000,76.00000000,0.17972
1749261889,0.17874000,109582.00000000,0.17972
1749261889,0.17873000,55591.00000000,0.17972
1749261889,0.17872000,1199.00000000,0.17972
1749262190,0.17960000,90757.00000000,0.1796
1749262190,0.17959000,97575.00000000,0.1796
1749262190,0.17958000,72301.00000000,0.1796
1749262190,0.17957000,63439.00000000,0.1796
1749262190,0.17956000,121255.00000000,0.1796
1749262190,0.17955000,284775.00000000,0.1796
1749262190,0.17954000,113609.00000000,0.1796
1749262190,0.17953000,57581.00000000,0.1796
1749262190,0.17952000,78884.00000000,0.1796
1749262190,0.17951000,85548.00000000,0.1796
1749262190,0.17950000,166815.00000000,0.1796
1749262190,0.17949000,169929.00000000,0.1796
1749262190,0.17948000,40648.00000000,0.1796
1749262190,0.17947000,55819.00000000,0.1796
1749262190,0.17946000,42224.00000000,0.1796
1749262190,0.17945000,58565.00000000,0.1796
1749262190,0.17944000,117763.00000000,0.1796
1749262190,0.17943000,139214.00000000,0.1796
1749262190,0.17942000,190179.00000000,0.1796
1749262190,0.17941000,88431.00000000,0.1796
1749262190,0.17940000,194693.00000000,0.1796
1749262190,0.17939000,128347.00000000,0.1796
1749262190,0.17938000,178847.00000000,0.1796
1749262190,0.17937000,143239.00000000,0.1796
1749262190,0.17936000,234773.00000000,0.1796
1749262190,0.17935000,168898.00000000,0.1796
1749262190,0.17934000,171292.00000000,0.1796
1749262190,0.17933000,235184.00000000,0.1796
1749262190,0.17932000,350131.00000000,0.1796
1749262190,0.17931000,311399.00000000,0.1796
1749262190,0.17930000,155437.00000000,0.1796
1749262190,0.17929000,195031.00000000,0.1796
1749262190,0.17928000,178919.00000000,0.1796
1749262190,0.17927000,354631.00000000,0.1796
1749262190,0.17926000,93780.00000000,0.1796
1749262190,0.17925000,139961.00000000,0.1796
1749262190,0.17924000,77745.00000000,0.1796
1749262190,0.17923000,94307.00000000,0.1796
1749262190,0.17922000,64239.00000000,0.1796
1749262190,0.17921000,92514.00000000,0.1796
1749262190,0.17920000,372132.00000000,0.1796
1749262190,0.17919000,120846.00000000,0.1796
1749262190,0.17918000,143188.00000000,0.1796
1749262190,0.17917000,70459.00000000,0.1796
1749262190,0.17916000,30898.00000000,0.1796
1749262190,0.17915000,324136.00000000,0.1796
1749262190,0.17914000,22751.00000000,0.1796
1749262190,0.17913000,86383.00000000,0.1796
1749262190,0.17912000,111253.00000000,0.1796
1749262190,0.17911000,15698.00000000,0.1796
1749262190,0.17910000,58194.00000000,0.1796
1749262190,0.17909000,69192.00000000,0.1796
1749262190,0.17908000,529659.00000000,0.1796
1749262190,0.17907000,14922.00000000,0.1796
1749262190,0.17906000,15936.00000000,0.1796
1749262190,0.17905000,27197.00000000,0.1796
1749262190,0.17904000,57829.00000000,0.1796
1749262190,0.17903000,36717.00000000,0.1796
1749262190,0.17902000,182.00000000,0.1796
1749262190,0.17901000,122931.00000000,0.1796
1749262190,0.17900000,140941.00000000,0.1796
1749262190,0.17899000,359427.00000000,0.1796
1749262190,0.17898000,2865.00000000,0.1796
1749262190,0.17897000,11828.00000000,0.1796
1749262190,0.17896000,3378.00000000,0.1796
1749262190,0.17895000,67124.00000000,0.1796
1749262190,0.17894000,4926.00000000,0.1796
1749262190,0.17893000,67733.00000000,0.1796
1749262190,0.17892000,138385.00000000,0.1796
1749262190,0.17891000,67130.00000000,0.1796
1749262190,0.17890000,2764.00000000,0.1796
1749262190,0.17889000,11897.00000000,0.1796
1749262190,0.17888000,2819.00000000,0.1796
1749262190,0.17887000,12903.00000000,0.1796
1749262190,0.17886000,55765.00000000,0.1796
1749262190,0.17885000,32192.00000000,0.1796
1749262190,0.17884000,21972.00000000,0.1796
1749262190,0.17883000,95017.00000000,0.1796
1749262190,0.17882000,1760141.00000000,0.1796
1749262190,0.17881000,11737.00000000,0.1796
1749262190,0.17880000,2422.00000000,0.1796
1749262190,0.17879000,11949.00000000,0.1796
1749262190,0.17878000,72737.00000000,0.1796
1749262190,0.17877000,11715.00000000,0.1796
1749262190,0.17876000,1922.00000000,0.1796
1749262190,0.17875000,1207.00000000,0.1796
1749262190,0.17874000,50468.00000000,0.1796
1749262190,0.17873000,78481.00000000,0.1796
1749262190,0.17872000,1199.00000000,0.1796
1749262190,0.17871000,46.00000000,0.1796
1749262190,0.17870000,176.00000000,0.1796
1749262190,0.17869000,109227.00000000,0.1796
1749262190,0.17868000,2695.00000000,0.1796
1749262190,0.17867000,1747.00000000,0.1796
1749262190,0.17866000,511.00000000,0.1796
1749262190,0.17865000,91.00000000,0.1796
1749262190,0.17864000,15561.00000000,0.1796
1749262190,0.17863000,2041.00000000,0.1796
1749262190,0.17862000,172.00000000,0.1796
1749262190,0.17861000,1291.00000000,0.1796
1749262497,0.17970000,38686.00000000,0.17971
1749262497,0.17969000,12627.00000000,0.17971
1749262497,0.17968000,27859.00000000,0.17971
1749262497,0.17967000,86158.00000000,0.17971
1749262497,0.17966000,105107.00000000,0.17971
1749262497,0.17965000,206007.00000000,0.17971
1749262497,0.17964000,106314.00000000,0.17971
1749262497,0.17963000,94337.00000000,0.17971
1749262497,0.17962000,142673.00000000,0.17971
1749262497,0.17961000,109202.00000000,0.17971
1749262497,0.17960000,45386.00000000,0.17971
1749262497,0.17959000,84025.00000000,0.17971
1749262497,0.17958000,42802.00000000,0.17971
1749262497,0.17957000,143148.00000000,0.17971
1749262497,0.17956000,291232.00000000,0.17971
1749262497,0.17955000,224641.00000000,0.17971
1749262497,0.17954000,174904.00000000,0.17971
1749262497,0.17953000,87957.00000000,0.17971
1749262497,0.17952000,120668.00000000,0.17971
1749262497,0.17951000,165347.00000000,0.17971
1749262497,0.17950000,211624.00000000,0.17971
1749262497,0.17949000,245177.00000000,0.17971
1749262497,0.17948000,132865.00000000,0.17971
1749262497,0.17947000,242368.00000000,0.17971
1749262497,0.17946000,80596.00000000,0.17971
1749262497,0.17945000,45535.00000000,0.17971
1749262497,0.17944000,84392.00000000,0.17971
1749262497,0.17943000,140404.00000000,0.17971
1749262497,0.17942000,98142.00000000,0.17971
1749262497,0.17941000,116338.00000000,0.17971
1749262497,0.17940000,402815.00000000,0.17971
1749262497,0.17939000,125620.00000000,0.17971
1749262497,0.17938000,54687.00000000,0.17971
1749262497,0.17937000,113685.00000000,0.17971
1749262497,0.17936000,343266.00000000,0.17971
1749262497,0.17935000,98162.00000000,0.17971
1749262497,0.17934000,87304.00000000,0.17971
1749262497,0.17933000,81606.00000000,0.17971
1749262497,0.17932000,42952.00000000,0.17971
1749262497,0.17931000,27263.00000000,0.17971
1749262497,0.17930000,552154.00000000,0.17971
1749262497,0.17929000,151450.00000000,0.17971
1749262497,0.17928000,132290.00000000,0.17971
1749262497,0.17927000,368001.00000000,0.17971
1749262497,0.17926000,263381.00000000,0.17971
1749262497,0.17925000,71251.00000000,0.17971
1749262497,0.17924000,20025.00000000,0.17971
1749262497,0.17923000,68256.00000000,0.17971
1749262497,0.17922000,146.00000000,0.17971
1749262497,0.17921000,11810.00000000,0.17971
1749262497,0.17920000,76554.00000000,0.17971
1749262497,0.17919000,68502.00000000,0.17971
1749262497,0.17918000,59867.00000000,0.17971
1749262497,0.17917000,59943.00000000,0.17971
1749262497,0.17916000,20680.00000000,0.17971
1749262497,0.17915000,14683.00000000,0.17971
1749262497,0.17914000,1254.00000000,0.17971
1749262497,0.17913000,84987.00000000,0.17971
1749262497,0.17912000,55584.00000000,0.17971
1749262497,0.17911000,15698.00000000,0.17971
1749262497,0.17910000,58194.00000000,0.17971
1749262497,0.17909000,67151.00000000,0.17971
1749262497,0.17908000,19995.00000000,0.17971
1749262497,0.17907000,13039.00000000,0.17971
1749262497,0.17906000,15639.00000000,0.17971
1749262497,0.17905000,27142.00000000,0.17971
1749262497,0.17904000,83558.00000000,0.17971
1749262497,0.17903000,92555.00000000,0.17971
1749262497,0.17902000,5800.00000000,0.17971
1749262497,0.17901000,123328.00000000,0.17971
1749262497,0.17900000,107723.00000000,0.17971
1749262497,0.17899000,359427.00000000,0.17971
1749262497,0.17898000,62152.00000000,0.17971
1749262497,0.17897000,11828.00000000,0.17971
1749262497,0.17896000,1344.00000000,0.17971
1749262497,0.17895000,67124.00000000,0.17971
1749262497,0.17894000,4003.00000000,0.17971
1749262497,0.17893000,67678.00000000,0.17971
1749262497,0.17892000,138330.00000000,0.17971
1749262497,0.17891000,67075.00000000,0.17971
1749262497,0.17890000,12645.00000000,0.17971
1749262497,0.17889000,11792.00000000,0.17971
1749262497,0.17888000,730.00000000,0.17971
1749262497,0.17887000,12848.00000000,0.17971
1749262497,0.17886000,55710.00000000,0.17971
1749262497,0.17885000,32137.00000000,0.17971
1749262497,0.17884000,19938.00000000,0.17971
1749262497,0.17883000,67760.00000000,0.17971
1749262497,0.17882000,1701393.00000000,0.17971
1749262497,0.17881000,11730.00000000,0.17971
1749262497,0.17880000,119.00000000,0.17971
1749262497,0.17879000,249.00000000,0.17971
1749262497,0.17878000,72737.00000000,0.17971
1749262497,0.17877000,15.00000000,0.17971
1749262497,0.17876000,1922.00000000,0.17971
1749262497,0.17875000,76.00000000,0.17971
1749262497,0.17874000,109692.00000000,0.17971
1749262497,0.17873000,55591.00000000,0.17971
1749262497,0.17872000,1199.00000000,0.17971
1749262497,0.17871000,46.00000000,0.17971
1749262798,0.17967000,152.00000000,0.17968
1749262798,0.17966000,108.00000000,0.17968
1749262798,0.17965000,25780.00000000,0.17968
1749262798,0.17964000,114707.00000000,0.17968
1749262798,0.17963000,155107.00000000,0.17968
1749262798,0.17962000,183796.00000000,0.17968
1749262798,0.17961000,104400.00000000,0.17968
1749262798,0.17960000,113839.00000000,0.17968
1749262798,0.17959000,88746.00000000,0.17968
1749262798,0.17958000,41812.00000000,0.17968
1749262798,0.17957000,93308.00000000,0.17968
1749262798,0.17956000,220855.00000000,0.17968
1749262798,0.17955000,129491.00000000,0.17968
1749262798,0.17954000,48165.00000000,0.17968
1749262798,0.17953000,69016.00000000,0.17968
1749262798,0.17952000,118329.00000000,0.17968
1749262798,0.17951000,117087.00000000,0.17968
1749262798,0.17950000,234271.00000000,0.17968
1749262798,0.17949000,193178.00000000,0.17968
1749262798,0.17948000,77819.00000000,0.17968
1749262798,0.17947000,97262.00000000,0.17968
1749262798,0.17946000,119895.00000000,0.17968
1749262798,0.17945000,105674.00000000,0.17968
1749262798,0.17944000,150505.00000000,0.17968
1749262798,0.17943000,405584.00000000,0.17968
1749262798,0.17942000,318048.00000000,0.17968
1749262798,0.17941000,125009.00000000,0.17968
1749262798,0.17940000,118641.00000000,0.17968
1749262798,0.17939000,126812.00000000,0.17968
1749262798,0.17938000,74113.00000000,0.17968
1749262798,0.17937000,72752.00000000,0.17968
1749262798,0.17936000,99631.00000000,0.17968
1749262798,0.17935000,106717.00000000,0.17968
1749262798,0.17934000,107496.00000000,0.17968
1749262798,0.17933000,157513.00000000,0.17968
1749262798,0.17932000,169029.00000000,0.17968
1749262798,0.17931000,228619.00000000,0.17968
1749262798,0.17930000,583965.00000000,0.17968
1749262798,0.17929000,127140.00000000,0.17968
1749262798,0.17928000,340143.00000000,0.17968
1749262798,0.17927000,81270.00000000,0.17968
1749262798,0.17926000,29313.00000000,0.17968
1749262798,0.17925000,103104.00000000,0.17968
1749262798,0.17924000,58387.00000000,0.17968
1749262798,0.17923000,78767.00000000,0.17968
1749262798,0.17922000,2180.00000000,0.17968
1749262798,0.17921000,100675.00000000,0.17968
1749262798,0.17920000,166237.00000000,0.17968
1749262798,0.17919000,359158.00000000,0.17968
1749262798,0.17918000,58346.00000000,0.17968
1749262798,0.17917000,59949.00000000,0.17968
1749262798,0.17916000,21952.00000000,0.17968
1749262798,0.17915000,20563.00000000,0.17968
1749262798,0.17914000,1254.00000000,0.17968
1749262798,0.17913000,84987.00000000,0.17968
1749262798,0.17912000,55584.00000000,0.17968
1749262798,0.17911000,15698.00000000,0.17968
1749262798,0.17910000,57722.00000000,0.17968
1749262798,0.17909000,68316.00000000,0.17968
1749262798,0.17908000,19995.00000000,0.17968
1749262798,0.17907000,13039.00000000,0.17968
1749262798,0.17906000,15639.00000000,0.17968
1749262798,0.17905000,27142.00000000,0.17968
1749262798,0.17904000,56301.00000000,0.17968
1749262798,0.17903000,35844.00000000,0.17968
1749262798,0.17902000,3344.00000000,0.17968
1749262798,0.17901000,122931.00000000,0.17968
1749262798,0.17900000,88170.00000000,0.17968
1749262798,0.17899000,11955.00000000,0.17968
1749262798,0.17898000,353562.00000000,0.17968
1749262798,0.17897000,65582.00000000,0.17968
1749262798,0.17896000,3377.00000000,0.17968
1749262798,0.17895000,69511.00000000,0.17968
1749262798,0.17894000,2942.00000000,0.17968
1749262798,0.17893000,67733.00000000,0.17968
1749262798,0.17892000,839955.00000000,0.17968
1749262798,0.17891000,67075.00000000,0.17968
1749262798,0.17890000,12645.00000000,0.17968
1749262798,0.17889000,11792.00000000,0.17968
1749262798,0.17888000,730.00000000,0.17968
1749262798,0.17887000,1148.00000000,0.17968
1749262798,0.17886000,1112373.00000000,0.17968
1749262798,0.17885000,32137.00000000,0.17968
1749262798,0.17884000,21971.00000000,0.17968
1749262798,0.17883000,67760.00000000,0.17968
1749262798,0.17882000,58657.00000000,0.17968
1749262798,0.17881000,19867.00000000,0.17968
1749262798,0.17880000,55473.00000000,0.17968
1749262798,0.17879000,15061.00000000,0.17968
1749262798,0.17878000,72641.00000000,0.17968
1749262798,0.17877000,15.00000000,0.17968
1749262798,0.17876000,1922.00000000,0.17968
1749262798,0.17875000,1405275.00000000,0.17968
1749262798,0.17874000,46054.00000000,0.17968
1749262798,0.17873000,115603.00000000,0.17968
1749262798,0.17872000,1199.00000000,0.17968
1749262798,0.17871000,46.00000000,0.17968
1749262798,0.17870000,176.00000000,0.17968
1749262798,0.17869000,55386.00000000,0.17968
1749262798,0.17868000,661.00000000,0.17968
1749263100,0.17987000,73.00000000,0.17986
1749263100,0.17986000,23393.00000000,0.17986
1749263100,0.17985000,457.00000000,0.17986
1749263100,0.17984000,15959.00000000,0.17986
1749263100,0.17983000,46898.00000000,0.17986
1749263100,0.17982000,129216.00000000,0.17986
1749263100,0.17981000,203712.00000000,0.17986
1749263100,0.17980000,155981.00000000,0.17986
1749263100,0.17979000,47468.00000000,0.17986
1749263100,0.17978000,84789.00000000,0.17986
1749263100,0.17977000,158431.00000000,0.17986
1749263100,0.17976000,38575.00000000,0.17986
1749263100,0.17975000,84845.00000000,0.17986
1749263100,0.17974000,50364.00000000,0.17986
1749263100,0.17973000,143542.00000000,0.17986
1749263100,0.17972000,159455.00000000,0.17986
1749263100,0.17971000,148110.00000000,0.17986
1749263100,0.17970000,193865.00000000,0.17986
1749263100,0.17969000,193739.00000000,0.17986
1749263100,0.17968000,199522.00000000,0.17986
1749263100,0.17967000,178911.00000000,0.17986
1749263100,0.17966000,22220.00000000,0.17986
1749263100,0.17965000,27601.00000000,0.17986
1749263100,0.17964000,50306.00000000,0.17986
1749263100,0.17963000,146337.00000000,0.17986
1749263100,0.17962000,209035.00000000,0.17986
1749263100,0.17961000,316479.00000000,0.17986
1749263100,0.17960000,54018.00000000,0.17986
1749263100,0.17959000,165573.00000000,0.17986
1749263100,0.17958000,268201.00000000,0.17986
1749263100,0.17957000,151194.00000000,0.17986
1749263100,0.17956000,104368.00000000,0.17986
1749263100,0.17955000,117795.00000000,0.17986
1749263100,0.17954000,169713.00000000,0.17986
1749263100,0.17953000,85677.00000000,0.17986
1749263100,0.17952000,70962.00000000,0.17986
1749263100,0.17951000,153309.00000000,0.17986
1749263100,0.17950000,342513.00000000,0.17986
1749263100,0.17949000,505814.00000000,0.17986
1749263100,0.17948000,109756.00000000,0.17986
1749263100,0.17947000,58332.00000000,0.17986
1749263100,0.17946000,205678.00000000,0.17986
1749263100,0.17945000,75899.00000000,0.17986
1749263100,0.17944000,114616.00000000,0.17986
1749263100,0.17943000,119861.00000000,0.17986
1749263100,0.17942000,85491.00000000,0.17986
1749263100,0.17941000,13759.00000000,0.17986
1749263100,0.17940000,125995.00000000,0.17986
1749263100,0.17939000,56542.00000000,0.17986
1749263100,0.17938000,14423.00000000,0.17986
1749263100,0.17937000,296588.00000000,0.17986
1749263100,0.17936000,102868.00000000,0.17986
1749263100,0.17935000,58055.00000000,0.17986
1749263100,0.17934000,27132.00000000,0.17986
1749263100,0.17933000,58213.00000000,0.17986
1749263100,0.17932000,33966.00000000,0.17986
1749263100,0.17931000,2843.00000000,0.17986
1749263100,0.17930000,524929.00000000,0.17986
1749263100,0.17929000,111462.00000000,0.17986
1749263100,0.17928000,66167.00000000,0.17986
1749263100,0.17927000,70938.00000000,0.17986
1749263100,0.17926000,77.00000000,0.17986
1749263100,0.17925000,68413.00000000,0.17986
1749263100,0.17924000,20025.00000000,0.17986
1749263100,0.17923000,68256.00000000,0.17986
1749263100,0.17922000,146.00000000,0.17986
1749263100,0.17921000,11804.00000000,0.17986
1749263100,0.17920000,76554.00000000,0.17986
1749263100,0.17919000,68502.00000000,0.17986
1749263100,0.17918000,58340.00000000,0.17986
1749263100,0.17917000,59943.00000000,0.17986
1749263100,0.17916000,20432.00000000,0.17986
1749263100,0.17915000,16802.00000000,0.17986
1749263100,0.17914000,1254.00000000,0.17986
1749263100,0.17913000,84987.00000000,0.17986
1749263100,0.17912000,55578.00000000,0.17986
1749263100,0.17911000,12859.00000000,0.17986
1749263100,0.17910000,55634.00000000,0.17986
1749263100,0.17909000,68261.00000000,0.17986
1749263100,0.17908000,370637.00000000,0.17986
1749263100,0.17907000,12984.00000000,0.17986
1749263100,0.17906000,15584.00000000,0.17986
1749263100,0.17905000,13140.00000000,0.17986
1749263100,0.17904000,56246.00000000,0.17986
1749263100,0.17903000,35789.00000000,0.17986
1749263100,0.17902000,28513.00000000,0.17986
1749263100,0.17901000,122876.00000000,0.17986
1749263100,0.17900000,142800.00000000,0.17986
1749263100,0.17899000,27125.00000000,0.17986
1749263100,0.17898000,64620.00000000,0.17986
1749263100,0.17897000,11780.00000000,0.17986
1749263100,0.17896000,1289.00000000,0.17986
1749263100,0.17895000,67069.00000000,0.17986
1749263100,0.17894000,2837.00000000,0.17986
1749263100,0.17893000,67678.00000000,0.17986
1749263100,0.17892000,810665.00000000,0.17986
1749263100,0.17891000,78254.00000000,0.17986
1749263100,0.17890000,1466.00000000,0.17986
1749263100,0.17889000,92.00000000,0.17986
1749263100,0.17888000,730.00000000,0.17986
1749263401,0.18014000,69240.00000000,0.18014
1749263401,0.18013000,73442.00000000,0.18014
1749263401,0.18012000,148939.00000000,0.18014
1749263401,0.18011000,270726.00000000,0.18014
1749263401,0.18010000,206951.00000000,0.18014
1749263401,0.18009000,103221.00000000,0.18014
1749263401,0.18008000,31824.00000000,0.18014
1749263401,0.18007000,73846.00000000,0.18014
1749263401,0.18006000,155682.00000000,0.18014
1749263401,0.18005000,151448.00000000,0.18014
1749263401,0.18004000,39236.00000000,0.18014
1749263401,0.18003000,43489.00000000,0.18014
1749263401,0.18002000,73284.00000000,0.18014
1749263401,0.18001000,139897.00000000,0.18014
1749263401,0.18000000,80399.00000000,0.18014
1749263401,0.17999000,122819.00000000,0.18014
1749263401,0.17998000,109203.00000000,0.18014
1749263401,0.17997000,104177.00000000,0.18014
1749263401,0.17996000,129448.00000000,0.18014
1749263401,0.17995000,239726.00000000,0.18014
1749263401,0.17994000,135389.00000000,0.18014
1749263401,0.17993000,100418.00000000,0.18014
1749263401,0.17992000,98583.00000000,0.18014
1749263401,0.17991000,48338.00000000,0.18014
1749263401,0.17990000,60221.00000000,0.18014
1749263401,0.17989000,130529.00000000,0.18014
1749263401,0.17988000,106880.00000000,0.18014
1749263401,0.17987000,131069.00000000,0.18014
1749263401,0.17986000,142156.00000000,0.18014
1749263401,0.17985000,43153.00000000,0.18014
1749263401,0.17984000,103146.00000000,0.18014
1749263401,0.17983000,327215.00000000,0.18014
1749263401,0.17982000,181709.00000000,0.18014
1749263401,0.17981000,67223.00000000,0.18014
1749263401,0.17980000,98294.00000000,0.18014
1749263401,0.17979000,77777.00000000,0.18014
1749263401,0.17978000,198508.00000000,0.18014
1749263401,0.17977000,381327.00000000,0.18014
1749263401,0.17976000,32694.00000000,0.18014
1749263401,0.17975000,279318.00000000,0.18014
1749263401,0.17974000,203874.00000000,0.18014
1749263401,0.17973000,66329.00000000,0.18014
1749263401,0.17972000,576573.00000000,0.18014
1749263401,0.17971000,41879.00000000,0.18014
1749263401,0.17970000,76698.00000000,0.18014
1749263401,0.17969000,76136.00000000,0.18014
1749263401,0.17968000,56535.00000000,0.18014
1749263401,0.17967000,149949.00000000,0.18014
1749263401,0.17966000,940.00000000,0.18014
1749263401,0.17965000,14565.00000000,0.18014
1749263401,0.17964000,329809.00000000,0.18014
1749263401,0.17963000,94314.00000000,0.18014
1749263401,0.17962000,146676.00000000,0.18014
1749263401,0.17961000,14551.00000000,0.18014
1749263401,0.17960000,2991.00000000,0.18014
1749263401,0.17959000,92532.00000000,0.18014
1749263401,0.17958000,73633.00000000,0.18014
1749263401,0.17957000,76306.00000000,0.18014
1749263401,0.17956000,51440.00000000,0.18014
1749263401,0.17955000,12295.00000000,0.18014
1749263401,0.17954000,57997.00000000,0.18014
1749263401,0.17953000,5581.00000000,0.18014
1749263401,0.17952000,14921.00000000,0.18014
1749263401,0.17951000,10843.00000000,0.18014
1749263401,0.17950000,127189.00000000,0.18014
1749263401,0.17949000,142835.00000000,0.18014
1749263401,0.17948000,12901.00000000,0.18014
1749263401,0.17947000,2122.00000000,0.18014
1749263401,0.17946000,78694.00000000,0.18014
1749263401,0.17945000,24193.00000000,0.18014
1749263401,0.17944000,12654.00000000,0.18014
1749263401,0.17943000,58205.00000000,0.18014
1749263401,0.17942000,109720.00000000,0.18014
1749263401,0.17941000,61.00000000,0.18014
1749263401,0.17940000,67373.00000000,0.18014
1749263401,0.17939000,56536.00000000,0.18014
1749263401,0.17938000,12996.00000000,0.18014
1749263401,0.17937000,4098.00000000,0.18014
1749263401,0.17936000,13127.00000000,0.18014
1749263401,0.17935000,57535.00000000,0.18014
1749263401,0.17934000,377647.00000000,0.18014
1749263401,0.17933000,58158.00000000,0.18014
1749263401,0.17932000,32390.00000000,0.18014
1749263401,0.17931000,3957.00000000,0.18014
1749263401,0.17930000,70570.00000000,0.18014
1749263401,0.17929000,111407.00000000,0.18014
1749263401,0.17928000,77261.00000000,0.18014
1749263401,0.17927000,71047.00000000,0.18014
1749263401,0.17926000,57262.00000000,0.18014
1749263401,0.17925000,67244.00000000,0.18014
1749263401,0.17924000,19970.00000000,0.18014
1749263401,0.17923000,70230.00000000,0.18014
1749263401,0.17922000,53766.00000000,0.18014
1749263401,0.17921000,11749.00000000,0.18014
1749263401,0.17920000,73716.00000000,0.18014
1749263401,0.17919000,68447.00000000,0.18014
1749263401,0.17918000,57529.00000000,0.18014
1749263401,0.17917000,11713.00000000,0.18014
1749263401,0.17916000,20327.00000000,0.18014
1749263401,0.17915000,77401.00000000,0.18014
1749263703,0.18007000,23606.00000000,0.18008
1749263703,0.18006000,3066.00000000,0.18008
1749263703,0.18005000,24388.00000000,0.18008
1749263703,0.18004000,60544.00000000,0.18008
1749263703,0.18003000,146139.00000000,0.18008
1749263703,0.18002000,172334.00000000,0.18008
1749263703,0.18001000,56919.00000000,0.18008
1749263703,0.18000000,120743.00000000,0.18008
1749263703,0.17999000,96139.00000000,0.18008
1749263703,0.17998000,26704.00000000,0.18008
1749263703,0.17997000,65259.00000000,0.18008
1749263703,0.17996000,139818.00000000,0.18008
1749263703,0.17995000,110775.00000000,0.18008
1749263703,0.17994000,200065.00000000,0.18008
1749263703,0.17993000,108376.00000000,0.18008
1749263703,0.17992000,104088.00000000,0.18008
1749263703,0.17991000,173676.00000000,0.18008
1749263703,0.17990000,214272.00000000,0.18008
1749263703,0.17989000,170052.00000000,0.18008
1749263703,0.17988000,203693.00000000,0.18008
1749263703,0.17987000,141666.00000000,0.18008
1749263703,0.17986000,158195.00000000,0.18008
1749263703,0.17985000,128663.00000000,0.18008
1749263703,0.17984000,164280.00000000,0.18008
1749263703,0.17983000,169840.00000000,0.18008
1749263703,0.17982000,192493.00000000,0.18008
1749263703,0.17981000,67464.00000000,0.18008
1749263703,0.17980000,123686.00000000,0.18008
1749263703,0.17979000,227629.00000000,0.18008
1749263703,0.17978000,152765.00000000,0.18008
1749263703,0.17977000,157018.00000000,0.18008
1749263703,0.17976000,108850.00000000,0.18008
1749263703,0.17975000,301670.00000000,0.18008
1749263703,0.17974000,210098.00000000,0.18008
1749263703,0.17973000,102602.00000000,0.18008
1749263703,0.17972000,87196.00000000,0.18008
1749263703,0.17971000,54024.00000000,0.18008
1749263703,0.17970000,294197.00000000,0.18008
1749263703,0.17969000,117025.00000000,0.18008
1749263703,0.17968000,386877.00000000,0.18008
1749263703,0.17967000,133804.00000000,0.18008
1749263703,0.17966000,13067.00000000,0.18008
1749263703,0.17965000,22470.00000000,0.18008
1749263703,0.17964000,131927.00000000,0.18008
1749263703,0.17963000,82469.00000000,0.18008
1749263703,0.17962000,90060.00000000,0.18008
1749263703,0.17961000,11825.00000000,0.18008
1749263703,0.17960000,142242.00000000,0.18008
1749263703,0.17959000,93650.00000000,0.18008
1749263703,0.17958000,55424.00000000,0.18008
1749263703,0.17957000,128294.00000000,0.18008
1749263703,0.17956000,48785.00000000,0.18008
1749263703,0.17955000,12301.00000000,0.18008
1749263703,0.17954000,556575.00000000,0.18008
1749263703,0.17953000,5581.00000000,0.18008
1749263703,0.17952000,12289.00000000,0.18008
1749263703,0.17951000,55.00000000,0.18008
1749263703,0.17950000,129165.00000000,0.18008
1749263703,0.17949000,153398.00000000,0.18008
1749263703,0.17948000,15534.00000000,0.18008
1749263703,0.17947000,2124.00000000,0.18008
1749263703,0.17946000,62822.00000000,0.18008
1749263703,0.17945000,24194.00000000,0.18008
1749263703,0.17944000,12654.00000000,0.18008
1749263703,0.17943000,58205.00000000,0.18008
1749263703,0.17942000,433287.00000000,0.18008
1749263703,0.17941000,55.00000000,0.18008
1749263703,0.17940000,67373.00000000,0.18008
1749263703,0.17939000,89760.00000000,0.18008
1749263703,0.17938000,13001.00000000,0.18008
1749263703,0.17937000,78.00000000,0.18008
1749263703,0.17936000,15341.00000000,0.18008
1749263703,0.17935000,55561.00000000,0.18008
1749263703,0.17934000,27005.00000000,0.18008
1749263703,0.17933000,60992.00000000,0.18008
1749263703,0.17932000,32445.00000000,0.18008
1749263703,0.17931000,5982.00000000,0.18008
1749263703,0.17930000,70719.00000000,0.18008
1749263703,0.17929000,111407.00000000,0.18008
1749263703,0.17928000,580142.00000000,0.18008
1749263703,0.17927000,70701.00000000,0.18008
1749263703,0.17926000,2050.00000000,0.18008
1749263703,0.17925000,78402.00000000,0.18008
1749263703,0.17924000,19977.00000000,0.18008
1749263703,0.17923000,75467.00000000,0.18008
1749263703,0.17922000,91.00000000,0.18008
1749263703,0.17921000,11749.00000000,0.18008
1749263703,0.17920000,75821.00000000,0.18008
1749263703,0.17919000,68447.00000000,0.18008
1749263703,0.17918000,57529.00000000,0.18008
1749263703,0.17917000,66953.00000000,0.18008
1749263703,0.17916000,746354.00000000,0.18008
1749263703,0.17915000,16657.00000000,0.18008
1749263703,0.17914000,61190.00000000,0.18008
1749263703,0.17913000,71990.00000000,0.18008
1749263703,0.17912000,40.00000000,0.18008
1749263703,0.17911000,1459003.00000000,0.18008
1749263703,0.17910000,55634.00000000,0.18008
1749263703,0.17909000,58688.00000000,0.18008
1749263703,0.17908000,19940.00000000,0.18008
1749264004,0.18037000,124.00000000,0.18035
1749264004,0.18036000,86.00000000,0.18035
1749264004,0.18035000,80.00000000,0.18035
1749264004,0.18034000,10948.00000000,0.18035
1749264004,0.18033000,55825.00000000,0.18035
1749264004,0.18032000,163234.00000000,0.18035
1749264004,0.18031000,181798.00000000,0.18035
1749264004,0.18030000,78435.00000000,0.18035
1749264004,0.18029000,119516.00000000,0.18035
1749264004,0.18028000,77305.00000000,0.18035
1749264004,0.18027000,26622.00000000,0.18035
1749264004,0.18026000,42644.00000000,0.18035
1749264004,0.18025000,56845.00000000,0.18035
1749264004,0.18024000,142968.00000000,0.18035
1749264004,0.18023000,45511.00000000,0.18035
1749264004,0.18022000,54042.00000000,0.18035
1749264004,0.18021000,132583.00000000,0.18035
1749264004,0.18020000,197386.00000000,0.18035
1749264004,0.18019000,146980.00000000,0.18035
1749264004,0.18018000,145591.00000000,0.18035
1749264004,0.18017000,68211.00000000,0.18035
1749264004,0.18016000,108466.00000000,0.18035
1749264004,0.18015000,170448.00000000,0.18035
1749264004,0.18014000,323243.00000000,0.18035
1749264004,0.18013000,245367.00000000,0.18035
1749264004,0.18012000,275769.00000000,0.18035
1749264004,0.18011000,103133.00000000,0.18035
1749264004,0.18010000,193566.00000000,0.18035
1749264004,0.18009000,274054.00000000,0.18035
1749264004,0.18008000,189231.00000000,0.18035
1749264004,0.18007000,174156.00000000,0.18035
1749264004,0.18006000,104194.00000000,0.18035
1749264004,0.18005000,167857.00000000,0.18035
1749264004,0.18004000,81141.00000000,0.18035
1749264004,0.18003000,116406.00000000,0.18035
1749264004,0.18002000,391501.00000000,0.18035
1749264004,0.18001000,67219.00000000,0.18035
1749264004,0.18000000,99159.00000000,0.18035
1749264004,0.17999000,59574.00000000,0.18035
1749264004,0.17998000,854350.00000000,0.18035
1749264004,0.17997000,17021.00000000,0.18035
1749264004,0.17996000,87915.00000000,0.18035
1749264004,0.17995000,153369.00000000,0.18035
1749264004,0.17994000,65889.00000000,0.18035
1749264004,0.17993000,93581.00000000,0.18035
1749264004,0.17992000,58293.00000000,0.18035
1749264004,0.17991000,288617.00000000,0.18035
1749264004,0.17990000,22312.00000000,0.18035
1749264004,0.17989000,3223.00000000,0.18035
1749264004,0.17988000,85163.00000000,0.18035
1749264004,0.17987000,89887.00000000,0.18035
1749264004,0.17986000,77740.00000000,0.18035
1749264004,0.17985000,33858.00000000,0.18035
1749264004,0.17984000,2114.00000000,0.18035
1749264004,0.17983000,55424.00000000,0.18035
1749264004,0.17982000,56931.00000000,0.18035
1749264004,0.17981000,19863.00000000,0.18035
1749264004,0.17980000,35958.00000000,0.18035
1749264004,0.17979000,32485.00000000,0.18035
1749264004,0.17978000,67245.00000000,0.18035
1749264004,0.17977000,145669.00000000,0.18035
1749264004,0.17976000,959.00000000,0.18035
1749264004,0.17975000,18577.00000000,0.18035
1749264004,0.17974000,54333.00000000,0.18035
1749264004,0.17973000,15041.00000000,0.18035
1749264004,0.17972000,61592.00000000,0.18035
1749264004,0.17971000,22620.00000000,0.18035
1749264004,0.17970000,75963.00000000,0.18035
1749264004,0.17969000,427479.00000000,0.18035
1749264004,0.17968000,66258.00000000,0.18035
1749264004,0.17967000,108747.00000000,0.18035
1749264004,0.17966000,239.00000000,0.18035
1749264004,0.17965000,16124.00000000,0.18035
1749264004,0.17964000,55286.00000000,0.18035
1749264004,0.17963000,83595.00000000,0.18035
1749264004,0.17962000,114484.00000000,0.18035
1749264004,0.17961000,22899.00000000,0.18035
1749264004,0.17960000,5714.00000000,0.18035
1749264004,0.17959000,93602.00000000,0.18035
1749264004,0.17958000,55369.00000000,0.18035
1749264004,0.17957000,17245.00000000,0.18035
1749264004,0.17956000,15260.00000000,0.18035
1749264004,0.17955000,11823.00000000,0.18035
1749264004,0.17954000,55363.00000000,0.18035
1749264004,0.17953000,5526.00000000,0.18035
1749264004,0.17952000,12251.00000000,0.18035
1749264004,0.17951000,2025.00000000,0.18035
1749264004,0.17950000,94786.00000000,0.18035
1749264004,0.17949000,70624.00000000,0.18035
1749264004,0.17948000,11734.00000000,0.18035
1749264004,0.17947000,1329.00000000,0.18035
1749264004,0.17946000,72981.00000000,0.18035
1749264004,0.17945000,22109.00000000,0.18035
1749264004,0.17944000,11728.00000000,0.18035
1749264004,0.17943000,117941.00000000,0.18035
1749264004,0.17942000,26954.00000000,0.18035
1749264004,0.17941000,2053.00000000,0.18035
1749264004,0.17940000,68504.00000000,0.18035
1749264004,0.17939000,55369.00000000,0.18035
1749264004,0.17938000,11844.00000000,0.18035
1749264307,0.18021000,4518.00000000,0.18022
1749264307,0.18020000,629.00000000,0.18022
1749264307,0.18019000,16499.00000000,0.18022
1749264307,0.18018000,21833.00000000,0.18022
1749264307,0.18017000,61849.00000000,0.18022
1749264307,0.18016000,275869.00000000,0.18022
1749264307,0.18015000,93330.00000000,0.18022
1749264307,0.18014000,52991.00000000,0.18022
1749264307,0.18013000,128920.00000000,0.18022
1749264307,0.18012000,82394.00000000,0.18022
1749264307,0.18011000,80891.00000000,0.18022
1749264307,0.18010000,162537.00000000,0.18022
1749264307,0.18009000,45177.00000000,0.18022
1749264307,0.18008000,159594.00000000,0.18022
1749264307,0.18007000,131706.00000000,0.18022
1749264307,0.18006000,270930.00000000,0.18022
1749264307,0.18005000,247093.00000000,0.18022
1749264307,0.18004000,164010.00000000,0.18022
1749264307,0.18003000,162879.00000000,0.18022
1749264307,0.18002000,123454.00000000,0.18022
1749264307,0.18001000,137065.00000000,0.18022
1749264307,0.18000000,229225.00000000,0.18022
1749264307,0.17999000,138033.00000000,0.18022
1749264307,0.17998000,121956.00000000,0.18022
1749264307,0.17997000,131577.00000000,0.18022
1749264307,0.17996000,243309.00000000,0.18022
1749264307,0.17995000,180185.00000000,0.18022
1749264307,0.17994000,196018.00000000,0.18022
1749264307,0.17993000,219667.00000000,0.18022
1749264307,0.17992000,284554.00000000,0.18022
1749264307,0.17991000,99348.00000000,0.18022
1749264307,0.17990000,44992.00000000,0.18022
1749264307,0.17989000,86273.00000000,0.18022
1749264307,0.17988000,273166.00000000,0.18022
1749264307,0.17987000,393003.00000000,0.18022
1749264307,0.17986000,104964.00000000,0.18022
1749264307,0.17985000,72932.00000000,0.18022
1749264307,0.17984000,80034.00000000,0.18022
1749264307,0.17983000,77601.00000000,0.18022
1749264307,0.17982000,67536.00000000,0.18022
1749264307,0.17981000,85805.00000000,0.18022
1749264307,0.17980000,78644.00000000,0.18022
1749264307,0.17979000,36911.00000000,0.18022
1749264307,0.17978000,443747.00000000,0.18022
1749264307,0.17977000,118412.00000000,0.18022
1749264307,0.17976000,216.00000000,0.18022
1749264307,0.17975000,12175.00000000,0.18022
1749264307,0.17974000,46302.00000000,0.18022
1749264307,0.17973000,658286.00000000,0.18022
1749264307,0.17972000,61592.00000000,0.18022
1749264307,0.17971000,13136.00000000,0.18022
1749264307,0.17970000,73944.00000000,0.18022
1749264307,0.17969000,362465.00000000,0.18022
1749264307,0.17968000,58329.00000000,0.18022
1749264307,0.17967000,72696.00000000,0.18022
1749264307,0.17966000,62.00000000,0.18022
1749264307,0.17965000,11761.00000000,0.18022
1749264307,0.17964000,61278.00000000,0.18022
1749264307,0.17963000,82469.00000000,0.18022
1749264307,0.17962000,55418.00000000,0.18022
1749264307,0.17961000,11764.00000000,0.18022
1749264307,0.17960000,30135.00000000,0.18022
1749264307,0.17959000,105350.00000000,0.18022
1749264307,0.17958000,57500.00000000,0.18022
1749264307,0.17957000,17300.00000000,0.18022
1749264307,0.17956000,15315.00000000,0.18022
1749264307,0.17955000,12340.00000000,0.18022
1749264307,0.17954000,55418.00000000,0.18022
1749264307,0.17953000,5631.00000000,0.18022
1749264307,0.17952000,12306.00000000,0.18022
1749264307,0.17951000,55.00000000,0.18022
1749264307,0.17950000,107666.00000000,0.18022
1749264307,0.17949000,70679.00000000,0.18022
1749264307,0.17948000,11789.00000000,0.18022
1749264307,0.17947000,1403388.00000000,0.18022
1749264307,0.17946000,1128743.00000000,0.18022
1749264307,0.17945000,22109.00000000,0.18022
1749264307,0.17944000,22874.00000000,0.18022
1749264307,0.17943000,64334.00000000,0.18022
1749264307,0.17942000,26954.00000000,0.18022
1749264307,0.17941000,1146.00000000,0.18022
1749264307,0.17940000,739660.00000000,0.18022
1749264307,0.17939000,55369.00000000,0.18022
1749264307,0.17938000,11844.00000000,0.18022
1749264307,0.17937000,2197.00000000,0.18022
1749264307,0.17936000,119842.00000000,0.18022
1749264307,0.17935000,55213.00000000,0.18022
1749264307,0.17934000,27134.00000000,0.18022
1749264307,0.17933000,58158.00000000,0.18022
1749264307,0.17932000,17325.00000000,0.18022
1749264307,0.17931000,2822.00000000,0.18022
1749264307,0.17930000,11824.00000000,0.18022
1749264307,0.17929000,55939.00000000,0.18022
1749264307,0.17928000,71374.00000000,0.18022
1749264307,0.17927000,55476.00000000,0.18022
1749264307,0.17926000,11722.00000000,0.18022
1749264307,0.17925000,61.00000000,0.18022
1749264307,0.17924000,32858.00000000,0.18022
1749264307,0.17923000,55383.00000000,0.18022
1749264307,0.17922000,91.00000000,0.18022
1749264608,0.18066000,77561.00000000,0.18066
1749264608,0.18065000,42013.00000000,0.18066
1749264608,0.18064000,110650.00000000,0.18066
1749264608,0.18063000,87858.00000000,0.18066
1749264608,0.18062000,221987.00000000,0.18066
1749264608,0.18061000,202823.00000000,0.18066
1749264608,0.18060000,54686.00000000,0.18066
1749264608,0.18059000,102557.00000000,0.18066
1749264608,0.18058000,116645.00000000,0.18066
1749264608,0.18057000,58833.00000000,0.18066
1749264608,0.18056000,68182.00000000,0.18066
1749264608,0.18055000,51872.00000000,0.18066
1749264608,0.18054000,40197.00000000,0.18066
1749264608,0.18053000,84644.00000000,0.18066
1749264608,0.18052000,183185.00000000,0.18066
1749264608,0.18051000,237116.00000000,0.18066
1749264608,0.18050000,194663.00000000,0.18066
1749264608,0.18049000,126446.00000000,0.18066
1749264608,0.18048000,87932.00000000,0.18066
1749264608,0.18047000,183336.00000000,0.18066
1749264608,0.18046000,188190.00000000,0.18066
1749264608,0.18045000,161017.00000000,0.18066
1749264608,0.18044000,106180.00000000,0.18066
1749264608,0.18043000,111979.00000000,0.18066
1749264608,0.18042000,81268.00000000,0.18066
1749264608,0.18041000,92083.00000000,0.18066
1749264608,0.18040000,120082.00000000,0.18066
1749264608,0.18039000,181073.00000000,0.18066
1749264608,0.18038000,227628.00000000,0.18066
1749264608,0.18037000,105399.00000000,0.18066
1749264608,0.18036000,304571.00000000,0.18066
1749264608,0.18035000,469831.00000000,0.18066
1749264608,0.18034000,148623.00000000,0.18066
1749264608,0.18033000,45978.00000000,0.18066
1749264608,0.18032000,52425.00000000,0.18066
1749264608,0.18031000,166677.00000000,0.18066
1749264608,0.18030000,165750.00000000,0.18066
1749264608,0.18029000,187380.00000000,0.18066
1749264608,0.18028000,93296.00000000,0.18066
1749264608,0.18027000,153178.00000000,0.18066
1749264608,0.18026000,300391.00000000,0.18066
1749264608,0.18025000,210466.00000000,0.18066
1749264608,0.18024000,45488.00000000,0.18066
1749264608,0.18023000,22215.00000000,0.18066
1749264608,0.18022000,55313.00000000,0.18066
1749264608,0.18021000,140884.00000000,0.18066
1749264608,0.18020000,304181.00000000,0.18066
1749264608,0.18019000,60198.00000000,0.18066
1749264608,0.18018000,95.00000000,0.18066
1749264608,0.18017000,95425.00000000,0.18066
1749264608,0.18016000,116687.00000000,0.18066
1749264608,0.18015000,497168.00000000,0.18066
1749264608,0.18014000,57469.00000000,0.18066
1749264608,0.18013000,49993.00000000,0.18066
1749264608,0.18012000,66623.00000000,0.18066
1749264608,0.18011000,15286.00000000,0.18066
1749264608,0.18010000,82626.00000000,0.18066
1749264608,0.18009000,17785.00000000,0.18066
1749264608,0.18008000,71104.00000000,0.18066
1749264608,0.18007000,39464.00000000,0.18066
1749264608,0.18006000,98885.00000000,0.18066
1749264608,0.18005000,124872.00000000,0.18066
1749264608,0.18004000,135662.00000000,0.18066
1749264608,0.18003000,2636.00000000,0.18066
1749264608,0.18002000,99171.00000000,0.18066
1749264608,0.18001000,39017.00000000,0.18066
1749264608,0.18000000,78883.00000000,0.18066
1749264608,0.17999000,1179.00000000,0.18066
1749264608,0.17998000,12103.00000000,0.18066
1749264608,0.17997000,4582.00000000,0.18066
1749264608,0.17996000,91801.00000000,0.18066
1749264608,0.17995000,57656.00000000,0.18066
1749264608,0.17994000,120569.00000000,0.18066
1749264608,0.17993000,81540.00000000,0.18066
1749264608,0.17992000,92.00000000,0.18066
1749264608,0.17991000,72799.00000000,0.18066
1749264608,0.17990000,37.00000000,0.18066
1749264608,0.17989000,3168.00000000,0.18066
1749264608,0.17988000,82325.00000000,0.18066
1749264608,0.17987000,56601.00000000,0.18066
1749264608,0.17986000,76173.00000000,0.18066
1749264608,0.17985000,11700.00000000,0.18066
1749264608,0.17984000,2078.00000000,0.18066
1749264608,0.17983000,67074.00000000,0.18066
1749264608,0.17982000,63610.00000000,0.18066
1749264608,0.17981000,17232.00000000,0.18066
1749264608,0.17980000,27364.00000000,0.18066
1749264608,0.17979000,85590.00000000,0.18066
1749264608,0.17978000,363273.00000000,0.18066
1749264608,0.17977000,118357.00000000,0.18066
1749264608,0.17976000,55092.00000000,0.18066
1749264608,0.17975000,13303.00000000,0.18066
1749264608,0.17974000,45968.00000000,0.18066
1749264608,0.17973000,13755.00000000,0.18066
1749264608,0.17972000,61537.00000000,0.18066
1749264608,0.17971000,13074.00000000,0.18066
1749264608,0.17970000,18407.00000000,0.18066
1749264608,0.17969000,11713.00000000,0.18066
1749264608,0.17968000,57891.00000000,0.18066
1749264608,0.17967000,72647.00000000,0.18066
1749264910,0.18106000,53540.00000000,0.18106
1749264910,0.18105000,19356.00000000,0.18106
1749264910,0.18104000,51907.00000000,0.18106
1749264910,0.18103000,46181.00000000,0.18106
1749264910,0.18102000,95003.00000000,0.18106
1749264910,0.18101000,120938.00000000,0.18106
1749264910,0.18100000,248862.00000000,0.18106
1749264910,0.18099000,79583.00000000,0.18106
1749264910,0.18098000,91251.00000000,0.18106
1749264910,0.18097000,137710.00000000,0.18106
1749264910,0.18096000,27974.00000000,0.18106
1749264910,0.18095000,17640.00000000,0.18106
1749264910,0.18094000,38056.00000000,0.18106
1749264910,0.18093000,82367.00000000,0.18106
1749264910,0.18092000,72874.00000000,0.18106
1749264910,0.18091000,142126.00000000,0.18106
1749264910,0.18090000,222375.00000000,0.18106
1749264910,0.18089000,113568.00000000,0.18106
1749264910,0.18088000,111380.00000000,0.18106
1749264910,0.18087000,172173.00000000,0.18106
1749264910,0.18086000,66266.00000000,0.18106
1749264910,0.18085000,143887.00000000,0.18106
1749264910,0.18084000,173670.00000000,0.18106
1749264910,0.18083000,169501.00000000,0.18106
1749264910,0.18082000,264339.00000000,0.18106
1749264910,0.18081000,128924.00000000,0.18106
1749264910,0.18080000,75396.00000000,0.18106
1749264910,0.18079000,174107.00000000,0.18106
1749264910,0.18078000,291646.00000000,0.18106
1749264910,0.18077000,140323.00000000,0.18106
1749264910,0.18076000,156609.00000000,0.18106
1749264910,0.18075000,116444.00000000,0.18106
1749264910,0.18074000,122199.00000000,0.18106
1749264910,0.18073000,122117.00000000,0.18106
1749264910,0.18072000,36150.00000000,0.18106
1749264910,0.18071000,53870.00000000,0.18106
1749264910,0.18070000,158156.00000000,0.18106
1749264910,0.18069000,144789.00000000,0.18106
1749264910,0.18068000,359450.00000000,0.18106
1749264910,0.18067000,106416.00000000,0.18106
1749264910,0.18066000,55444.00000000,0.18106
1749264910,0.18065000,143101.00000000,0.18106
1749264910,0.18064000,120940.00000000,0.18106
1749264910,0.18063000,68453.00000000,0.18106
1749264910,0.18062000,719020.00000000,0.18106
1749264910,0.18061000,120506.00000000,0.18106
1749264910,0.18060000,89683.00000000,0.18106
1749264910,0.18059000,7155.00000000,0.18106
1749264910,0.18058000,20832.00000000,0.18106
1749264910,0.18057000,56755.00000000,0.18106
1749264910,0.18056000,61109.00000000,0.18106
1749264910,0.18055000,72164.00000000,0.18106
1749264910,0.18054000,55.00000000,0.18106
1749264910,0.18053000,45034.00000000,0.18106
1749264910,0.18052000,89.00000000,0.18106
1749264910,0.18051000,56940.00000000,0.18106
1749264910,0.18050000,71276.00000000,0.18106
1749264910,0.18049000,101418.00000000,0.18106
1749264910,0.18048000,16438.00000000,0.18106
1749264910,0.18047000,94375.00000000,0.18106
1749264910,0.18046000,11755.00000000,0.18106
1749264910,0.18045000,72.00000000,0.18106
1749264910,0.18044000,67614.00000000,0.18106
1749264910,0.18043000,63443.00000000,0.18106
1749264910,0.18042000,53432.00000000,0.18106
1749264910,0.18041000,48505.00000000,0.18106
1749264910,0.18040000,84075.00000000,0.18106
1749264910,0.18039000,62116.00000000,0.18106
1749264910,0.18038000,11775.00000000,0.18106
1749264910,0.18037000,55.00000000,0.18106
1749264910,0.18036000,70127.00000000,0.18106
1749264910,0.18035000,67753.00000000,0.18106
1749264910,0.18034000,76175.00000000,0.18106
1749264910,0.18033000,35184.00000000,0.18106
1749264910,0.18032000,139.00000000,0.18106
1749264910,0.18031000,424595.00000000,0.18106
1749264910,0.18030000,20013.00000000,0.18106
1749264910,0.18029000,110861.00000000,0.18106
1749264910,0.18028000,14465.00000000,0.18106
1749264910,0.18027000,59035.00000000,0.18106
1749264910,0.18026000,70817.00000000,0.18106
1749264910,0.18025000,138123.00000000,0.18106
1749264910,0.18024000,5563.00000000,0.18106
1749264910,0.18023000,11700.00000000,0.18106
1749264910,0.18022000,4762.00000000,0.18106
1749264910,0.18021000,111241.00000000,0.18106
1749264910,0.18020000,6485.00000000,0.18106
1749264910,0.18019000,26925.00000000,0.18106
1749264910,0.18018000,12.00000000,0.18106
1749264910,0.18017000,17242.00000000,0.18106
1749264910,0.18016000,116505.00000000,0.18106
1749264910,0.18015000,11709.00000000,0.18106
1749264910,0.18014000,1248.00000000,0.18106
1749264910,0.18013000,71665.00000000,0.18106
1749264910,0.18012000,60437.00000000,0.18106
1749264910,0.18011000,15539.00000000,0.18106
1749264910,0.18010000,22850.00000000,0.18106
1749264910,0.18009000,18888.00000000,0.18106
1749264910,0.18008000,68544.00000000,0.18106
1749264910,0.18007000,4167.00000000,0.18106
1749265217,0.18090000,50209.00000000,0.18091
1749265217,0.18089000,27314.00000000,0.18091
1749265217,0.18088000,66858.00000000,0.18091
1749265217,0.18087000,141212.00000000,0.18091
1749265217,0.18086000,222566.00000000,0.18091
1749265217,0.18085000,120445.00000000,0.18091
1749265217,0.18084000,124365.00000000,0.18091
1749265217,0.18083000,29919.00000000,0.18091
1749265217,0.18082000,47498.00000000,0.18091
1749265217,0.18081000,40812.00000000,0.18091
1749265217,0.18080000,67233.00000000,0.18091
1749265217,0.18079000,118435.00000000,0.18091
1749265217,0.18078000,108303.00000000,0.18091
1749265217,0.18077000,149354.00000000,0.18091
1749265217,0.18076000,82459.00000000,0.18091
1749265217,0.18075000,139431.00000000,0.18091
1749265217,0.18074000,133521.00000000,0.18091
1749265217,0.18073000,172655.00000000,0.18091
1749265217,0.18072000,167259.00000000,0.18091
1749265217,0.18071000,96932.00000000,0.18091
1749265217,0.18070000,246178.00000000,0.18091
1749265217,0.18069000,173923.00000000,0.18091
1749265217,0.18068000,127968.00000000,0.18091
1749265217,0.18067000,156979.00000000,0.18091
1749265217,0.18066000,117167.00000000,0.18091
1749265217,0.18065000,198408.00000000,0.18091
1749265217,0.18064000,98649.00000000,0.18091
1749265217,0.18063000,70129.00000000,0.18091
1749265217,0.18062000,119471.00000000,0.18091
1749265217,0.18061000,210311.00000000,0.18091
1749265217,0.18060000,378424.00000000,0.18091
1749265217,0.18059000,314055.00000000,0.18091
1749265217,0.18058000,116693.00000000,0.18091
1749265217,0.18057000,110906.00000000,0.18091
1749265217,0.18056000,164904.00000000,0.18091
1749265217,0.18055000,98574.00000000,0.18091
1749265217,0.18054000,78983.00000000,0.18091
1749265217,0.18053000,69219.00000000,0.18091
1749265217,0.18052000,105050.00000000,0.18091
1749265217,0.18051000,321601.00000000,0.18091
1749265217,0.18050000,124792.00000000,0.18091
1749265217,0.18049000,77560.00000000,0.18091
1749265217,0.18048000,93642.00000000,0.18091
1749265217,0.18047000,107816.00000000,0.18091
1749265217,0.18046000,11761.00000000,0.18091
1749265217,0.18045000,2098.00000000,0.18091
1749265217,0.18044000,104040.00000000,0.18091
1749265217,0.18043000,439647.00000000,0.18091
1749265217,0.18042000,11831.00000000,0.18091
1749265217,0.18041000,160486.00000000,0.18091
1749265217,0.18040000,84075.00000000,0.18091
1749265217,0.18039000,62122.00000000,0.18091
1749265217,0.18038000,11782.00000000,0.18091
1749265217,0.18037000,486052.00000000,0.18091
1749265217,0.18036000,102098.00000000,0.18091
1749265217,0.18035000,56675.00000000,0.18091
1749265217,0.18034000,76175.00000000,0.18091
1749265217,0.18033000,11764.00000000,0.18091
1749265217,0.18032000,2106.00000000,0.18091
1749265217,0.18031000,424650.00000000,0.18091
1749265217,0.18030000,20068.00000000,0.18091
1749265217,0.18029000,149873.00000000,0.18091
1749265217,0.18028000,8173.00000000,0.18091
1749265217,0.18027000,65103.00000000,0.18091
1749265217,0.18026000,74057.00000000,0.18091
1749265217,0.18025000,144132.00000000,0.18091
1749265217,0.18024000,5618.00000000,0.18091
1749265217,0.18023000,11755.00000000,0.18091
1749265217,0.18022000,6859.00000000,0.18091
1749265217,0.18021000,69530.00000000,0.18091
1749265217,0.18020000,5673.00000000,0.18091
1749265217,0.18019000,26980.00000000,0.18091
1749265217,0.18018000,11167.00000000,0.18091
1749265217,0.18017000,14307.00000000,0.18091
1749265217,0.18016000,118577.00000000,0.18091
1749265217,0.18015000,12999.00000000,0.18091
1749265217,0.18014000,13.00000000,0.18091
1749265217,0.18012000,732772.00000000,0.18091
1749265217,0.18011000,76340.00000000,0.18091
1749265217,0.18010000,17302.00000000,0.18091
1749265217,0.18009000,1175.00000000,0.18091
1749265217,0.18008000,67157.00000000,0.18091
1749265217,0.18007000,54977.00000000,0.18091
1749265217,0.18006000,1078023.00000000,0.18091
1749265217,0.18005000,107616.00000000,0.18091
1749265217,0.18004000,84335.00000000,0.18091
1749265217,0.18002000,17232.00000000,0.18091
1749265217,0.18001000,60422.00000000,0.18091
1749265217,0.18000000,86027.00000000,0.18091
1749265217,0.17999000,20.00000000,0.18091
1749265217,0.17998000,12055.00000000,0.18091
1749265217,0.17997000,66.00000000,0.18091
1749265217,0.17996000,19282.00000000,0.18091
1749265217,0.17995000,55576.00000000,0.18091
1749265217,0.17994000,1472258.00000000,0.18091
1749265217,0.17993000,49522.00000000,0.18091
1749265217,0.17992000,52.00000000,0.18091
1749265217,0.17991000,17410.00000000,0.18091
1749265217,0.17990000,2067.00000000,0.18091
1749265217,0.17989000,55821.00000000,0.18091
1749265518,0.18118000,41775.00000000,0.18119
1749265518,0.18117000,9013.00000000,0.18119
1749265518,0.18116000,30462.00000000,0.18119
1749265518,0.18115000,31178.00000000,0.18119
1749265518,0.18114000,73611.00000000,0.18119
1749265518,0.18113000,133287.00000000,0.18119
1749265518,0.18112000,179951.00000000,0.18119
1749265518,0.18111000,155845.00000000,0.18119
1749265518,0.18110000,31726.00000000,0.18119
1749265518,0.18109000,52106.00000000,0.18119
1749265518,0.18108000,51036.00000000,0.18119
1749265518,0.18107000,171305.00000000,0.18119
1749265518,0.18106000,114340.00000000,0.18119
1749265518,0.18105000,112239.00000000,0.18119
1749265518,0.18104000,166708.00000000,0.18119
1749265518,0.18103000,79001.00000000,0.18119
1749265518,0.18102000,44348.00000000,0.18119
1749265518,0.18101000,42772.00000000,0.18119
1749265518,0.18100000,82649.00000000,0.18119
1749265518,0.18099000,67355.00000000,0.18119
1749265518,0.18098000,175837.00000000,0.18119
1749265518,0.18097000,203792.00000000,0.18119
1749265518,0.18096000,344564.00000000,0.18119
1749265518,0.18095000,287558.00000000,0.18119
1749265518,0.18094000,212811.00000000,0.18119
1749265518,0.18093000,133289.00000000,0.18119
1749265518,0.18092000,91178.00000000,0.18119
1749265518,0.18091000,203700.00000000,0.18119
1749265518,0.18090000,132968.00000000,0.18119
1749265518,0.18089000,241569.00000000,0.18119
1749265518,0.18088000,453758.00000000,0.18119
1749265518,0.18087000,63785.00000000,0.18119
1749265518,0.18086000,189753.00000000,0.18119
1749265518,0.18085000,136869.00000000,0.18119
1749265518,0.18084000,270686.00000000,0.18119
1749265518,0.18083000,535142.00000000,0.18119
1749265518,0.18082000,103032.00000000,0.18119
1749265518,0.18081000,78084.00000000,0.18119
1749265518,0.18080000,95754.00000000,0.18119
1749265518,0.18079000,275177.00000000,0.18119
1749265518,0.18078000,117350.00000000,0.18119
1749265518,0.18077000,78245.00000000,0.18119
1749265518,0.18076000,10511.00000000,0.18119
1749265518,0.18075000,128719.00000000,0.18119
1749265518,0.18074000,135583.00000000,0.18119
1749265518,0.18073000,419427.00000000,0.18119
1749265518,0.18072000,5759.00000000,0.18119
1749265518,0.18071000,187621.00000000,0.18119
1749265518,0.18070000,69.00000000,0.18119
1749265518,0.18069000,64604.00000000,0.18119
1749265518,0.18068000,156057.00000000,0.18119
1749265518,0.18067000,71117.00000000,0.18119
1749265518,0.18066000,362524.00000000,0.18119
1749265518,0.18065000,107673.00000000,0.18119
1749265518,0.18064000,18829.00000000,0.18119
1749265518,0.18063000,1220.00000000,0.18119
1749265518,0.18062000,28259.00000000,0.18119
1749265518,0.18061000,56444.00000000,0.18119
1749265518,0.18060000,74399.00000000,0.18119
1749265518,0.18059000,22182.00000000,0.18119
1749265518,0.18058000,18664.00000000,0.18119
1749265518,0.18057000,68905.00000000,0.18119
1749265518,0.18056000,151643.00000000,0.18119
1749265518,0.18055000,134422.00000000,0.18119
1749265518,0.18054000,279.00000000,0.18119
1749265518,0.18053000,14548.00000000,0.18119
1749265518,0.18052000,2054.00000000,0.18119
1749265518,0.18051000,72099.00000000,0.18119
1749265518,0.18050000,99917.00000000,0.18119
1749265518,0.18049000,70620.00000000,0.18119
1749265518,0.18048000,16460.00000000,0.18119
1749265518,0.18047000,61157.00000000,0.18119
1749265518,0.18046000,11761.00000000,0.18119
1749265518,0.18045000,72.00000000,0.18119
1749265518,0.18044000,70679.00000000,0.18119
1749265518,0.18043000,62071.00000000,0.18119
1749265518,0.18042000,11776.00000000,0.18119
1749265518,0.18041000,17851.00000000,0.18119
1749265518,0.18040000,28537.00000000,0.18119
1749265518,0.18039000,60943.00000000,0.18119
1749265518,0.18038000,11720.00000000,0.18119
1749265518,0.18037000,313.00000000,0.18119
1749265518,0.18036000,78393.00000000,0.18119
1749265518,0.18035000,2080.00000000,0.18119
1749265518,0.18034000,76120.00000000,0.18119
1749265518,0.18033000,12894.00000000,0.18119
1749265518,0.18032000,99.00000000,0.18119
1749265518,0.18031000,75814.00000000,0.18119
1749265518,0.18030000,20007.00000000,0.18119
1749265518,0.18029000,67166.00000000,0.18119
1749265518,0.18028000,8118.00000000,0.18119
1749265518,0.18027000,66603.00000000,0.18119
1749265518,0.18026000,70817.00000000,0.18119
1749265518,0.18025000,55388.00000000,0.18119
1749265518,0.18024000,66182.00000000,0.18119
1749265518,0.18023000,2121.00000000,0.18119
1749265518,0.18022000,60781.00000000,0.18119
1749265518,0.18021000,55771.00000000,0.18119
1749265518,0.18020000,5618.00000000,0.18119
1749265518,0.18019000,15225.00000000,0.18119
1749265820,0.18095000,81678.00000000,0.18095
1749265820,0.18094000,46162.00000000,0.18095
1749265820,0.18093000,133423.00000000,0.18095
1749265820,0.18092000,213876.00000000,0.18095
1749265820,0.18091000,106486.00000000,0.18095
1749265820,0.18090000,129670.00000000,0.18095
1749265820,0.18089000,92626.00000000,0.18095
1749265820,0.18088000,56816.00000000,0.18095
1749265820,0.18087000,90420.00000000,0.18095
1749265820,0.18086000,46752.00000000,0.18095
1749265820,0.18085000,36509.00000000,0.18095
1749265820,0.18084000,89199.00000000,0.18095
1749265820,0.18083000,113398.00000000,0.18095
1749265820,0.18082000,132513.00000000,0.18095
1749265820,0.18081000,109793.00000000,0.18095
1749265820,0.18080000,140992.00000000,0.18095
1749265820,0.18079000,131249.00000000,0.18095
1749265820,0.18078000,135161.00000000,0.18095
1749265820,0.18077000,114542.00000000,0.18095
1749265820,0.18076000,116862.00000000,0.18095
1749265820,0.18075000,183393.00000000,0.18095
1749265820,0.18074000,201889.00000000,0.18095
1749265820,0.18073000,111271.00000000,0.18095
1749265820,0.18072000,81014.00000000,0.18095
1749265820,0.18071000,191488.00000000,0.18095
1749265820,0.18070000,340640.00000000,0.18095
1749265820,0.18069000,157945.00000000,0.18095
1749265820,0.18068000,308056.00000000,0.18095
1749265820,0.18067000,226327.00000000,0.18095
1749265820,0.18066000,118130.00000000,0.18095
1749265820,0.18065000,159333.00000000,0.18095
1749265820,0.18064000,145405.00000000,0.18095
1749265820,0.18063000,345470.00000000,0.18095
1749265820,0.18062000,567087.00000000,0.18095
1749265820,0.18061000,112084.00000000,0.18095
1749265820,0.18060000,166714.00000000,0.18095
1749265820,0.18059000,48997.00000000,0.18095
1749265820,0.18058000,105229.00000000,0.18095
1749265820,0.18057000,284744.00000000,0.18095
1749265820,0.18056000,186531.00000000,0.18095
1749265820,0.18055000,168422.00000000,0.18095
1749265820,0.18054000,259561.00000000,0.18095
1749265820,0.18053000,24991.00000000,0.18095
1749265820,0.18052000,12492.00000000,0.18095
1749265820,0.18051000,79990.00000000,0.18095
1749265820,0.18050000,97543.00000000,0.18095
1749265820,0.18049000,72595.00000000,0.18095
1749265820,0.18048000,352254.00000000,0.18095
1749265820,0.18047000,225923.00000000,0.18095
1749265820,0.18046000,67022.00000000,0.18095
1749265820,0.18045000,2096.00000000,0.18095
1749265820,0.18044000,12151.00000000,0.18095
1749265820,0.18043000,60950.00000000,0.18095
1749265820,0.18042000,11831.00000000,0.18095
1749265820,0.18041000,15293.00000000,0.18095
1749265820,0.18040000,84075.00000000,0.18095
1749265820,0.18039000,62413.00000000,0.18095
1749265820,0.18038000,16636.00000000,0.18095
1749265820,0.18037000,35659.00000000,0.18095
1749265820,0.18036000,67366.00000000,0.18095
1749265820,0.18035000,1323.00000000,0.18095
1749265820,0.18034000,76175.00000000,0.18095
1749265820,0.18033000,11792.00000000,0.18095
1749265820,0.18032000,2172.00000000,0.18095
1749265820,0.18031000,76329.00000000,0.18095
1749265820,0.18030000,81302.00000000,0.18095
1749265820,0.18029000,420040.00000000,0.18095
1749265820,0.18028000,8173.00000000,0.18095
1749265820,0.18027000,39012.00000000,0.18095
1749265820,0.18026000,70872.00000000,0.18095
1749265820,0.18025000,67143.00000000,0.18095
1749265820,0.18024000,7636.00000000,0.18095
1749265820,0.18023000,13876.00000000,0.18095
1749265820,0.18022000,76.00000000,0.18095
1749265820,0.18021000,69826.00000000,0.18095
1749265820,0.18020000,5673.00000000,0.18095
1749265820,0.18019000,38024.00000000,0.18095
1749265820,0.18018000,62.00000000,0.18095
1749265820,0.18017000,1382.00000000,0.18095
1749265820,0.18016000,119703.00000000,0.18095
1749265820,0.18015000,11709.00000000,0.18095
1749265820,0.18014000,100.00000000,0.18095
1749265820,0.18013000,12823.00000000,0.18095
1749265820,0.18012000,779991.00000000,0.18095
1749265820,0.18011000,14107.00000000,0.18095
1749265820,0.18010000,5698.00000000,0.18095
1749265820,0.18009000,66675.00000000,0.18095
1749265820,0.18008000,55457.00000000,0.18095
1749265820,0.18007000,26931.00000000,0.18095
1749265820,0.18006000,1065201.00000000,0.18095
1749265820,0.18005000,579070.00000000,0.18095
1749265820,0.18004000,55391.00000000,0.18095
1749265820,0.18002000,66907.00000000,0.18095
1749265820,0.18001000,2025.00000000,0.18095
1749265820,0.18000000,145904.00000000,0.18095
1749265820,0.17999000,20.00000000,0.18095
1749265820,0.17998000,355.00000000,0.18095
1749265820,0.17997000,66.00000000,0.18095
1749265820,0.17996000,7582.00000000,0.18095
1749265820,0.17995000,55576.00000000,0.18095
1749266122,0.18188000,51074.00000000,0.1819
1749266122,0.18187000,69818.00000000,0.1819
1749266122,0.18186000,190421.00000000,0.1819
1749266122,0.18185000,176681.00000000,0.1819
1749266122,0.18184000,81398.00000000,0.1819
1749266122,0.18183000,51270.00000000,0.1819
1749266122,0.18182000,28513.00000000,0.1819
1749266122,0.18181000,55010.00000000,0.1819
1749266122,0.18180000,130932.00000000,0.1819
1749266122,0.18179000,113583.00000000,0.1819
1749266122,0.18178000,79704.00000000,0.1819
1749266122,0.18177000,62290.00000000,0.1819
1749266122,0.18176000,88682.00000000,0.1819
1749266122,0.18175000,105569.00000000,0.1819
1749266122,0.18174000,103208.00000000,0.1819
1749266122,0.18173000,115762.00000000,0.1819
1749266122,0.18172000,214912.00000000,0.1819
1749266122,0.18171000,144791.00000000,0.1819
1749266122,0.18170000,54999.00000000,0.1819
1749266122,0.18169000,111323.00000000,0.1819
1749266122,0.18168000,42028.00000000,0.1819
1749266122,0.18167000,41139.00000000,0.1819
1749266122,0.18166000,131370.00000000,0.1819
1749266122,0.18165000,171787.00000000,0.1819
1749266122,0.18164000,149048.00000000,0.1819
1749266122,0.18163000,98549.00000000,0.1819
1749266122,0.18162000,183470.00000000,0.1819
1749266122,0.18161000,46883.00000000,0.1819
1749266122,0.18160000,106322.00000000,0.1819
1749266122,0.18159000,168655.00000000,0.1819
1749266122,0.18158000,230261.00000000,0.1819
1749266122,0.18157000,185783.00000000,0.1819
1749266122,0.18156000,229408.00000000,0.1819
1749266122,0.18155000,409101.00000000,0.1819
1749266122,0.18154000,89929.00000000,0.1819
1749266122,0.18153000,19394.00000000,0.1819
1749266122,0.18152000,39211.00000000,0.1819
1749266122,0.18151000,200416.00000000,0.1819
1749266122,0.18150000,370832.00000000,0.1819
1749266122,0.18149000,97334.00000000,0.1819
1749266122,0.18148000,48613.00000000,0.1819
1749266122,0.18147000,101729.00000000,0.1819
1749266122,0.18146000,53656.00000000,0.1819
1749266122,0.18145000,107755.00000000,0.1819
1749266122,0.18144000,17490.00000000,0.1819
1749266122,0.18143000,361251.00000000,0.1819
1749266122,0.18142000,70677.00000000,0.1819
1749266122,0.18141000,33282.00000000,0.1819
1749266122,0.18140000,17690.00000000,0.1819
1749266122,0.18139000,55651.00000000,0.1819
1749266122,0.18138000,110935.00000000,0.1819
1749266122,0.18137000,466819.00000000,0.1819
1749266122,0.18136000,351730.00000000,0.1819
1749266122,0.18135000,49622.00000000,0.1819
1749266122,0.18134000,55863.00000000,0.1819
1749266122,0.18133000,63570.00000000,0.1819
1749266122,0.18132000,2262.00000000,0.1819
1749266122,0.18131000,641.00000000,0.1819
1749266122,0.18130000,64623.00000000,0.1819
1749266122,0.18129000,55337.00000000,0.1819
1749266122,0.18128000,148887.00000000,0.1819
1749266122,0.18127000,24115.00000000,0.1819
1749266122,0.18126000,143663.00000000,0.1819
1749266122,0.18125000,21257.00000000,0.1819
1749266122,0.18124000,1201.00000000,0.1819
1749266122,0.18123000,58195.00000000,0.1819
1749266122,0.18122000,77602.00000000,0.1819
1749266122,0.18121000,29272.00000000,0.1819
1749266122,0.18120000,37390.00000000,0.1819
1749266122,0.18119000,2696.00000000,0.1819
1749266122,0.18118000,166517.00000000,0.1819
1749266122,0.18117000,22177.00000000,0.1819
1749266122,0.18116000,12792.00000000,0.1819
1749266122,0.18115000,3231.00000000,0.1819
1749266122,0.18114000,20820.00000000,0.1819
1749266122,0.18113000,67472.00000000,0.1819
1749266122,0.18112000,40.00000000,0.1819
1749266122,0.18111000,11331.00000000,0.1819
1749266122,0.18110000,86022.00000000,0.1819
1749266122,0.18109000,88707.00000000,0.1819
1749266122,0.18108000,356810.00000000,0.1819
1749266122,0.18107000,130262.00000000,0.1819
1749266122,0.18106000,57630.00000000,0.1819
1749266122,0.18105000,18359.00000000,0.1819
1749266122,0.18104000,11075.00000000,0.1819
1749266122,0.18103000,11715.00000000,0.1819
1749266122,0.18102000,7.00000000,0.1819
1749266122,0.18101000,5532.00000000,0.1819
1749266122,0.18100000,15461.00000000,0.1819
1749266122,0.18099000,110846.00000000,0.1819
1749266122,0.18098000,11706.00000000,0.1819
1749266122,0.18097000,6919.00000000,0.1819
1749266122,0.18096000,12874.00000000,0.1819
1749266122,0.18095000,55490.00000000,0.1819
1749266122,0.18094000,69363.00000000,0.1819
1749266122,0.18093000,15225.00000000,0.1819
1749266122,0.18092000,55610.00000000,0.1819
1749266122,0.18091000,54708.00000000,0.1819
1749266122,0.18090000,17580.00000000,0.1819
1749266122,0.18089000,116028.00000000,0.1819
1749266423,0.18161000,37121.00000000,0.18161
1749266423,0.18160000,15460.00000000,0.18161
1749266423,0.18159000,28524.00000000,0.18161
1749266423,0.18158000,28383.00000000,0.18161
1749266423,0.18157000,134683.00000000,0.18161
1749266423,0.18156000,171676.00000000,0.18161
1749266423,0.18155000,58249.00000000,0.18161
1749266423,0.18154000,87738.00000000,0.18161
1749266423,0.18153000,81048.00000000,0.18161
1749266423,0.18152000,124442.00000000,0.18161
1749266423,0.18151000,255217.00000000,0.18161
1749266423,0.18150000,160870.00000000,0.18161
1749266423,0.18149000,113788.00000000,0.18161
1749266423,0.18148000,73715.00000000,0.18161
1749266423,0.18147000,76134.00000000,0.18161
1749266423,0.18146000,49993.00000000,0.18161
1749266423,0.18145000,103934.00000000,0.18161
1749266423,0.18144000,87340.00000000,0.18161
1749266423,0.18143000,222849.00000000,0.18161
1749266423,0.18142000,182646.00000000,0.18161
1749266423,0.18141000,214615.00000000,0.18161
1749266423,0.18140000,139615.00000000,0.18161
1749266423,0.18139000,315289.00000000,0.18161
1749266423,0.18138000,226433.00000000,0.18161
1749266423,0.18137000,113358.00000000,0.18161
1749266423,0.18136000,116535.00000000,0.18161
1749266423,0.18135000,196265.00000000,0.18161
1749266423,0.18134000,357546.00000000,0.18161
1749266423,0.18133000,171674.00000000,0.18161
1749266423,0.18132000,57219.00000000,0.18161
1749266423,0.18131000,234879.00000000,0.18161
1749266423,0.18130000,317723.00000000,0.18161
1749266423,0.18129000,105061.00000000,0.18161
1749266423,0.18128000,253454.00000000,0.18161
1749266423,0.18127000,330605.00000000,0.18161
1749266423,0.18126000,189575.00000000,0.18161
1749266423,0.18125000,52942.00000000,0.18161
1749266423,0.18124000,83035.00000000,0.18161
1749266423,0.18123000,128742.00000000,0.18161
1749266423,0.18122000,178069.00000000,0.18161
1749266423,0.18121000,55591.00000000,0.18161
1749266423,0.18120000,26838.00000000,0.18161
1749266423,0.18119000,98749.00000000,0.18161
1749266423,0.18118000,121557.00000000,0.18161
1749266423,0.18117000,78797.00000000,0.18161
1749266423,0.18116000,226913.00000000,0.18161
1749266423,0.18115000,60.00000000,0.18161
1749266423,0.18114000,20833.00000000,0.18161
1749266423,0.18113000,67472.00000000,0.18161
1749266423,0.18112000,2358.00000000,0.18161
1749266423,0.18111000,555450.00000000,0.18161
1749266423,0.18110000,311918.00000000,0.18161
1749266423,0.18109000,11760.00000000,0.18161
1749266423,0.18108000,6732.00000000,0.18161
1749266423,0.18107000,133908.00000000,0.18161
1749266423,0.18106000,56710.00000000,0.18161
1749266423,0.18105000,52829.00000000,0.18161
1749266423,0.18104000,109.00000000,0.18161
1749266423,0.18103000,11787.00000000,0.18161
1749266423,0.18102000,273.00000000,0.18161
1749266423,0.18101000,17286.00000000,0.18161
1749266423,0.18100000,55966.00000000,0.18161
1749266423,0.18099000,56535.00000000,0.18161
1749266423,0.18098000,11770.00000000,0.18161
1749266423,0.18097000,6973.00000000,0.18161
1749266423,0.18096000,13872.00000000,0.18161
1749266423,0.18095000,27318.00000000,0.18161
1749266423,0.18094000,417867.00000000,0.18161
1749266423,0.18093000,15280.00000000,0.18161
1749266423,0.18092000,68086.00000000,0.18161
1749266423,0.18091000,2079.00000000,0.18161
1749266423,0.18090000,74295.00000000,0.18161
1749266423,0.18089000,68650.00000000,0.18161
1749266423,0.18088000,61067.00000000,0.18161
1749266423,0.18087000,12932.00000000,0.18161
1749266423,0.18086000,28995.00000000,0.18161
1749266423,0.18085000,672335.00000000,0.18161
1749266423,0.18084000,68345.00000000,0.18161
1749266423,0.18083000,5552.00000000,0.18161
1749266423,0.18082000,67476.00000000,0.18161
1749266423,0.18081000,22312.00000000,0.18161
1749266423,0.18080000,70519.00000000,0.18161
1749266423,0.18079000,31.00000000,0.18161
1749266423,0.18078000,19277.00000000,0.18161
1749266423,0.18077000,55434.00000000,0.18161
1749266423,0.18076000,11836.00000000,0.18161
1749266423,0.18075000,3717.00000000,0.18161
1749266423,0.18074000,37219.00000000,0.18161
1749266423,0.18073000,55407.00000000,0.18161
1749266423,0.18072000,6984.00000000,0.18161
1749266423,0.18071000,13.00000000,0.18161
1749266423,0.18070000,54804.00000000,0.18161
1749266423,0.18069000,48817.00000000,0.18161
1749266423,0.18068000,122174.00000000,0.18161
1749266423,0.18067000,57139.00000000,0.18161
1749266423,0.18066000,2459942.00000000,0.18161
1749266423,0.18065000,109703.00000000,0.18161
1749266423,0.18064000,474470.00000000,0.18161
1749266423,0.18062000,180.00000000,0.18161
1749266423,0.18061000,53261.00000000,0.18161
1749266725,0.18190000,1170.00000000,0.18192
1749266725,0.18189000,4239.00000000,0.18192
1749266725,0.18188000,53431.00000000,0.18192
1749266725,0.18187000,148106.00000000,0.18192
1749266725,0.18186000,46222.00000000,0.18192
1749266725,0.18185000,136382.00000000,0.18192
1749266725,0.18184000,59574.00000000,0.18192
1749266725,0.18183000,136993.00000000,0.18192
1749266725,0.18182000,58930.00000000,0.18192
1749266725,0.18181000,142004.00000000,0.18192
1749266725,0.18180000,110627.00000000,0.18192
1749266725,0.18179000,174793.00000000,0.18192
1749266725,0.18178000,113148.00000000,0.18192
1749266725,0.18177000,152161.00000000,0.18192
1749266725,0.18176000,56193.00000000,0.18192
1749266725,0.18175000,27285.00000000,0.18192
1749266725,0.18174000,34480.00000000,0.18192
1749266725,0.18173000,70883.00000000,0.18192
1749266725,0.18172000,112667.00000000,0.18192
1749266725,0.18171000,97401.00000000,0.18192
1749266725,0.18170000,143018.00000000,0.18192
1749266725,0.18169000,92239.00000000,0.18192
1749266725,0.18168000,137519.00000000,0.18192
1749266725,0.18167000,268276.00000000,0.18192
1749266725,0.18166000,206281.00000000,0.18192
1749266725,0.18165000,219980.00000000,0.18192
1749266725,0.18164000,193269.00000000,0.18192
1749266725,0.18163000,149779.00000000,0.18192
1749266725,0.18162000,125351.00000000,0.18192
1749266725,0.18161000,219925.00000000,0.18192
1749266725,0.18160000,268503.00000000,0.18192
1749266725,0.18159000,327517.00000000,0.18192
1749266725,0.18158000,207796.00000000,0.18192
1749266725,0.18157000,22131.00000000,0.18192
1749266725,0.18156000,29601.00000000,0.18192
1749266725,0.18155000,46313.00000000,0.18192
1749266725,0.18154000,101414.00000000,0.18192
1749266725,0.18153000,27665.00000000,0.18192
1749266725,0.18152000,34100.00000000,0.18192
1749266725,0.18151000,77511.00000000,0.18192
1749266725,0.18150000,194319.00000000,0.18192
1749266725,0.18149000,255688.00000000,0.18192
1749266725,0.18148000,80125.00000000,0.18192
1749266725,0.18147000,581471.00000000,0.18192
1749266725,0.18146000,1178.00000000,0.18192
1749266725,0.18145000,67452.00000000,0.18192
1749266725,0.18144000,200150.00000000,0.18192
1749266725,0.18143000,4261.00000000,0.18192
1749266725,0.18142000,26985.00000000,0.18192
1749266725,0.18141000,481069.00000000,0.18192
1749266725,0.18140000,35230.00000000,0.18192
1749266725,0.18139000,113796.00000000,0.18192
1749266725,0.18138000,408971.00000000,0.18192
1749266725,0.18137000,74529.00000000,0.18192
1749266725,0.18136000,14768.00000000,0.18192
1749266725,0.18135000,15285.00000000,0.18192
1749266725,0.18134000,67480.00000000,0.18192
1749266725,0.18133000,139797.00000000,0.18192
1749266725,0.18132000,42830.00000000,0.18192
1749266725,0.18131000,510.00000000,0.18192
1749266725,0.18130000,114124.00000000,0.18192
1749266725,0.18129000,5601.00000000,0.18192
1749266725,0.18128000,153931.00000000,0.18192
1749266725,0.18127000,6770.00000000,0.18192
1749266725,0.18126000,50560.00000000,0.18192
1749266725,0.18125000,5554.00000000,0.18192
1749266725,0.18124000,11737.00000000,0.18192
1749266725,0.18123000,56358.00000000,0.18192
1749266725,0.18122000,17254.00000000,0.18192
1749266725,0.18121000,14000.00000000,0.18192
1749266725,0.18120000,13338.00000000,0.18192
1749266725,0.18119000,27257.00000000,0.18192
1749266725,0.18118000,112097.00000000,0.18192
1749266725,0.18117000,22142.00000000,0.18192
1749266725,0.18116000,71502.00000000,0.18192
1749266725,0.18115000,7.00000000,0.18192
1749266725,0.18114000,23534.00000000,0.18192
1749266725,0.18113000,67418.00000000,0.18192
1749266725,0.18112000,13464.00000000,0.18192
1749266725,0.18111000,24377.00000000,0.18192
1749266725,0.18110000,53103.00000000,0.18192
1749266725,0.18109000,12824.00000000,0.18192
1749266725,0.18108000,6684.00000000,0.18192
1749266725,0.18107000,115244.00000000,0.18192
1749266725,0.18106000,56529.00000000,0.18192
1749266725,0.18105000,12023.00000000,0.18192
1749266725,0.18104000,55.00000000,0.18192
1749266725,0.18103000,11733.00000000,0.18192
1749266725,0.18102000,219.00000000,0.18192
1749266725,0.18101000,11700.00000000,0.18192
1749266725,0.18100000,1533.00000000,0.18192
1749266725,0.18099000,55369.00000000,0.18192
1749266725,0.18098000,11716.00000000,0.18192
1749266725,0.18097000,1421.00000000,0.18192
1749266725,0.18096000,54810.00000000,0.18192
1749266725,0.18095000,1260.00000000,0.18192
1749266725,0.18094000,55416.00000000,0.18192
1749266725,0.18092000,56325.00000000,0.18192
1749266725,0.18091000,1175.00000000,0.18192
1749266725,0.18090000,60427.00000000,0.18192
1749267026,0.18161000,1032.00000000,0.18162
1749267026,0.18160000,7326.00000000,0.18162
1749267026,0.18159000,19629.00000000,0.18162
1749267026,0.18158000,48331.00000000,0.18162
1749267026,0.18157000,121109.00000000,0.18162
1749267026,0.18156000,150373.00000000,0.18162
1749267026,0.18155000,153527.00000000,0.18162
1749267026,0.18154000,91099.00000000,0.18162
1749267026,0.18153000,80318.00000000,0.18162
1749267026,0.18152000,64476.00000000,0.18162
1749267026,0.18151000,139049.00000000,0.18162
1749267026,0.18150000,157360.00000000,0.18162
1749267026,0.18149000,129705.00000000,0.18162
1749267026,0.18148000,212234.00000000,0.18162
1749267026,0.18147000,243868.00000000,0.18162
1749267026,0.18146000,142099.00000000,0.18162
1749267026,0.18145000,126637.00000000,0.18162
1749267026,0.18144000,120417.00000000,0.18162
1749267026,0.18143000,131547.00000000,0.18162
1749267026,0.18142000,106888.00000000,0.18162
1749267026,0.18141000,148918.00000000,0.18162
1749267026,0.18140000,106803.00000000,0.18162
1749267026,0.18139000,135112.00000000,0.18162
1749267026,0.18138000,194156.00000000,0.18162
1749267026,0.18137000,147878.00000000,0.18162
1749267026,0.18136000,96241.00000000,0.18162
1749267026,0.18135000,140403.00000000,0.18162
1749267026,0.18134000,275032.00000000,0.18162
1749267026,0.18133000,121428.00000000,0.18162
1749267026,0.18132000,82882.00000000,0.18162
1749267026,0.18131000,172595.00000000,0.18162
1749267026,0.18130000,109596.00000000,0.18162
1749267026,0.18129000,96690.00000000,0.18162
1749267026,0.18128000,180582.00000000,0.18162
1749267026,0.18127000,37246.00000000,0.18162
1749267026,0.18126000,76981.00000000,0.18162
1749267026,0.18125000,45671.00000000,0.18162
1749267026,0.18124000,127765.00000000,0.18162
1749267026,0.18123000,96562.00000000,0.18162
1749267026,0.18122000,228930.00000000,0.18162
1749267026,0.18121000,70724.00000000,0.18162
1749267026,0.18120000,23795.00000000,0.18162
1749267026,0.18119000,221777.00000000,0.18162
1749267026,0.18118000,391035.00000000,0.18162
1749267026,0.18117000,68896.00000000,0.18162
1749267026,0.18116000,12792.00000000,0.18162
1749267026,0.18115000,57114.00000000,0.18162
1749267026,0.18114000,23588.00000000,0.18162
1749267026,0.18113000,123009.00000000,0.18162
1749267026,0.18112000,368.00000000,0.18162
1749267026,0.18111000,29526.00000000,0.18162
1749267026,0.18110000,70.00000000,0.18162
1749267026,0.18109000,12878.00000000,0.18162
1749267026,0.18108000,94322.00000000,0.18162
1749267026,0.18107000,117079.00000000,0.18162
1749267026,0.18106000,58592.00000000,0.18162
1749267026,0.18105000,14086.00000000,0.18162
1749267026,0.18104000,109.00000000,0.18162
1749267026,0.18103000,11787.00000000,0.18162
1749267026,0.18102000,273.00000000,0.18162
1749267026,0.18101000,39011.00000000,0.18162
1749267026,0.18100000,389441.00000000,0.18162
1749267026,0.18099000,67124.00000000,0.18162
1749267026,0.18098000,71.00000000,0.18162
1749267026,0.18097000,15185.00000000,0.18162
1749267026,0.18096000,172.00000000,0.18162
1749267026,0.18095000,13841.00000000,0.18162
1749267026,0.18094000,55471.00000000,0.18162
1749267026,0.18093000,11755.00000000,0.18162
1749267026,0.18092000,80946.00000000,0.18162
