timestamp,price,volume,current_price
1749254456,3.88300000,1383.55000000,3.884
1749254456,3.88200000,4360.37000000,3.884
1749254456,3.88100000,7184.14000000,3.884
1749254456,3.88000000,1625.30000000,3.884
1749254456,3.87900000,4774.83000000,3.884
1749254456,3.87800000,10439.90000000,3.884
1749254456,3.87700000,6243.20000000,3.884
1749254456,3.87600000,7657.80000000,3.884
1749254456,3.87500000,6279.85000000,3.884
1749254456,3.87400000,4187.47000000,3.884
1749254456,3.87300000,5602.30000000,3.884
1749254456,3.87200000,1916.64000000,3.884
1749254456,3.87100000,3346.91000000,3.884
1749254456,3.87000000,10256.06000000,3.884
1749254456,3.86900000,1619.75000000,3.884
1749254456,3.86800000,202.03000000,3.884
1749254456,3.86700000,604.87000000,3.884
1749254456,3.86600000,472.59000000,3.884
1749254456,3.86500000,8250.26000000,3.884
1749254456,3.86400000,413.39000000,3.884
1749254456,3.86300000,521.25000000,3.884
1749254456,3.86200000,222.38000000,3.884
1749254456,3.86100000,392.79000000,3.884
1749254456,3.86000000,628.89000000,3.884
1749254456,3.85900000,716.35000000,3.884
1749254456,3.85800000,215.62000000,3.884
1749254456,3.85700000,254.21000000,3.884
1749254456,3.85600000,51.46000000,3.884
1749254456,3.85500000,430.17000000,3.884
1749254456,3.85400000,199.00000000,3.884
1749254456,3.85300000,738.58000000,3.884
1749254456,3.85200000,513.14000000,3.884
1749254456,3.85100000,455.74000000,3.884
1749254456,3.85000000,2915.85000000,3.884
1749254456,3.84900000,418.39000000,3.884
1749254456,3.84800000,6409.21000000,3.884
1749254456,3.84700000,655.92000000,3.884
1749254456,3.84600000,184.62000000,3.884
1749254456,3.84500000,433.85000000,3.884
1749254456,3.84400000,14.30000000,3.884
1749254456,3.84300000,261.15000000,3.884
1749254456,3.84200000,5.57000000,3.884
1749254456,3.84100000,541.69000000,3.884
1749254456,3.84000000,417.95000000,3.884
1749254456,3.83900000,30.25000000,3.884
1749254456,3.83800000,329.84000000,3.884
1749254456,3.83700000,4005.83000000,3.884
1749254456,3.83600000,6.91000000,3.884
1749254456,3.83500000,2.56000000,3.884
1749254456,3.83400000,33.51000000,3.884
1749254456,3.83300000,9.34000000,3.884
1749254456,3.83200000,5.23000000,3.884
1749254456,3.83100000,26.64000000,3.884
1749254456,3.83000000,738.69000000,3.884
1749254456,3.82900000,31.55000000,3.884
1749254456,3.82800000,239.04000000,3.884
1749254456,3.82700000,17.94000000,3.884
1749254456,3.82600000,15.55000000,3.884
1749254456,3.82500000,9.47000000,3.884
1749254456,3.82400000,5.67000000,3.884
1749254456,3.82300000,8.06000000,3.884
1749254456,3.82200000,1277.94000000,3.884
1749254456,3.82100000,63.91000000,3.884
1749254456,3.82000000,1133.16000000,3.884
1749254456,3.81900000,6.32000000,3.884
1749254456,3.81800000,101.37000000,3.884
1749254456,3.81700000,5.35000000,3.884
1749254456,3.81600000,25.39000000,3.884
1749254456,3.81500000,260.97000000,3.884
1749254456,3.81400000,1160.95000000,3.884
1749254456,3.81300000,4.11000000,3.884
1749254456,3.81200000,33.88000000,3.884
1749254456,3.81100000,2.58000000,3.884
1749254456,3.81000000,189.90000000,3.884
1749254456,3.80900000,16.03000000,3.884
1749254456,3.80800000,1631.71000000,3.884
1749254456,3.80700000,33.14000000,3.884
1749254456,3.80600000,832.35000000,3.884
1749254456,3.80500000,42.85000000,3.884
1749254456,3.80400000,4.72000000,3.884
1749254456,3.80300000,105.18000000,3.884
1749254456,3.80200000,144.19000000,3.884
1749254456,3.80100000,104.38000000,3.884
1749254456,3.80000000,7380.58000000,3.884
1749254456,3.79900000,25.33000000,3.884
1749254456,3.79800000,11.09000000,3.884
1749254456,3.79700000,8.06000000,3.884
1749254456,3.79600000,8.21000000,3.884
1749254456,3.79500000,13.17000000,3.884
1749254456,3.79400000,23.51000000,3.884
1749254456,3.79300000,13.72000000,3.884
1749254456,3.79200000,3.33000000,3.884
1749254456,3.79100000,4.95000000,3.884
1749254456,3.79000000,166.91000000,3.884
1749254456,3.78900000,33.77000000,3.884
1749254456,3.78800000,3.25000000,3.884
1749254456,3.78700000,8.69000000,3.884
1749254456,3.78600000,97.87000000,3.884
1749254456,3.78500000,16.00000000,3.884
1749254456,3.78400000,55.74000000,3.884
1749254757,3.88100000,187.49000000,3.882
1749254757,3.88000000,3498.00000000,3.882
1749254757,3.87900000,2691.10000000,3.882
1749254757,3.87800000,4901.06000000,3.882
1749254757,3.87700000,4855.97000000,3.882
1749254757,3.87600000,9813.55000000,3.882
1749254757,3.87500000,7714.37000000,3.882
1749254757,3.87400000,14919.78000000,3.882
1749254757,3.87300000,3618.92000000,3.882
1749254757,3.87200000,1545.42000000,3.882
1749254757,3.87100000,384.83000000,3.882
1749254757,3.87000000,3268.07000000,3.882
1749254757,3.86900000,11500.98000000,3.882
1749254757,3.86800000,202.03000000,3.882
1749254757,3.86700000,1888.09000000,3.882
1749254757,3.86600000,987.49000000,3.882
1749254757,3.86500000,6836.35000000,3.882
1749254757,3.86400000,972.37000000,3.882
1749254757,3.86300000,521.25000000,3.882
1749254757,3.86200000,322.84000000,3.882
1749254757,3.86100000,585.89000000,3.882
1749254757,3.86000000,628.89000000,3.882
1749254757,3.85900000,8656.89000000,3.882
1749254757,3.85800000,222.05000000,3.882
1749254757,3.85700000,254.21000000,3.882
1749254757,3.85600000,51.46000000,3.882
1749254757,3.85500000,433.32000000,3.882
1749254757,3.85400000,262.87000000,3.882
1749254757,3.85300000,218.94000000,3.882
1749254757,3.85200000,520.87000000,3.882
1749254757,3.85100000,1113.33000000,3.882
1749254757,3.85000000,2915.85000000,3.882
1749254757,3.84900000,424.82000000,3.882
1749254757,3.84800000,6409.21000000,3.882
1749254757,3.84700000,655.87000000,3.882
1749254757,3.84600000,53.01000000,3.882
1749254757,3.84500000,433.85000000,3.882
1749254757,3.84400000,53.69000000,3.882
1749254757,3.84300000,346.57000000,3.882
1749254757,3.84200000,5.57000000,3.882
1749254757,3.84100000,541.69000000,3.882
1749254757,3.84000000,419.39000000,3.882
1749254757,3.83900000,706.19000000,3.882
1749254757,3.83800000,329.84000000,3.882
1749254757,3.83700000,4005.83000000,3.882
1749254757,3.83600000,6.91000000,3.882
1749254757,3.83500000,2.56000000,3.882
1749254757,3.83400000,33.51000000,3.882
1749254757,3.83300000,9.34000000,3.882
1749254757,3.83200000,5.23000000,3.882
1749254757,3.83100000,26.64000000,3.882
1749254757,3.83000000,743.85000000,3.882
1749254757,3.82900000,31.55000000,3.882
1749254757,3.82800000,239.04000000,3.882
1749254757,3.82700000,17.94000000,3.882
1749254757,3.82600000,41.64000000,3.882
1749254757,3.82500000,9.47000000,3.882
1749254757,3.82400000,5.67000000,3.882
1749254757,3.82300000,8.06000000,3.882
1749254757,3.82200000,1271.46000000,3.882
1749254757,3.82100000,63.91000000,3.882
1749254757,3.82000000,1133.16000000,3.882
1749254757,3.81900000,6.32000000,3.882
1749254757,3.81800000,101.37000000,3.882
1749254757,3.81700000,5.35000000,3.882
1749254757,3.81600000,25.39000000,3.882
1749254757,3.81500000,260.97000000,3.882
1749254757,3.81400000,1160.95000000,3.882
1749254757,3.81300000,4.11000000,3.882
1749254757,3.81200000,33.88000000,3.882
1749254757,3.81100000,2.58000000,3.882
1749254757,3.81000000,196.40000000,3.882
1749254757,3.80900000,16.03000000,3.882
1749254757,3.80800000,1631.71000000,3.882
1749254757,3.80700000,35.72000000,3.882
1749254757,3.80600000,834.93000000,3.882
1749254757,3.80500000,42.85000000,3.882
1749254757,3.80400000,4.72000000,3.882
1749254757,3.80300000,234.19000000,3.882
1749254757,3.80200000,9.21000000,3.882
1749254757,3.80100000,104.38000000,3.882
1749254757,3.80000000,7380.58000000,3.882
1749254757,3.79900000,25.33000000,3.882
1749254757,3.79800000,11.09000000,3.882
1749254757,3.79700000,8.06000000,3.882
1749254757,3.79600000,8.21000000,3.882
1749254757,3.79500000,13.17000000,3.882
1749254757,3.79400000,23.51000000,3.882
1749254757,3.79300000,13.72000000,3.882
1749254757,3.79200000,3.33000000,3.882
1749254757,3.79100000,4.95000000,3.882
1749254757,3.79000000,166.91000000,3.882
1749254757,3.78900000,33.77000000,3.882
1749254757,3.78800000,3.25000000,3.882
1749254757,3.78700000,8.69000000,3.882
1749254757,3.78600000,97.87000000,3.882
1749254757,3.78500000,16.00000000,3.882
1749254757,3.78400000,55.74000000,3.882
1749254757,3.78300000,32.27000000,3.882
1749254757,3.78200000,1283.94000000,3.882
