timestamp,price,volume,current_price
1749260645,3.91900000,330.65000000,3.919
1749260645,3.91800000,3825.53000000,3.919
1749260645,3.91700000,5269.92000000,3.919
1749260645,3.91600000,6788.87000000,3.919
1749260645,3.91500000,9174.60000000,3.919
1749260645,3.91400000,16901.58000000,3.919
1749260645,3.91300000,16380.76000000,3.919
1749260645,3.91200000,9115.15000000,3.919
1749260645,3.91100000,4485.75000000,3.919
1749260645,3.91000000,4746.08000000,3.919
1749260645,3.90900000,366.66000000,3.919
1749260645,3.90800000,2017.63000000,3.919
1749260645,3.90700000,6769.73000000,3.919
1749260645,3.90600000,1123.25000000,3.919
1749260645,3.90500000,6522.43000000,3.919
1749260645,3.90400000,907.26000000,3.919
1749260645,3.90300000,215.97000000,3.919
1749260645,3.90200000,2770.92000000,3.919
1749260645,3.90100000,220.93000000,3.919
1749260645,3.90000000,4538.97000000,3.919
1749260645,3.89900000,247.85000000,3.919
1749260645,3.89800000,6946.50000000,3.919
1749260645,3.89700000,1482.07000000,3.919
1749260645,3.89600000,419.24000000,3.919
1749260645,3.89500000,558.89000000,3.919
1749260645,3.89400000,415.02000000,3.919
1749260645,3.89300000,8124.35000000,3.919
1749260645,3.89200000,422.87000000,3.919
1749260645,3.89100000,175.50000000,3.919
1749260645,3.89000000,460.24000000,3.919
1749260645,3.88900000,869.89000000,3.919
1749260645,3.88800000,384.44000000,3.919
1749260645,3.88700000,278.35000000,3.919
1749260645,3.88600000,414.76000000,3.919
1749260645,3.88500000,10.02000000,3.919
1749260645,3.88400000,416.20000000,3.919
1749260645,3.88300000,301.34000000,3.919
1749260645,3.88200000,1467.42000000,3.919
1749260645,3.88100000,6403.83000000,3.919
1749260645,3.88000000,9.27000000,3.919
1749260645,3.87900000,309.19000000,3.919
1749260645,3.87800000,152.00000000,3.919
1749260645,3.87700000,11.49000000,3.919
1749260645,3.87600000,349.07000000,3.919
1749260645,3.87500000,16.95000000,3.919
1749260645,3.87400000,1605.65000000,3.919
1749260645,3.87300000,44.61000000,3.919
1749260645,3.87200000,19.09000000,3.919
1749260645,3.87100000,7.27000000,3.919
1749260645,3.87000000,28.52000000,3.919
1749260645,3.86900000,16.91000000,3.919
1749260645,3.86800000,10.20000000,3.919
1749260645,3.86700000,4.51000000,3.919
1749260645,3.86600000,260.87000000,3.919
1749260645,3.86500000,6.06000000,3.919
1749260645,3.86400000,21.32000000,3.919
1749260645,3.86300000,14.69000000,3.919
1749260645,3.86200000,4063.55000000,3.919
1749260645,3.86100000,19.59000000,3.919
1749260645,3.86000000,431.70000000,3.919
1749260645,3.85900000,37.22000000,3.919
1749260645,3.85800000,2.55000000,3.919
1749260645,3.85700000,19.17000000,3.919
1749260645,3.85600000,5.41000000,3.919
1749260645,3.85500000,56.95000000,3.919
1749260645,3.85400000,27.98000000,3.919
1749260645,3.85300000,6.66000000,3.919
1749260645,3.85200000,18.94000000,3.919
1749260645,3.85100000,3.91000000,3.919
1749260645,3.85000000,3932.19000000,3.919
1749260645,3.84900000,3.89000000,3.919
1749260645,3.84800000,5.99000000,3.919
1749260645,3.84700000,21.51000000,3.919
1749260645,3.84600000,91.05000000,3.919
1749260645,3.84500000,4.11000000,3.919
1749260645,3.84400000,12.84000000,3.919
1749260645,3.84200000,4.36000000,3.919
1749260645,3.84100000,14.02000000,3.919
1749260645,3.84000000,394.07000000,3.919
1749260645,3.83900000,25.74000000,3.919
1749260645,3.83800000,428.46000000,3.919
1749260645,3.83600000,1.41000000,3.919
1749260645,3.83400000,4.92000000,3.919
1749260645,3.83300000,6.78000000,3.919
1749260645,3.83200000,1624.55000000,3.919
1749260645,3.83100000,24.08000000,3.919
1749260645,3.83000000,739.68000000,3.919
1749260645,3.82900000,28.98000000,3.919
1749260645,3.82800000,236.47000000,3.919
1749260645,3.82700000,15.37000000,3.919
1749260645,3.82600000,12.98000000,3.919
1749260645,3.82500000,6.90000000,3.919
1749260645,3.82400000,1.79000000,3.919
1749260645,3.82300000,5.49000000,3.919
1749260645,3.82200000,10.92000000,3.919
1749260645,3.82100000,44.13000000,3.919
1749260645,3.82000000,228.31000000,3.919
1749260645,3.81900000,3.75000000,3.919
1749260645,3.81800000,360.71000000,3.919
1749260645,3.81700000,2.78000000,3.919
1749260947,3.92400000,1214.98000000,3.925
1749260947,3.92300000,2859.28000000,3.925
1749260947,3.92200000,3911.50000000,3.925
1749260947,3.92100000,6254.96000000,3.925
1749260947,3.92000000,9897.89000000,3.925
1749260947,3.91900000,9857.42000000,3.925
1749260947,3.91800000,16411.46000000,3.925
1749260947,3.91700000,8469.69000000,3.925
1749260947,3.91600000,7869.44000000,3.925
1749260947,3.91500000,4274.93000000,3.925
1749260947,3.91400000,5103.83000000,3.925
1749260947,3.91300000,5493.08000000,3.925
1749260947,3.91200000,3616.18000000,3.925
1749260947,3.91100000,1378.75000000,3.925
1749260947,3.91000000,3503.60000000,3.925
1749260947,3.90900000,224.01000000,3.925
1749260947,3.90800000,591.78000000,3.925
1749260947,3.90700000,5225.69000000,3.925
1749260947,3.90600000,560.52000000,3.925
1749260947,3.90500000,7285.35000000,3.925
1749260947,3.90400000,848.88000000,3.925
1749260947,3.90300000,215.97000000,3.925
1749260947,3.90200000,515.18000000,3.925
1749260947,3.90100000,220.93000000,3.925
1749260947,3.90000000,8322.30000000,3.925
1749260947,3.89900000,446.70000000,3.925
1749260947,3.89800000,439.12000000,3.925
1749260947,3.89700000,310.88000000,3.925
1749260947,3.89600000,419.24000000,3.925
1749260947,3.89500000,923.85000000,3.925
1749260947,3.89400000,415.02000000,3.925
1749260947,3.89300000,178.17000000,3.925
1749260947,3.89200000,421.58000000,3.925
1749260947,3.89100000,175.50000000,3.925
1749260947,3.89000000,460.24000000,3.925
1749260947,3.88900000,48.87000000,3.925
1749260947,3.88800000,7159.54000000,3.925
1749260947,3.88700000,43.82000000,3.925
1749260947,3.88600000,440.44000000,3.925
1749260947,3.88500000,10.02000000,3.925
1749260947,3.88400000,245.20000000,3.925
1749260947,3.88300000,10.39000000,3.925
1749260947,3.88200000,2368.28000000,3.925
1749260947,3.88100000,82.00000000,3.925
1749260947,3.88000000,7.85000000,3.925
1749260947,3.87900000,13.49000000,3.925
1749260947,3.87800000,112.94000000,3.925
1749260947,3.87700000,11.49000000,3.925
1749260947,3.87600000,374.82000000,3.925
1749260947,3.87500000,16.95000000,3.925
1749260947,3.87400000,358.53000000,3.925
1749260947,3.87300000,18.84000000,3.925
1749260947,3.87200000,19.09000000,3.925
1749260947,3.87100000,7.27000000,3.925
1749260947,3.87000000,28.52000000,3.925
1749260947,3.86900000,16.91000000,3.925
1749260947,3.86800000,3935.49000000,3.925
1749260947,3.86700000,1279.70000000,3.925
1749260947,3.86600000,260.87000000,3.925
1749260947,3.86500000,6.06000000,3.925
1749260947,3.86400000,21.32000000,3.925
1749260947,3.86300000,14.69000000,3.925
1749260947,3.86200000,10.17000000,3.925
1749260947,3.86100000,19.59000000,3.925
1749260947,3.86000000,405.84000000,3.925
1749260947,3.85900000,37.22000000,3.925
1749260947,3.85800000,2.55000000,3.925
1749260947,3.85700000,19.17000000,3.925
1749260947,3.85600000,5.41000000,3.925
1749260947,3.85500000,56.95000000,3.925
1749260947,3.85400000,27.98000000,3.925
1749260947,3.85300000,6.66000000,3.925
1749260947,3.85200000,18.94000000,3.925
1749260947,3.85100000,1258.48000000,3.925
1749260947,3.85000000,2677.30000000,3.925
1749260947,3.84900000,3.89000000,3.925
1749260947,3.84800000,3.44000000,3.925
1749260947,3.84700000,18.96000000,3.925
1749260947,3.84600000,215.89000000,3.925
1749260947,3.84500000,1.56000000,3.925
1749260947,3.84400000,10.29000000,3.925
1749260947,3.84200000,4.36000000,3.925
1749260947,3.84100000,14.02000000,3.925
1749260947,3.84000000,394.07000000,3.925
1749260947,3.83900000,1600.40000000,3.925
1749260947,3.83800000,296.13000000,3.925
1749260947,3.83600000,1.41000000,3.925
1749260947,3.83400000,4.92000000,3.925
1749260947,3.83300000,6.78000000,3.925
1749260947,3.83200000,9.19000000,3.925
1749260947,3.83100000,24.08000000,3.925
1749260947,3.83000000,739.68000000,3.925
1749260947,3.82900000,28.98000000,3.925
1749260947,3.82800000,236.47000000,3.925
1749260947,3.82700000,15.37000000,3.925
1749260947,3.82600000,12.98000000,3.925
1749260947,3.82500000,6.90000000,3.925
1749260947,3.82400000,1.79000000,3.925
1749260947,3.82300000,5.49000000,3.925
1749260947,3.82200000,10.92000000,3.925
1749261248,3.92000000,1857.03000000,3.921
1749261248,3.91900000,3788.08000000,3.921
1749261248,3.91800000,4988.78000000,3.921
1749261248,3.91700000,10206.54000000,3.921
1749261248,3.91600000,13872.55000000,3.921
1749261248,3.91500000,11102.98000000,3.921
1749261248,3.91400000,10177.86000000,3.921
1749261248,3.91300000,8509.12000000,3.921
1749261248,3.91200000,1624.70000000,3.921
1749261248,3.91100000,4393.96000000,3.921
1749261248,3.91000000,6975.30000000,3.921
1749261248,3.90900000,245.26000000,3.921
1749261248,3.90800000,6141.01000000,3.921
1749261248,3.90700000,6488.01000000,3.921
1749261248,3.90600000,1553.84000000,3.921
1749261248,3.90500000,6649.95000000,3.921
1749261248,3.90400000,848.88000000,3.921
1749261248,3.90300000,215.97000000,3.921
1749261248,3.90200000,611.13000000,3.921
1749261248,3.90100000,220.93000000,3.921
1749261248,3.90000000,8332.30000000,3.921
1749261248,3.89900000,446.70000000,3.921
1749261248,3.89800000,439.12000000,3.921
1749261248,3.89700000,405.29000000,3.921
1749261248,3.89600000,606.69000000,3.921
1749261248,3.89500000,246.00000000,3.921
1749261248,3.89400000,733.34000000,3.921
1749261248,3.89300000,178.17000000,3.921
1749261248,3.89200000,1106.59000000,3.921
1749261248,3.89100000,175.50000000,3.921
1749261248,3.89000000,460.24000000,3.921
1749261248,3.88900000,185.65000000,3.921
1749261248,3.88800000,6875.85000000,3.921
1749261248,3.88700000,43.82000000,3.921
1749261248,3.88600000,414.76000000,3.921
1749261248,3.88500000,10.02000000,3.921
1749261248,3.88400000,416.20000000,3.921
1749261248,3.88300000,10.39000000,3.921
1749261248,3.88200000,2539.28000000,3.921
1749261248,3.88100000,82.00000000,3.921
1749261248,3.88000000,180.27000000,3.921
1749261248,3.87900000,13.49000000,3.921
1749261248,3.87800000,113.32000000,3.921
1749261248,3.87700000,11.49000000,3.921
1749261248,3.87600000,349.07000000,3.921
1749261248,3.87500000,16.95000000,3.921
1749261248,3.87400000,358.53000000,3.921
1749261248,3.87300000,18.84000000,3.921
1749261248,3.87200000,19.09000000,3.921
1749261248,3.87100000,7.27000000,3.921
1749261248,3.87000000,54.31000000,3.921
1749261248,3.86900000,16.91000000,3.921
1749261248,3.86800000,3935.49000000,3.921
1749261248,3.86700000,30.32000000,3.921
1749261248,3.86600000,260.87000000,3.921
1749261248,3.86500000,6.06000000,3.921
1749261248,3.86400000,21.32000000,3.921
1749261248,3.86300000,14.69000000,3.921
1749261248,3.86200000,10.17000000,3.921
1749261248,3.86100000,19.59000000,3.921
1749261248,3.86000000,405.84000000,3.921
1749261248,3.85900000,37.22000000,3.921
1749261248,3.85800000,1254.84000000,3.921
1749261248,3.85700000,19.17000000,3.921
1749261248,3.85600000,5.41000000,3.921
1749261248,3.85500000,56.95000000,3.921
1749261248,3.85400000,27.98000000,3.921
1749261248,3.85300000,6.66000000,3.921
1749261248,3.85200000,18.94000000,3.921
1749261248,3.85100000,1258.48000000,3.921
1749261248,3.85000000,2677.30000000,3.921
1749261248,3.84900000,3.89000000,3.921
1749261248,3.84800000,5.99000000,3.921
1749261248,3.84700000,21.51000000,3.921
1749261248,3.84600000,13.18000000,3.921
1749261248,3.84500000,4.11000000,3.921
1749261248,3.84400000,10.29000000,3.921
1749261248,3.84200000,4.36000000,3.921
1749261248,3.84100000,14.02000000,3.921
1749261248,3.84000000,602.40000000,3.921
1749261248,3.83900000,1600.40000000,3.921
1749261248,3.83800000,296.13000000,3.921
1749261248,3.83700000,136.66000000,3.921
1749261248,3.83600000,1.41000000,3.921
1749261248,3.83400000,4.92000000,3.921
1749261248,3.83300000,6.78000000,3.921
1749261248,3.83200000,9.19000000,3.921
1749261248,3.83100000,24.08000000,3.921
1749261248,3.83000000,739.68000000,3.921
1749261248,3.82900000,28.98000000,3.921
1749261248,3.82800000,236.47000000,3.921
1749261248,3.82700000,15.37000000,3.921
1749261248,3.82600000,12.98000000,3.921
1749261248,3.82500000,6.90000000,3.921
1749261248,3.82400000,1.79000000,3.921
1749261248,3.82300000,5.49000000,3.921
1749261248,3.82200000,10.92000000,3.921
1749261248,3.82100000,44.13000000,3.921
1749261248,3.82000000,228.31000000,3.921
1749261248,3.81900000,3.75000000,3.921
1749261550,3.92200000,707.20000000,3.923
1749261550,3.92100000,4175.75000000,3.923
1749261550,3.92000000,3608.62000000,3.923
1749261550,3.91900000,6871.79000000,3.923
1749261550,3.91800000,9295.94000000,3.923
1749261550,3.91700000,12735.20000000,3.923
1749261550,3.91600000,11319.39000000,3.923
1749261550,3.91500000,11671.21000000,3.923
1749261550,3.91400000,9751.88000000,3.923
1749261550,3.91300000,4915.15000000,3.923
1749261550,3.91200000,1246.73000000,3.923
1749261550,3.91100000,2665.78000000,3.923
1749261550,3.91000000,7939.60000000,3.923
1749261550,3.90900000,734.01000000,3.923
1749261550,3.90800000,596.72000000,3.923
1749261550,3.90700000,5225.69000000,3.923
1749261550,3.90600000,1083.72000000,3.923
1749261550,3.90500000,6610.82000000,3.923
1749261550,3.90400000,848.88000000,3.923
1749261550,3.90300000,215.81000000,3.923
1749261550,3.90200000,2017.50000000,3.923
1749261550,3.90100000,181.77000000,3.923
1749261550,3.90000000,8477.89000000,3.923
1749261550,3.89900000,227.29000000,3.923
1749261550,3.89800000,537.23000000,3.923
1749261550,3.89700000,180.12000000,3.923
1749261550,3.89600000,380.01000000,3.923
1749261550,3.89500000,284.98000000,3.923
1749261550,3.89400000,733.09000000,3.923
1749261550,3.89300000,861.71000000,3.923
1749261550,3.89200000,382.31000000,3.923
1749261550,3.89100000,214.48000000,3.923
1749261550,3.89000000,459.94000000,3.923
1749261550,3.88900000,441.63000000,3.923
1749261550,3.88800000,6875.85000000,3.923
1749261550,3.88700000,43.49000000,3.923
1749261550,3.88600000,375.78000000,3.923
1749261550,3.88500000,68.29000000,3.923
1749261550,3.88400000,377.20000000,3.923
1749261550,3.88300000,49.38000000,3.923
1749261550,3.88200000,1123.73000000,3.923
1749261550,3.88100000,42.93000000,3.923
1749261550,3.88000000,9.27000000,3.923
1749261550,3.87900000,13.49000000,3.923
1749261550,3.87800000,423.07000000,3.923
1749261550,3.87700000,11.49000000,3.923
1749261550,3.87600000,349.07000000,3.923
1749261550,3.87500000,16.95000000,3.923
1749261550,3.87400000,1261.48000000,3.923
1749261550,3.87300000,5.94000000,3.923
1749261550,3.87200000,19.09000000,3.923
1749261550,3.87100000,38.64000000,3.923
1749261550,3.87000000,28.52000000,3.923
1749261550,3.86900000,16.91000000,3.923
1749261550,3.86800000,3935.49000000,3.923
1749261550,3.86700000,4.51000000,3.923
1749261550,3.86600000,260.87000000,3.923
1749261550,3.86500000,6.06000000,3.923
1749261550,3.86400000,47.15000000,3.923
1749261550,3.86300000,14.69000000,3.923
1749261550,3.86200000,10.17000000,3.923
1749261550,3.86100000,19.59000000,3.923
1749261550,3.86000000,405.84000000,3.923
1749261550,3.85900000,37.22000000,3.923
1749261550,3.85800000,2.55000000,3.923
1749261550,3.85700000,19.17000000,3.923
1749261550,3.85600000,5.41000000,3.923
1749261550,3.85500000,56.95000000,3.923
1749261550,3.85400000,27.98000000,3.923
1749261550,3.85300000,6.66000000,3.923
1749261550,3.85200000,18.94000000,3.923
1749261550,3.85100000,1258.48000000,3.923
1749261550,3.85000000,2677.30000000,3.923
1749261550,3.84900000,1259.11000000,3.923
1749261550,3.84800000,5.99000000,3.923
1749261550,3.84700000,21.51000000,3.923
1749261550,3.84600000,10.63000000,3.923
1749261550,3.84500000,1.56000000,3.923
1749261550,3.84400000,10.29000000,3.923
1749261550,3.84300000,125.39000000,3.923
1749261550,3.84200000,4.36000000,3.923
1749261550,3.84100000,14.02000000,3.923
1749261550,3.84000000,602.40000000,3.923
1749261550,3.83900000,1600.40000000,3.923
1749261550,3.83800000,296.13000000,3.923
1749261550,3.83600000,1.41000000,3.923
1749261550,3.83400000,4.92000000,3.923
1749261550,3.83300000,6.78000000,3.923
1749261550,3.83200000,9.19000000,3.923
1749261550,3.83100000,24.08000000,3.923
1749261550,3.83000000,739.68000000,3.923
1749261550,3.82900000,28.98000000,3.923
1749261550,3.82800000,236.47000000,3.923
1749261550,3.82700000,15.37000000,3.923
1749261550,3.82600000,12.98000000,3.923
1749261550,3.82500000,6.90000000,3.923
1749261550,3.82400000,1.79000000,3.923
1749261550,3.82300000,5.49000000,3.923
1749261550,3.82200000,10.92000000,3.923
1749261550,3.82100000,44.13000000,3.923
1749261851,3.92000000,3216.02000000,3.921
1749261851,3.91900000,4959.78000000,3.921
1749261851,3.91800000,5794.35000000,3.921
1749261851,3.91700000,5294.83000000,3.921
1749261851,3.91600000,12944.30000000,3.921
1749261851,3.91500000,12777.37000000,3.921
1749261851,3.91400000,11196.80000000,3.921
1749261851,3.91300000,7740.45000000,3.921
1749261851,3.91200000,3679.03000000,3.921
1749261851,3.91100000,2579.95000000,3.921
1749261851,3.91000000,4811.53000000,3.921
1749261851,3.90900000,1665.68000000,3.921
1749261851,3.90800000,5043.56000000,3.921
1749261851,3.90700000,7784.59000000,3.921
1749261851,3.90600000,1538.89000000,3.921
1749261851,3.90500000,818.08000000,3.921
1749261851,3.90400000,848.88000000,3.921
1749261851,3.90300000,272.28000000,3.921
1749261851,3.90200000,2328.55000000,3.921
1749261851,3.90100000,220.79000000,3.921
1749261851,3.90000000,14909.52000000,3.921
1749261851,3.89900000,583.82000000,3.921
1749261851,3.89800000,658.86000000,3.921
1749261851,3.89700000,219.17000000,3.921
1749261851,3.89600000,380.01000000,3.921
1749261851,3.89500000,284.98000000,3.921
1749261851,3.89400000,733.09000000,3.921
1749261851,3.89300000,178.17000000,3.921
1749261851,3.89200000,383.60000000,3.921
1749261851,3.89100000,898.37000000,3.921
1749261851,3.89000000,459.94000000,3.921
1749261851,3.88900000,441.63000000,3.921
1749261851,3.88800000,6939.36000000,3.921
1749261851,3.88700000,214.49000000,3.921
1749261851,3.88600000,375.78000000,3.921
1749261851,3.88500000,68.29000000,3.921
1749261851,3.88400000,377.20000000,3.921
1749261851,3.88300000,83.64000000,3.921
1749261851,3.88200000,1578.83000000,3.921
1749261851,3.88100000,48.82000000,3.921
1749261851,3.88000000,9.27000000,3.921
1749261851,3.87900000,223.51000000,3.921
1749261851,3.87800000,594.07000000,3.921
1749261851,3.87700000,83.73000000,3.921
1749261851,3.87600000,178.73000000,3.921
1749261851,3.87500000,16.95000000,3.921
1749261851,3.87400000,1261.48000000,3.921
1749261851,3.87300000,5.94000000,3.921
1749261851,3.87200000,365.84000000,3.921
1749261851,3.87100000,38.64000000,3.921
1749261851,3.87000000,28.52000000,3.921
1749261851,3.86900000,16.91000000,3.921
1749261851,3.86800000,3964.51000000,3.921
1749261851,3.86700000,4.51000000,3.921
1749261851,3.86600000,260.87000000,3.921
1749261851,3.86500000,6.06000000,3.921
1749261851,3.86400000,47.15000000,3.921
1749261851,3.86300000,14.69000000,3.921
1749261851,3.86200000,10.17000000,3.921
1749261851,3.86100000,19.59000000,3.921
1749261851,3.86000000,405.84000000,3.921
1749261851,3.85900000,37.22000000,3.921
1749261851,3.85800000,2.55000000,3.921
1749261851,3.85700000,19.17000000,3.921
1749261851,3.85600000,5.41000000,3.921
1749261851,3.85500000,56.95000000,3.921
1749261851,3.85400000,27.98000000,3.921
1749261851,3.85300000,6.66000000,3.921
1749261851,3.85200000,18.94000000,3.921
1749261851,3.85100000,1258.48000000,3.921
1749261851,3.85000000,2677.30000000,3.921
1749261851,3.84900000,1259.11000000,3.921
1749261851,3.84800000,5.99000000,3.921
1749261851,3.84700000,21.51000000,3.921
1749261851,3.84600000,13.18000000,3.921
1749261851,3.84500000,4.11000000,3.921
1749261851,3.84400000,10.29000000,3.921
1749261851,3.84200000,4.36000000,3.921
1749261851,3.84100000,14.02000000,3.921
1749261851,3.84000000,734.24000000,3.921
1749261851,3.83900000,1600.40000000,3.921
1749261851,3.83800000,296.13000000,3.921
1749261851,3.83600000,1.41000000,3.921
1749261851,3.83400000,4.92000000,3.921
1749261851,3.83300000,6.78000000,3.921
1749261851,3.83200000,9.19000000,3.921
1749261851,3.83100000,24.08000000,3.921
1749261851,3.83000000,739.68000000,3.921
1749261851,3.82900000,28.98000000,3.921
1749261851,3.82800000,236.47000000,3.921
1749261851,3.82700000,15.37000000,3.921
1749261851,3.82600000,12.98000000,3.921
1749261851,3.82500000,163.76000000,3.921
1749261851,3.82400000,1.79000000,3.921
1749261851,3.82300000,5.49000000,3.921
1749261851,3.82200000,10.92000000,3.921
1749261851,3.82100000,44.13000000,3.921
1749261851,3.82000000,228.31000000,3.921
1749261851,3.81900000,3.75000000,3.921
1749261851,3.81800000,360.71000000,3.921
1749262153,3.92100000,671.82000000,3.922
1749262153,3.92000000,4483.22000000,3.922
1749262153,3.91900000,6925.60000000,3.922
1749262153,3.91800000,3455.94000000,3.922
1749262153,3.91700000,5515.45000000,3.922
1749262153,3.91600000,6315.36000000,3.922
1749262153,3.91500000,11222.57000000,3.922
1749262153,3.91400000,14997.97000000,3.922
1749262153,3.91300000,9221.94000000,3.922
1749262153,3.91200000,5637.91000000,3.922
1749262153,3.91100000,1784.92000000,3.922
1749262153,3.91000000,3811.91000000,3.922
1749262153,3.90900000,3799.65000000,3.922
1749262153,3.90800000,1985.17000000,3.922
1749262153,3.90700000,7927.31000000,3.922
1749262153,3.90600000,1540.43000000,3.922
1749262153,3.90500000,818.08000000,3.922
1749262153,3.90400000,848.88000000,3.922
1749262153,3.90300000,272.28000000,3.922
1749262153,3.90200000,692.96000000,3.922
1749262153,3.90100000,220.79000000,3.922
1749262153,3.90000000,16083.94000000,3.922
1749262153,3.89900000,283.76000000,3.922
1749262153,3.89800000,738.97000000,3.922
1749262153,3.89700000,219.17000000,3.922
1749262153,3.89600000,566.63000000,3.922
1749262153,3.89500000,284.98000000,3.922
1749262153,3.89400000,733.09000000,3.922
1749262153,3.89300000,178.17000000,3.922
1749262153,3.89200000,383.60000000,3.922
1749262153,3.89100000,898.37000000,3.922
1749262153,3.89000000,459.94000000,3.922
1749262153,3.88900000,441.63000000,3.922
1749262153,3.88800000,6939.36000000,3.922
1749262153,3.88700000,214.49000000,3.922
1749262153,3.88600000,375.78000000,3.922
1749262153,3.88500000,68.29000000,3.922
1749262153,3.88400000,377.20000000,3.922
1749262153,3.88300000,49.38000000,3.922
1749262153,3.88200000,1294.73000000,3.922
1749262153,3.88100000,48.82000000,3.922
1749262153,3.88000000,9.27000000,3.922
1749262153,3.87900000,223.51000000,3.922
1749262153,3.87800000,423.07000000,3.922
1749262153,3.87700000,83.73000000,3.922
1749262153,3.87600000,7.73000000,3.922
1749262153,3.87500000,16.95000000,3.922
1749262153,3.87400000,1261.48000000,3.922
1749262153,3.87300000,5.94000000,3.922
1749262153,3.87200000,365.84000000,3.922
1749262153,3.87100000,38.64000000,3.922
1749262153,3.87000000,28.52000000,3.922
1749262153,3.86900000,16.91000000,3.922
1749262153,3.86800000,3964.51000000,3.922
1749262153,3.86700000,4.51000000,3.922
1749262153,3.86600000,260.87000000,3.922
1749262153,3.86500000,6.06000000,3.922
1749262153,3.86400000,21.32000000,3.922
1749262153,3.86300000,14.69000000,3.922
1749262153,3.86200000,10.17000000,3.922
1749262153,3.86100000,19.59000000,3.922
1749262153,3.86000000,405.84000000,3.922
1749262153,3.85900000,63.08000000,3.922
1749262153,3.85800000,2.55000000,3.922
1749262153,3.85700000,19.17000000,3.922
1749262153,3.85600000,5.41000000,3.922
1749262153,3.85500000,56.95000000,3.922
1749262153,3.85400000,27.98000000,3.922
1749262153,3.85300000,6.66000000,3.922
1749262153,3.85200000,18.94000000,3.922
1749262153,3.85100000,3.91000000,3.922
1749262153,3.85000000,2677.30000000,3.922
1749262153,3.84900000,3.89000000,3.922
1749262153,3.84800000,5.99000000,3.922
1749262153,3.84700000,21.51000000,3.922
1749262153,3.84600000,13.18000000,3.922
1749262153,3.84500000,1.56000000,3.922
1749262153,3.84400000,10.29000000,3.922
1749262153,3.84200000,4.36000000,3.922
1749262153,3.84100000,1271.85000000,3.922
1749262153,3.84000000,602.40000000,3.922
1749262153,3.83900000,1733.56000000,3.922
1749262153,3.83800000,296.13000000,3.922
1749262153,3.83600000,1.41000000,3.922
1749262153,3.83400000,4.92000000,3.922
1749262153,3.83300000,6.78000000,3.922
1749262153,3.83200000,9.19000000,3.922
1749262153,3.83100000,24.08000000,3.922
1749262153,3.83000000,739.68000000,3.922
1749262153,3.82900000,28.98000000,3.922
1749262153,3.82800000,236.47000000,3.922
1749262153,3.82700000,15.37000000,3.922
1749262153,3.82600000,12.98000000,3.922
1749262153,3.82500000,163.76000000,3.922
1749262153,3.82400000,1.79000000,3.922
1749262153,3.82300000,5.49000000,3.922
1749262153,3.82200000,10.92000000,3.922
1749262153,3.82100000,44.13000000,3.922
1749262153,3.82000000,228.31000000,3.922
1749262153,3.81900000,3.75000000,3.922
1749262454,3.93000000,1382.49000000,3.931
1749262454,3.92900000,5012.83000000,3.931
1749262454,3.92800000,6534.84000000,3.931
1749262454,3.92700000,11488.33000000,3.931
1749262454,3.92600000,6426.85000000,3.931
1749262454,3.92500000,6362.42000000,3.931
1749262454,3.92400000,14502.88000000,3.931
1749262454,3.92300000,8981.39000000,3.931
1749262454,3.92200000,6194.39000000,3.931
1749262454,3.92100000,4222.69000000,3.931
1749262454,3.92000000,2042.96000000,3.931
1749262454,3.91900000,3114.02000000,3.931
1749262454,3.91800000,640.82000000,3.931
1749262454,3.91700000,852.88000000,3.931
1749262454,3.91600000,3240.99000000,3.931
1749262454,3.91500000,689.04000000,3.931
1749262454,3.91400000,1470.89000000,3.931
1749262454,3.91300000,5388.10000000,3.931
1749262454,3.91200000,1236.40000000,3.931
1749262454,3.91100000,6339.20000000,3.931
1749262454,3.91000000,608.10000000,3.931
1749262454,3.90900000,354.41000000,3.931
1749262454,3.90800000,722.66000000,3.931
1749262454,3.90700000,449.81000000,3.931
1749262454,3.90600000,508.07000000,3.931
1749262454,3.90500000,6871.86000000,3.931
1749262454,3.90400000,848.88000000,3.931
1749262454,3.90300000,215.81000000,3.931
1749262454,3.90200000,382.66000000,3.931
1749262454,3.90100000,902.93000000,3.931
1749262454,3.90000000,8325.67000000,3.931
1749262454,3.89900000,227.29000000,3.931
1749262454,3.89800000,439.12000000,3.931
1749262454,3.89700000,219.17000000,3.931
1749262454,3.89600000,380.01000000,3.931
1749262454,3.89500000,284.98000000,3.931
1749262454,3.89400000,414.77000000,3.931
1749262454,3.89300000,7.17000000,3.931
1749262454,3.89200000,211.31000000,3.931
1749262454,3.89100000,43.48000000,3.931
1749262454,3.89000000,449.25000000,3.931
1749262454,3.88900000,284.50000000,3.931
1749262454,3.88800000,6704.85000000,3.931
1749262454,3.88700000,111.97000000,3.931
1749262454,3.88600000,437.23000000,3.931
1749262454,3.88500000,101.40000000,3.931
1749262454,3.88400000,237.48000000,3.931
1749262454,3.88300000,49.38000000,3.931
1749262454,3.88200000,2368.28000000,3.931
1749262454,3.88100000,394.87000000,3.931
1749262454,3.88000000,33.36000000,3.931
1749262454,3.87900000,52.51000000,3.931
1749262454,3.87800000,423.07000000,3.931
1749262454,3.87700000,11.49000000,3.931
1749262454,3.87600000,7.73000000,3.931
1749262454,3.87500000,16.95000000,3.931
1749262454,3.87400000,14.36000000,3.931
1749262454,3.87300000,5.94000000,3.931
1749262454,3.87200000,18.50000000,3.931
1749262454,3.87100000,7.27000000,3.931
1749262454,3.87000000,28.52000000,3.931
1749262454,3.86900000,42.71000000,3.931
1749262454,3.86800000,3938.71000000,3.931
1749262454,3.86700000,1253.89000000,3.931
1749262454,3.86600000,260.87000000,3.931
1749262454,3.86500000,6.06000000,3.931
1749262454,3.86400000,21.32000000,3.931
1749262454,3.86300000,14.69000000,3.931
1749262454,3.86200000,10.17000000,3.931
1749262454,3.86100000,19.59000000,3.931
1749262454,3.86000000,641.12000000,3.931
1749262454,3.85900000,37.22000000,3.931
1749262454,3.85800000,8.97000000,3.931
1749262454,3.85700000,19.17000000,3.931
1749262454,3.85600000,4.11000000,3.931
1749262454,3.85500000,56.95000000,3.931
1749262454,3.85400000,25.43000000,3.931
1749262454,3.85300000,4.11000000,3.931
1749262454,3.85200000,1270.63000000,3.931
1749262454,3.85100000,125.82000000,3.931
1749262454,3.85000000,2674.75000000,3.931
1749262454,3.84900000,1.34000000,3.931
1749262454,3.84800000,3.44000000,3.931
1749262454,3.84700000,18.96000000,3.931
1749262454,3.84600000,4.19000000,3.931
1749262454,3.84500000,1.56000000,3.931
1749262454,3.84400000,10.29000000,3.931
1749262454,3.84200000,4.36000000,3.931
1749262454,3.84100000,14.02000000,3.931
1749262454,3.84000000,602.40000000,3.931
1749262454,3.83900000,1586.35000000,3.931
1749262454,3.83800000,296.13000000,3.931
1749262454,3.83600000,1.41000000,3.931
1749262454,3.83400000,6.83000000,3.931
1749262454,3.83300000,6.78000000,3.931
1749262454,3.83200000,9.19000000,3.931
1749262454,3.83100000,24.08000000,3.931
1749262454,3.83000000,739.68000000,3.931
1749262454,3.82900000,28.98000000,3.931
1749262454,3.82800000,236.47000000,3.931
1749262755,3.93300000,1409.96000000,3.934
1749262755,3.93200000,4748.83000000,3.934
1749262755,3.93100000,4102.59000000,3.934
1749262755,3.93000000,7551.07000000,3.934
1749262755,3.92900000,5264.16000000,3.934
1749262755,3.92800000,12876.23000000,3.934
1749262755,3.92700000,11802.63000000,3.934
1749262755,3.92600000,8922.67000000,3.934
1749262755,3.92500000,7118.65000000,3.934
1749262755,3.92400000,8200.19000000,3.934
1749262755,3.92300000,3300.53000000,3.934
1749262755,3.92200000,1436.12000000,3.934
1749262755,3.92100000,3832.26000000,3.934
1749262755,3.92000000,3025.54000000,3.934
1749262755,3.91900000,3316.72000000,3.934
1749262755,3.91800000,1902.09000000,3.934
1749262755,3.91700000,852.88000000,3.934
1749262755,3.91600000,552.25000000,3.934
1749262755,3.91500000,4954.62000000,3.934
1749262755,3.91400000,644.33000000,3.934
1749262755,3.91300000,1283.47000000,3.934
1749262755,3.91200000,1799.83000000,3.934
1749262755,3.91100000,274.51000000,3.934
1749262755,3.91000000,6978.21000000,3.934
1749262755,3.90900000,1091.47000000,3.934
1749262755,3.90800000,594.04000000,3.934
1749262755,3.90700000,8313.17000000,3.934
1749262755,3.90600000,477.76000000,3.934
1749262755,3.90500000,500.34000000,3.934
1749262755,3.90400000,848.88000000,3.934
1749262755,3.90300000,215.81000000,3.934
1749262755,3.90200000,382.66000000,3.934
1749262755,3.90100000,220.79000000,3.934
1749262755,3.90000000,473.84000000,3.934
1749262755,3.89900000,482.61000000,3.934
1749262755,3.89800000,439.12000000,3.934
1749262755,3.89700000,219.17000000,3.934
1749262755,3.89600000,397.09000000,3.934
1749262755,3.89500000,477.57000000,3.934
1749262755,3.89400000,243.77000000,3.934
1749262755,3.89300000,7.17000000,3.934
1749262755,3.89200000,244.37000000,3.934
1749262755,3.89100000,43.48000000,3.934
1749262755,3.89000000,1691.24000000,3.934
1749262755,3.88900000,28.52000000,3.934
1749262755,3.88800000,7046.77000000,3.934
1749262755,3.88700000,43.49000000,3.934
1749262755,3.88600000,204.78000000,3.934
1749262755,3.88500000,68.29000000,3.934
1749262755,3.88400000,236.06000000,3.934
1749262755,3.88300000,49.38000000,3.934
1749262755,3.88200000,1123.73000000,3.934
1749262755,3.88100000,394.87000000,3.934
1749262755,3.88000000,7.85000000,3.934
1749262755,3.87900000,13.49000000,3.934
1749262755,3.87800000,107.74000000,3.934
1749262755,3.87700000,11.49000000,3.934
1749262755,3.87600000,7.73000000,3.934
1749262755,3.87500000,16.95000000,3.934
1749262755,3.87400000,7.58000000,3.934
1749262755,3.87300000,5.94000000,3.934
1749262755,3.87200000,18.50000000,3.934
1749262755,3.87100000,33.05000000,3.934
1749262755,3.87000000,28.52000000,3.934
1749262755,3.86900000,16.91000000,3.934
1749262755,3.86800000,3938.71000000,3.934
1749262755,3.86700000,1253.89000000,3.934
1749262755,3.86600000,260.87000000,3.934
1749262755,3.86500000,6.06000000,3.934
1749262755,3.86400000,21.32000000,3.934
1749262755,3.86300000,14.69000000,3.934
1749262755,3.86200000,10.17000000,3.934
1749262755,3.86100000,19.59000000,3.934
1749262755,3.86000000,641.12000000,3.934
1749262755,3.85900000,37.22000000,3.934
1749262755,3.85800000,8.97000000,3.934
1749262755,3.85700000,16.62000000,3.934
1749262755,3.85600000,1.56000000,3.934
1749262755,3.85500000,54.40000000,3.934
1749262755,3.85400000,25.43000000,3.934
1749262755,3.85300000,4.11000000,3.934
1749262755,3.85200000,1270.63000000,3.934
1749262755,3.85100000,130.25000000,3.934
1749262755,3.85000000,2674.75000000,3.934
1749262755,3.84900000,1.34000000,3.934
1749262755,3.84800000,3.44000000,3.934
1749262755,3.84700000,18.96000000,3.934
1749262755,3.84600000,4.19000000,3.934
1749262755,3.84500000,1.56000000,3.934
1749262755,3.84400000,10.29000000,3.934
1749262755,3.84200000,4.36000000,3.934
1749262755,3.84100000,14.02000000,3.934
1749262755,3.84000000,602.40000000,3.934
1749262755,3.83900000,1586.35000000,3.934
1749262755,3.83800000,296.13000000,3.934
1749262755,3.83600000,1.41000000,3.934
1749262755,3.83400000,6.83000000,3.934
1749262755,3.83300000,6.78000000,3.934
1749262755,3.83200000,9.19000000,3.934
1749262755,3.83100000,24.08000000,3.934
1749263057,3.93300000,291.43000000,3.934
1749263057,3.93200000,5255.89000000,3.934
1749263057,3.93100000,8131.10000000,3.934
1749263057,3.93000000,7060.58000000,3.934
1749263057,3.92900000,9671.82000000,3.934
1749263057,3.92800000,12493.76000000,3.934
1749263057,3.92700000,10456.23000000,3.934
1749263057,3.92600000,8378.46000000,3.934
1749263057,3.92500000,8045.57000000,3.934
1749263057,3.92400000,3233.41000000,3.934
1749263057,3.92300000,1830.56000000,3.934
1749263057,3.92200000,694.96000000,3.934
1749263057,3.92100000,4930.66000000,3.934
1749263057,3.92000000,5894.71000000,3.934
1749263057,3.91900000,184.91000000,3.934
1749263057,3.91800000,6548.00000000,3.934
1749263057,3.91700000,217.72000000,3.934
1749263057,3.91600000,552.25000000,3.934
1749263057,3.91500000,6754.17000000,3.934
1749263057,3.91400000,893.88000000,3.934
1749263057,3.91300000,1283.47000000,3.934
1749263057,3.91200000,1799.34000000,3.934
1749263057,3.91100000,231.08000000,3.934
1749263057,3.91000000,8353.95000000,3.934
1749263057,3.90900000,1035.15000000,3.934
1749263057,3.90800000,538.40000000,3.934
1749263057,3.90700000,449.81000000,3.934
1749263057,3.90600000,477.76000000,3.934
1749263057,3.90500000,500.34000000,3.934
1749263057,3.90400000,848.88000000,3.934
1749263057,3.90300000,215.81000000,3.934
1749263057,3.90200000,382.66000000,3.934
1749263057,3.90100000,220.79000000,3.934
1749263057,3.90000000,473.84000000,3.934
1749263057,3.89900000,482.61000000,3.934
1749263057,3.89800000,6684.60000000,3.934
1749263057,3.89700000,219.17000000,3.934
1749263057,3.89600000,209.01000000,3.934
1749263057,3.89500000,57.57000000,3.934
1749263057,3.89400000,243.77000000,3.934
1749263057,3.89300000,7.17000000,3.934
1749263057,3.89200000,244.37000000,3.934
1749263057,3.89100000,43.48000000,3.934
1749263057,3.89000000,1722.16000000,3.934
1749263057,3.88900000,28.52000000,3.934
1749263057,3.88800000,555.36000000,3.934
1749263057,3.88700000,43.49000000,3.934
1749263057,3.88600000,204.78000000,3.934
1749263057,3.88500000,68.29000000,3.934
1749263057,3.88400000,204.78000000,3.934
1749263057,3.88300000,49.38000000,3.934
1749263057,3.88200000,1123.73000000,3.934
1749263057,3.88100000,381.55000000,3.934
1749263057,3.88000000,7.85000000,3.934
1749263057,3.87900000,3983.26000000,3.934
1749263057,3.87800000,82.00000000,3.934
1749263057,3.87700000,11.49000000,3.934
1749263057,3.87600000,7.73000000,3.934
1749263057,3.87500000,16.95000000,3.934
1749263057,3.87400000,33.34000000,3.934
1749263057,3.87300000,5.94000000,3.934
1749263057,3.87200000,18.50000000,3.934
1749263057,3.87100000,7.27000000,3.934
1749263057,3.87000000,28.52000000,3.934
1749263057,3.86900000,16.91000000,3.934
1749263057,3.86800000,13.42000000,3.934
1749263057,3.86700000,1253.89000000,3.934
1749263057,3.86600000,260.87000000,3.934
1749263057,3.86500000,6.06000000,3.934
1749263057,3.86400000,21.32000000,3.934
1749263057,3.86300000,14.69000000,3.934
1749263057,3.86200000,10.17000000,3.934
1749263057,3.86100000,19.59000000,3.934
1749263057,3.86000000,641.12000000,3.934
1749263057,3.85900000,37.22000000,3.934
1749263057,3.85800000,8.97000000,3.934
1749263057,3.85700000,16.62000000,3.934
1749263057,3.85600000,1.56000000,3.934
1749263057,3.85500000,54.40000000,3.934
1749263057,3.85400000,25.43000000,3.934
1749263057,3.85300000,4.11000000,3.934
1749263057,3.85200000,1270.63000000,3.934
1749263057,3.85100000,127.28000000,3.934
1749263057,3.85000000,2674.75000000,3.934
1749263057,3.84900000,1691.09000000,3.934
1749263057,3.84800000,5.04000000,3.934
1749263057,3.84700000,18.96000000,3.934
1749263057,3.84600000,4.19000000,3.934
1749263057,3.84500000,1.56000000,3.934
1749263057,3.84400000,10.29000000,3.934
1749263057,3.84200000,4.36000000,3.934
1749263057,3.84100000,14.02000000,3.934
1749263057,3.84000000,602.40000000,3.934
1749263057,3.83900000,11.69000000,3.934
1749263057,3.83800000,296.13000000,3.934
1749263057,3.83600000,1.41000000,3.934
1749263057,3.83400000,6.83000000,3.934
1749263057,3.83300000,6.78000000,3.934
1749263057,3.83200000,9.19000000,3.934
1749263057,3.83100000,24.08000000,3.934
1749263358,3.93900000,4158.12000000,3.94
1749263358,3.93800000,4012.97000000,3.94
1749263358,3.93700000,4075.75000000,3.94
1749263358,3.93600000,8312.03000000,3.94
1749263358,3.93500000,14518.93000000,3.94
1749263358,3.93400000,4729.83000000,3.94
1749263358,3.93300000,8693.04000000,3.94
1749263358,3.93200000,11981.65000000,3.94
1749263358,3.93100000,7561.24000000,3.94
1749263358,3.93000000,6666.43000000,3.94
1749263358,3.92900000,3464.07000000,3.94
1749263358,3.92800000,2947.41000000,3.94
1749263358,3.92700000,4327.65000000,3.94
1749263358,3.92600000,507.52000000,3.94
1749263358,3.92500000,2762.05000000,3.94
1749263358,3.92400000,4048.70000000,3.94
1749263358,3.92300000,993.63000000,3.94
1749263358,3.92200000,5673.92000000,3.94
1749263358,3.92100000,177.39000000,3.94
1749263358,3.92000000,470.53000000,3.94
1749263358,3.91900000,302.63000000,3.94
1749263358,3.91800000,618.37000000,3.94
1749263358,3.91700000,1525.77000000,3.94
1749263358,3.91600000,687.62000000,3.94
1749263358,3.91500000,7840.45000000,3.94
1749263358,3.91400000,337.86000000,3.94
1749263358,3.91300000,214.53000000,3.94
1749263358,3.91200000,544.43000000,3.94
1749263358,3.91100000,175.48000000,3.94
1749263358,3.91000000,8167.68000000,3.94
1749263358,3.90900000,221.99000000,3.94
1749263358,3.90800000,538.40000000,3.94
1749263358,3.90700000,177.08000000,3.94
1749263358,3.90600000,477.76000000,3.94
1749263358,3.90500000,182.92000000,3.94
1749263358,3.90400000,848.88000000,3.94
1749263358,3.90300000,44.81000000,3.94
1749263358,3.90200000,211.66000000,3.94
1749263358,3.90100000,49.79000000,3.94
1749263358,3.90000000,5687.55000000,3.94
1749263358,3.89900000,56.29000000,3.94
1749263358,3.89800000,6769.11000000,3.94
1749263358,3.89700000,48.17000000,3.94
1749263358,3.89600000,209.01000000,3.94
1749263358,3.89500000,59.98000000,3.94
1749263358,3.89400000,243.77000000,3.94
1749263358,3.89300000,7.17000000,3.94
1749263358,3.89200000,239.25000000,3.94
1749263358,3.89100000,381.35000000,3.94
1749263358,3.89000000,1722.16000000,3.94
1749263358,3.88900000,28.52000000,3.94
1749263358,3.88800000,553.94000000,3.94
1749263358,3.88700000,43.49000000,3.94
1749263358,3.88600000,204.78000000,3.94
1749263358,3.88500000,16.45000000,3.94
1749263358,3.88400000,204.78000000,3.94
1749263358,3.88300000,10.39000000,3.94
1749263358,3.88200000,921.53000000,3.94
1749263358,3.88100000,9.78000000,3.94
1749263358,3.88000000,13.10000000,3.94
1749263358,3.87900000,3983.26000000,3.94
1749263358,3.87800000,107.74000000,3.94
1749263358,3.87700000,11.49000000,3.94
1749263358,3.87600000,7.73000000,3.94
1749263358,3.87500000,1263.75000000,3.94
1749263358,3.87400000,7.58000000,3.94
1749263358,3.87300000,5.94000000,3.94
1749263358,3.87200000,20.06000000,3.94
1749263358,3.87100000,7.27000000,3.94
1749263358,3.87000000,30.42000000,3.94
1749263358,3.86900000,16.91000000,3.94
1749263358,3.86800000,13.42000000,3.94
1749263358,3.86700000,4.51000000,3.94
1749263358,3.86600000,260.87000000,3.94
1749263358,3.86500000,6.06000000,3.94
1749263358,3.86400000,20.02000000,3.94
1749263358,3.86300000,12.12000000,3.94
1749263358,3.86200000,7.60000000,3.94
1749263358,3.86100000,17.02000000,3.94
1749263358,3.86000000,1890.21000000,3.94
1749263358,3.85900000,34.67000000,3.94
1749263358,3.85800000,6.42000000,3.94
1749263358,3.85700000,14.69000000,3.94
1749263358,3.85600000,1.56000000,3.94
1749263358,3.85500000,176.39000000,3.94
1749263358,3.85400000,25.43000000,3.94
1749263358,3.85300000,4.11000000,3.94
1749263358,3.85200000,16.39000000,3.94
1749263358,3.85100000,1.36000000,3.94
1749263358,3.85000000,2674.75000000,3.94
1749263358,3.84900000,1691.09000000,3.94
1749263358,3.84800000,5.04000000,3.94
1749263358,3.84700000,18.96000000,3.94
1749263358,3.84600000,4.19000000,3.94
1749263358,3.84500000,1.56000000,3.94
1749263358,3.84400000,10.29000000,3.94
1749263358,3.84200000,4.36000000,3.94
1749263358,3.84100000,14.02000000,3.94
1749263358,3.84000000,602.40000000,3.94
1749263358,3.83900000,11.69000000,3.94
1749263660,3.93800000,188.24000000,3.938
1749263660,3.93700000,3465.92000000,3.938
1749263660,3.93600000,5404.52000000,3.938
1749263660,3.93500000,4187.15000000,3.938
1749263660,3.93400000,5311.04000000,3.938
1749263660,3.93300000,14493.57000000,3.938
1749263660,3.93200000,14903.14000000,3.938
1749263660,3.93100000,4376.37000000,3.938
1749263660,3.93000000,7041.02000000,3.938
1749263660,3.92900000,12366.49000000,3.938
1749263660,3.92800000,4965.90000000,3.938
1749263660,3.92700000,3645.49000000,3.938
1749263660,3.92600000,380.41000000,3.938
1749263660,3.92500000,4362.26000000,3.938
1749263660,3.92400000,3328.57000000,3.938
1749263660,3.92300000,851.49000000,3.938
1749263660,3.92200000,5673.93000000,3.938
1749263660,3.92100000,684.99000000,3.938
1749263660,3.92000000,6897.02000000,3.938
1749263660,3.91900000,200.61000000,3.938
1749263660,3.91800000,377.17000000,3.938
1749263660,3.91700000,312.30000000,3.938
1749263660,3.91600000,687.62000000,3.938
1749263660,3.91500000,1623.58000000,3.938
1749263660,3.91400000,526.90000000,3.938
1749263660,3.91300000,894.58000000,3.938
1749263660,3.91200000,861.28000000,3.938
1749263660,3.91100000,175.48000000,3.938
1749263660,3.91000000,8167.68000000,3.938
1749263660,3.90900000,221.99000000,3.938
1749263660,3.90800000,538.40000000,3.938
1749263660,3.90700000,185.84000000,3.938
1749263660,3.90600000,477.76000000,3.938
1749263660,3.90500000,620.92000000,3.938
1749263660,3.90400000,848.88000000,3.938
1749263660,3.90300000,44.81000000,3.938
1749263660,3.90200000,382.66000000,3.938
1749263660,3.90100000,49.79000000,3.938
1749263660,3.90000000,473.84000000,3.938
1749263660,3.89900000,260.29000000,3.938
1749263660,3.89800000,6952.93000000,3.938
1749263660,3.89700000,48.17000000,3.938
1749263660,3.89600000,380.01000000,3.938
1749263660,3.89500000,59.98000000,3.938
1749263660,3.89400000,246.94000000,3.938
1749263660,3.89300000,7.17000000,3.938
1749263660,3.89200000,204.77000000,3.938
1749263660,3.89100000,382.79000000,3.938
1749263660,3.89000000,1722.16000000,3.938
1749263660,3.88900000,28.52000000,3.938
1749263660,3.88800000,553.94000000,3.938
1749263660,3.88700000,4.51000000,3.938
1749263660,3.88600000,204.78000000,3.938
1749263660,3.88500000,35.71000000,3.938
1749263660,3.88400000,204.78000000,3.938
1749263660,3.88300000,10.39000000,3.938
1749263660,3.88200000,480.94000000,3.938
1749263660,3.88100000,9.78000000,3.938
1749263660,3.88000000,13.10000000,3.938
1749263660,3.87900000,3983.26000000,3.938
1749263660,3.87800000,107.74000000,3.938
1749263660,3.87700000,11.49000000,3.938
1749263660,3.87600000,7.73000000,3.938
1749263660,3.87500000,1263.75000000,3.938
1749263660,3.87400000,7.58000000,3.938
1749263660,3.87300000,5.94000000,3.938
1749263660,3.87200000,19.77000000,3.938
1749263660,3.87100000,7.27000000,3.938
1749263660,3.87000000,30.42000000,3.938
1749263660,3.86900000,16.91000000,3.938
1749263660,3.86800000,13.42000000,3.938
1749263660,3.86700000,4.51000000,3.938
1749263660,3.86600000,260.87000000,3.938
1749263660,3.86500000,6.06000000,3.938
1749263660,3.86400000,19.99000000,3.938
1749263660,3.86300000,14.66000000,3.938
1749263660,3.86200000,7.60000000,3.938
1749263660,3.86100000,17.02000000,3.938
1749263660,3.86000000,1890.21000000,3.938
1749263660,3.85900000,167.01000000,3.938
1749263660,3.85800000,6.42000000,3.938
1749263660,3.85700000,14.69000000,3.938
1749263660,3.85600000,1.56000000,3.938
1749263660,3.85500000,52.47000000,3.938
1749263660,3.85400000,25.43000000,3.938
1749263660,3.85300000,4.11000000,3.938
1749263660,3.85200000,16.39000000,3.938
1749263660,3.85100000,1.36000000,3.938
1749263660,3.85000000,2674.75000000,3.938
1749263660,3.84900000,1691.09000000,3.938
1749263660,3.84800000,5.04000000,3.938
1749263660,3.84700000,18.96000000,3.938
1749263660,3.84600000,4.19000000,3.938
1749263660,3.84500000,1.56000000,3.938
1749263660,3.84400000,10.29000000,3.938
1749263660,3.84200000,4.36000000,3.938
1749263660,3.84100000,14.02000000,3.938
1749263660,3.84000000,602.40000000,3.938
1749263660,3.83900000,11.69000000,3.938
1749263660,3.83800000,296.13000000,3.938
1749263961,3.94400000,3447.46000000,3.945
1749263961,3.94300000,4510.44000000,3.945
1749263961,3.94200000,3764.81000000,3.945
1749263961,3.94100000,8820.16000000,3.945
1749263961,3.94000000,14535.57000000,3.945
1749263961,3.93900000,6258.64000000,3.945
1749263961,3.93800000,6082.01000000,3.945
1749263961,3.93700000,13010.73000000,3.945
1749263961,3.93600000,8232.17000000,3.945
1749263961,3.93500000,3217.37000000,3.945
1749263961,3.93400000,996.87000000,3.945
1749263961,3.93300000,1951.96000000,3.945
1749263961,3.93200000,4128.42000000,3.945
1749263961,3.93100000,279.72000000,3.945
1749263961,3.93000000,4444.57000000,3.945
1749263961,3.92900000,2607.27000000,3.945
1749263961,3.92800000,917.29000000,3.945
1749263961,3.92700000,3701.63000000,3.945
1749263961,3.92600000,573.56000000,3.945
1749263961,3.92500000,216.30000000,3.945
1749263961,3.92400000,571.73000000,3.945
1749263961,3.92300000,346.56000000,3.945
1749263961,3.92200000,6835.73000000,3.945
1749263961,3.92100000,854.13000000,3.945
1749263961,3.92000000,7084.31000000,3.945
1749263961,3.91900000,401.60000000,3.945
1749263961,3.91800000,496.43000000,3.945
1749263961,3.91700000,7964.59000000,3.945
1749263961,3.91600000,555.37000000,3.945
1749263961,3.91500000,178.36000000,3.945
1749263961,3.91400000,337.86000000,3.945
1749263961,3.91300000,214.53000000,3.945
1749263961,3.91200000,546.99000000,3.945
1749263961,3.91100000,175.48000000,3.945
1749263961,3.91000000,420.42000000,3.945
1749263961,3.90900000,221.99000000,3.945
1749263961,3.90800000,479.33000000,3.945
1749263961,3.90700000,216.98000000,3.945
1749263961,3.90600000,383.42000000,3.945
1749263961,3.90500000,580.54000000,3.945
1749263961,3.90400000,677.88000000,3.945
1749263961,3.90300000,44.81000000,3.945
1749263961,3.90200000,211.66000000,3.945
1749263961,3.90100000,1288.28000000,3.945
1749263961,3.90000000,388.15000000,3.945
1749263961,3.89900000,89.29000000,3.945
1749263961,3.89800000,6718.58000000,3.945
1749263961,3.89700000,394.05000000,3.945
1749263961,3.89600000,207.59000000,3.945
1749263961,3.89500000,59.98000000,3.945
1749263961,3.89400000,246.94000000,3.945
1749263961,3.89300000,8.79000000,3.945
1749263961,3.89200000,204.77000000,3.945
1749263961,3.89100000,343.81000000,3.945
1749263961,3.89000000,208.07000000,3.945
1749263961,3.88900000,28.52000000,3.945
1749263961,3.88800000,35.49000000,3.945
1749263961,3.88700000,4.51000000,3.945
1749263961,3.88600000,2.58000000,3.945
1749263961,3.88500000,10.02000000,3.945
1749263961,3.88400000,2.58000000,3.945
1749263961,3.88300000,10.39000000,3.945
1749263961,3.88200000,480.94000000,3.945
1749263961,3.88100000,35.50000000,3.945
1749263961,3.88000000,13.10000000,3.945
1749263961,3.87900000,3983.26000000,3.945
1749263961,3.87800000,82.00000000,3.945
1749263961,3.87700000,11.49000000,3.945
1749263961,3.87600000,7.73000000,3.945
1749263961,3.87500000,1263.75000000,3.945
1749263961,3.87400000,7.58000000,3.945
1749263961,3.87300000,5.94000000,3.945
1749263961,3.87200000,18.47000000,3.945
1749263961,3.87100000,7.27000000,3.945
1749263961,3.87000000,36.82000000,3.945
1749263961,3.86900000,16.86000000,3.945
1749263961,3.86800000,10.83000000,3.945
1749263961,3.86700000,1.94000000,3.945
1749263961,3.86600000,258.30000000,3.945
1749263961,3.86500000,3.49000000,3.945
1749263961,3.86400000,17.45000000,3.945
1749263961,3.86300000,10.19000000,3.945
1749263961,3.86200000,132.47000000,3.945
1749263961,3.86100000,15.09000000,3.945
1749263961,3.86000000,1890.21000000,3.945
1749263961,3.85900000,32.74000000,3.945
1749263961,3.85700000,14.69000000,3.945
1749263961,3.85600000,1.56000000,3.945
1749263961,3.85500000,52.47000000,3.945
1749263961,3.85400000,25.43000000,3.945
1749263961,3.85300000,4.11000000,3.945
1749263961,3.85200000,16.39000000,3.945
1749263961,3.85100000,1.36000000,3.945
1749263961,3.85000000,2674.75000000,3.945
1749263961,3.84900000,1691.09000000,3.945
1749263961,3.84800000,5.04000000,3.945
1749263961,3.84700000,18.96000000,3.945
1749263961,3.84600000,4.19000000,3.945
1749263961,3.84500000,1.56000000,3.945
1749263961,3.84400000,10.29000000,3.945
1749264263,3.93700000,19.90000000,3.938
1749264263,3.93600000,2902.40000000,3.938
1749264263,3.93500000,6167.12000000,3.938
1749264263,3.93400000,9051.88000000,3.938
1749264263,3.93300000,7554.20000000,3.938
1749264263,3.93200000,11185.78000000,3.938
1749264263,3.93100000,16208.80000000,3.938
1749264263,3.93000000,11348.38000000,3.938
1749264263,3.92900000,4123.02000000,3.938
1749264263,3.92800000,1617.43000000,3.938
1749264263,3.92700000,5500.08000000,3.938
1749264263,3.92600000,5026.62000000,3.938
1749264263,3.92500000,3140.01000000,3.938
1749264263,3.92400000,2943.43000000,3.938
1749264263,3.92300000,214.41000000,3.938
1749264263,3.92200000,1533.13000000,3.938
1749264263,3.92100000,175.47000000,3.938
1749264263,3.92000000,6895.10000000,3.938
1749264263,3.91900000,256.86000000,3.938
1749264263,3.91800000,428.39000000,3.938
1749264263,3.91700000,7964.59000000,3.938
1749264263,3.91600000,2317.82000000,3.938
1749264263,3.91500000,494.97000000,3.938
1749264263,3.91400000,1073.29000000,3.938
1749264263,3.91300000,214.53000000,3.938
1749264263,3.91200000,546.99000000,3.938
1749264263,3.91100000,175.48000000,3.938
1749264263,3.91000000,519.23000000,3.938
1749264263,3.90900000,342.93000000,3.938
1749264263,3.90800000,480.61000000,3.938
1749264263,3.90700000,185.84000000,3.938
1749264263,3.90600000,477.76000000,3.938
1749264263,3.90500000,717.46000000,3.938
1749264263,3.90400000,848.88000000,3.938
1749264263,3.90300000,44.81000000,3.938
1749264263,3.90200000,382.66000000,3.938
1749264263,3.90100000,49.79000000,3.938
1749264263,3.90000000,742.55000000,3.938
1749264263,3.89900000,345.62000000,3.938
1749264263,3.89800000,6718.58000000,3.938
1749264263,3.89700000,394.05000000,3.938
1749264263,3.89600000,238.82000000,3.938
1749264263,3.89500000,59.98000000,3.938
1749264263,3.89400000,246.94000000,3.938
1749264263,3.89300000,1249.82000000,3.938
1749264263,3.89200000,204.77000000,3.938
1749264263,3.89100000,343.81000000,3.938
1749264263,3.89000000,208.07000000,3.938
1749264263,3.88900000,28.52000000,3.938
1749264263,3.88800000,9.82000000,3.938
1749264263,3.88700000,4.51000000,3.938
1749264263,3.88600000,2.58000000,3.938
1749264263,3.88500000,10.02000000,3.938
1749264263,3.88400000,2.58000000,3.938
1749264263,3.88300000,10.39000000,3.938
1749264263,3.88200000,480.94000000,3.938
1749264263,3.88100000,9.78000000,3.938
1749264263,3.88000000,13.10000000,3.938
1749264263,3.87900000,3983.26000000,3.938
1749264263,3.87800000,107.74000000,3.938
1749264263,3.87700000,11.49000000,3.938
1749264263,3.87600000,7.73000000,3.938
1749264263,3.87500000,16.95000000,3.938
1749264263,3.87400000,7.58000000,3.938
1749264263,3.87300000,5.94000000,3.938
1749264263,3.87200000,19.77000000,3.938
1749264263,3.87100000,7.27000000,3.938
1749264263,3.87000000,36.82000000,3.938
1749264263,3.86900000,16.86000000,3.938
1749264263,3.86800000,13.37000000,3.938
1749264263,3.86700000,4.48000000,3.938
1749264263,3.86600000,260.84000000,3.938
1749264263,3.86500000,1256.05000000,3.938
1749264263,3.86400000,19.99000000,3.938
1749264263,3.86300000,12.73000000,3.938
1749264263,3.86200000,10.14000000,3.938
1749264263,3.86100000,15.09000000,3.938
1749264263,3.86000000,1890.21000000,3.938
1749264263,3.85900000,32.74000000,3.938
1749264263,3.85700000,143.93000000,3.938
1749264263,3.85600000,1.56000000,3.938
1749264263,3.85500000,52.47000000,3.938
1749264263,3.85400000,25.43000000,3.938
1749264263,3.85300000,4.11000000,3.938
1749264263,3.85200000,16.39000000,3.938
1749264263,3.85100000,1.36000000,3.938
1749264263,3.85000000,2674.75000000,3.938
1749264263,3.84900000,1691.09000000,3.938
1749264263,3.84800000,5.04000000,3.938
1749264263,3.84700000,18.96000000,3.938
1749264263,3.84600000,4.19000000,3.938
1749264263,3.84500000,1.56000000,3.938
1749264263,3.84400000,10.29000000,3.938
1749264263,3.84200000,4.36000000,3.938
1749264263,3.84100000,14.02000000,3.938
1749264263,3.84000000,602.40000000,3.938
1749264263,3.83900000,11.69000000,3.938
1749264263,3.83800000,296.13000000,3.938
1749264263,3.83600000,1.41000000,3.938
1749264263,3.83400000,6.83000000,3.938
1749264565,3.94600000,4154.54000000,3.946
1749264565,3.94500000,4316.68000000,3.946
1749264565,3.94400000,5191.26000000,3.946
1749264565,3.94300000,5451.37000000,3.946
1749264565,3.94200000,11317.55000000,3.946
1749264565,3.94100000,14136.46000000,3.946
1749264565,3.94000000,6698.91000000,3.946
1749264565,3.93900000,9706.64000000,3.946
1749264565,3.93800000,7294.44000000,3.946
1749264565,3.93700000,2584.97000000,3.946
1749264565,3.93600000,1010.55000000,3.946
1749264565,3.93500000,1755.38000000,3.946
1749264565,3.93400000,4896.63000000,3.946
1749264565,3.93300000,1847.63000000,3.946
1749264565,3.93200000,1341.58000000,3.946
1749264565,3.93100000,6666.98000000,3.946
1749264565,3.93000000,1184.10000000,3.946
1749264565,3.92900000,2061.44000000,3.946
1749264565,3.92800000,387.84000000,3.946
1749264565,3.92700000,559.25000000,3.946
1749264565,3.92600000,5761.12000000,3.946
1749264565,3.92500000,6692.06000000,3.946
1749264565,3.92400000,482.20000000,3.946
1749264565,3.92300000,346.48000000,3.946
1749264565,3.92200000,470.17000000,3.946
1749264565,3.92100000,854.13000000,3.946
1749264565,3.92000000,417.42000000,3.946
1749264565,3.91900000,200.61000000,3.946
1749264565,3.91800000,375.76000000,3.946
1749264565,3.91700000,7964.59000000,3.946
1749264565,3.91600000,555.37000000,3.946
1749264565,3.91500000,178.36000000,3.946
1749264565,3.91400000,337.86000000,3.946
1749264565,3.91300000,214.53000000,3.946
1749264565,3.91200000,546.99000000,3.946
1749264565,3.91100000,175.48000000,3.946
1749264565,3.91000000,421.83000000,3.946
1749264565,3.90900000,344.30000000,3.946
1749264565,3.90800000,308.33000000,3.946
1749264565,3.90700000,14.84000000,3.946
1749264565,3.90600000,306.76000000,3.946
1749264565,3.90500000,546.46000000,3.946
1749264565,3.90400000,677.88000000,3.946
1749264565,3.90300000,44.81000000,3.946
1749264565,3.90200000,211.66000000,3.946
1749264565,3.90100000,49.79000000,3.946
1749264565,3.90000000,645.60000000,3.946
1749264565,3.89900000,89.29000000,3.946
1749264565,3.89800000,6718.58000000,3.946
1749264565,3.89700000,394.05000000,3.946
1749264565,3.89600000,238.82000000,3.946
1749264565,3.89500000,85.60000000,3.946
1749264565,3.89400000,207.94000000,3.946
1749264565,3.89300000,1249.82000000,3.946
1749264565,3.89200000,2.57000000,3.946
1749264565,3.89100000,5.94000000,3.946
1749264565,3.89000000,208.07000000,3.946
1749264565,3.88900000,28.52000000,3.946
1749264565,3.88800000,9.82000000,3.946
1749264565,3.88700000,30.19000000,3.946
1749264565,3.88600000,2.58000000,3.946
1749264565,3.88500000,10.02000000,3.946
1749264565,3.88400000,2.58000000,3.946
1749264565,3.88300000,10.39000000,3.946
1749264565,3.88200000,480.94000000,3.946
1749264565,3.88100000,9.78000000,3.946
1749264565,3.88000000,13.10000000,3.946
1749264565,3.87900000,3983.26000000,3.946
1749264565,3.87800000,82.00000000,3.946
1749264565,3.87700000,11.49000000,3.946
1749264565,3.87600000,7.73000000,3.946
1749264565,3.87500000,16.95000000,3.946
1749264565,3.87400000,1254.70000000,3.946
1749264565,3.87300000,5.94000000,3.946
1749264565,3.87200000,18.47000000,3.946
1749264565,3.87100000,7.22000000,3.946
1749264565,3.87000000,34.23000000,3.946
1749264565,3.86900000,14.32000000,3.946
1749264565,3.86800000,10.83000000,3.946
1749264565,3.86700000,1.94000000,3.946
1749264565,3.86600000,258.30000000,3.946
1749264565,3.86500000,1.56000000,3.946
1749264565,3.86400000,17.45000000,3.946
1749264565,3.86300000,10.19000000,3.946
1749264565,3.86200000,7.60000000,3.946
1749264565,3.86100000,141.91000000,3.946
1749264565,3.86000000,1890.21000000,3.946
1749264565,3.85900000,32.74000000,3.946
1749264565,3.85700000,14.69000000,3.946
1749264565,3.85600000,1.56000000,3.946
1749264565,3.85500000,52.47000000,3.946
1749264565,3.85400000,25.43000000,3.946
1749264565,3.85300000,4.11000000,3.946
1749264565,3.85200000,16.39000000,3.946
1749264565,3.85100000,1.36000000,3.946
1749264565,3.85000000,2674.75000000,3.946
1749264565,3.84900000,1691.09000000,3.946
1749264565,3.84800000,5.04000000,3.946
1749264565,3.84700000,18.96000000,3.946
1749264565,3.84600000,4.19000000,3.946
1749264867,3.95100000,3609.88000000,3.951
1749264867,3.95000000,6092.83000000,3.951
1749264867,3.94900000,6579.78000000,3.951
1749264867,3.94800000,5046.62000000,3.951
1749264867,3.94700000,6868.55000000,3.951
1749264867,3.94600000,10704.84000000,3.951
1749264867,3.94500000,14675.95000000,3.951
1749264867,3.94400000,7625.09000000,3.951
1749264867,3.94300000,5521.58000000,3.951
1749264867,3.94200000,3643.47000000,3.951
1749264867,3.94100000,1973.47000000,3.951
1749264867,3.94000000,551.27000000,3.951
1749264867,3.93900000,4695.89000000,3.951
1749264867,3.93800000,654.66000000,3.951
1749264867,3.93700000,6403.49000000,3.951
1749264867,3.93600000,429.67000000,3.951
1749264867,3.93500000,1688.45000000,3.951
1749264867,3.93400000,1220.17000000,3.951
1749264867,3.93300000,1900.49000000,3.951
1749264867,3.93200000,766.08000000,3.951
1749264867,3.93100000,2793.85000000,3.951
1749264867,3.93000000,11885.72000000,3.951
1749264867,3.92900000,175.46000000,3.951
1749264867,3.92800000,446.19000000,3.951
1749264867,3.92700000,507.07000000,3.951
1749264867,3.92600000,1158.67000000,3.951
1749264867,3.92500000,215.94000000,3.951
1749264867,3.92400000,8134.35000000,3.951
1749264867,3.92300000,214.41000000,3.951
1749264867,3.92200000,1217.53000000,3.951
1749264867,3.92100000,175.47000000,3.951
1749264867,3.92000000,417.42000000,3.951
1749264867,3.91900000,200.61000000,3.951
1749264867,3.91800000,375.76000000,3.951
1749264867,3.91700000,338.03000000,3.951
1749264867,3.91600000,616.95000000,3.951
1749264867,3.91500000,178.36000000,3.951
1749264867,3.91400000,337.86000000,3.951
1749264867,3.91300000,219.45000000,3.951
1749264867,3.91200000,422.36000000,3.951
1749264867,3.91100000,6249.96000000,3.951
1749264867,3.91000000,250.83000000,3.951
1749264867,3.90900000,307.18000000,3.951
1749264867,3.90800000,308.33000000,3.951
1749264867,3.90700000,14.84000000,3.951
1749264867,3.90600000,243.74000000,3.951
1749264867,3.90500000,547.80000000,3.951
1749264867,3.90400000,1941.90000000,3.951
1749264867,3.90300000,44.81000000,3.951
1749264867,3.90200000,211.66000000,3.951
1749264867,3.90100000,49.79000000,3.951
1749264867,3.90000000,655.89000000,3.951
1749264867,3.89900000,56.29000000,3.951
1749264867,3.89800000,217.59000000,3.951
1749264867,3.89700000,355.00000000,3.951
1749264867,3.89600000,36.62000000,3.951
1749264867,3.89500000,21.00000000,3.951
1749264867,3.89400000,31.37000000,3.951
1749264867,3.89300000,8.79000000,3.951
1749264867,3.89200000,2.57000000,3.951
1749264867,3.89100000,5.94000000,3.951
1749264867,3.89000000,208.07000000,3.951
1749264867,3.88900000,28.52000000,3.951
1749264867,3.88800000,9.82000000,3.951
1749264867,3.88700000,4.51000000,3.951
1749264867,3.88600000,15.15000000,3.951
1749264867,3.88500000,10.02000000,3.951
1749264867,3.88400000,1247.80000000,3.951
1749264867,3.88300000,16.49000000,3.951
1749264867,3.88200000,482.67000000,3.951
1749264867,3.88100000,9.78000000,3.951
1749264867,3.88000000,11.81000000,3.951
1749264867,3.87900000,3983.26000000,3.951
1749264867,3.87800000,82.00000000,3.951
1749264867,3.87700000,11.49000000,3.951
1749264867,3.87600000,7.69000000,3.951
1749264867,3.87500000,17.06000000,3.951
1749264867,3.87400000,4.99000000,3.951
1749264867,3.87300000,3.35000000,3.951
1749264867,3.87200000,14.26000000,3.951
1749264867,3.87100000,4.68000000,3.951
1749264867,3.87000000,34.23000000,3.951
1749264867,3.86900000,12.38000000,3.951
1749264867,3.86800000,1259.88000000,3.951
1749264867,3.86600000,258.30000000,3.951
1749264867,3.86500000,137.33000000,3.951
1749264867,3.86400000,17.45000000,3.951
1749264867,3.86300000,10.19000000,3.951
1749264867,3.86200000,7.60000000,3.951
1749264867,3.86100000,15.09000000,3.951
1749264867,3.86000000,638.57000000,3.951
1749264867,3.85900000,32.74000000,3.951
1749264867,3.85700000,14.69000000,3.951
1749264867,3.85600000,1.56000000,3.951
1749264867,3.85500000,52.47000000,3.951
1749264867,3.85400000,25.43000000,3.951
1749264867,3.85300000,4.11000000,3.951
1749264867,3.85200000,16.39000000,3.951
1749264867,3.85100000,1.36000000,3.951
1749264867,3.85000000,2674.75000000,3.951
1749265169,3.95400000,234.56000000,3.955
1749265169,3.95300000,4683.74000000,3.955
1749265169,3.95200000,5555.19000000,3.955
1749265169,3.95100000,6761.62000000,3.955
1749265169,3.95000000,10742.04000000,3.955
1749265169,3.94900000,10228.65000000,3.955
1749265169,3.94800000,13092.73000000,3.955
1749265169,3.94700000,14330.02000000,3.955
1749265169,3.94600000,3705.35000000,3.955
1749265169,3.94500000,3533.75000000,3.955
1749265169,3.94400000,857.21000000,3.955
1749265169,3.94300000,3341.41000000,3.955
1749265169,3.94200000,2917.77000000,3.955
1749265169,3.94100000,281.70000000,3.955
1749265169,3.94000000,4963.45000000,3.955
1749265169,3.93900000,233.35000000,3.955
1749265169,3.93800000,6885.92000000,3.955
1749265169,3.93700000,268.47000000,3.955
1749265169,3.93600000,560.24000000,3.955
1749265169,3.93500000,6653.14000000,3.955
1749265169,3.93400000,437.69000000,3.955
1749265169,3.93300000,214.30000000,3.955
1749265169,3.93200000,8125.69000000,3.955
1749265169,3.93100000,588.96000000,3.955
1749265169,3.93000000,1385.11000000,3.955
1749265169,3.92900000,175.46000000,3.955
1749265169,3.92800000,390.83000000,3.955
1749265169,3.92700000,220.24000000,3.955
1749265169,3.92600000,692.81000000,3.955
1749265169,3.92500000,217.27000000,3.955
1749265169,3.92400000,385.81000000,3.955
1749265169,3.92300000,214.41000000,3.955
1749265169,3.92200000,539.04000000,3.955
1749265169,3.92100000,175.47000000,3.955
1749265169,3.92000000,420.08000000,3.955
1749265169,3.91900000,200.61000000,3.955
1749265169,3.91800000,747.20000000,3.955
1749265169,3.91700000,338.03000000,3.955
1749265169,3.91600000,479.93000000,3.955
1749265169,3.91500000,65.11000000,3.955
1749265169,3.91400000,204.76000000,3.955
1749265169,3.91300000,1283.14000000,3.955
1749265169,3.91200000,538.94000000,3.955
1749265169,3.91100000,6281.10000000,3.955
1749265169,3.91000000,250.83000000,3.955
1749265169,3.90900000,389.78000000,3.955
1749265169,3.90800000,243.74000000,3.955
1749265169,3.90700000,14.84000000,3.955
1749265169,3.90600000,585.49000000,3.955
1749265169,3.90500000,573.36000000,3.955
1749265169,3.90400000,671.41000000,3.955
1749265169,3.90300000,5.83000000,3.955
1749265169,3.90200000,9.46000000,3.955
1749265169,3.90100000,10.77000000,3.955
1749265169,3.90000000,112.38000000,3.955
1749265169,3.89900000,17.31000000,3.955
1749265169,3.89800000,15.39000000,3.955
1749265169,3.89700000,6.05000000,3.955
1749265169,3.89600000,31.01000000,3.955
1749265169,3.89500000,1254.60000000,3.955
1749265169,3.89400000,5.74000000,3.955
1749265169,3.89300000,8.79000000,3.955
1749265169,3.89200000,2.57000000,3.955
1749265169,3.89100000,5.94000000,3.955
1749265169,3.89000000,208.07000000,3.955
1749265169,3.88900000,28.52000000,3.955
1749265169,3.88800000,13.76000000,3.955
1749265169,3.88700000,4.51000000,3.955
1749265169,3.88600000,15.15000000,3.955
1749265169,3.88500000,10.02000000,3.955
1749265169,3.88400000,3.89000000,3.955
1749265169,3.88300000,22.87000000,3.955
1749265169,3.88200000,482.67000000,3.955
1749265169,3.88100000,9.73000000,3.955
1749265169,3.88000000,13.05000000,3.955
1749265169,3.87900000,3983.21000000,3.955
1749265169,3.87800000,1.55000000,3.955
1749265169,3.87700000,1255.06000000,3.955
1749265169,3.87600000,5.15000000,3.955
1749265169,3.87500000,15.12000000,3.955
1749265169,3.87400000,4.99000000,3.955
1749265169,3.87300000,136.41000000,3.955
1749265169,3.87200000,14.26000000,3.955
1749265169,3.87100000,2.74000000,3.955
1749265169,3.87000000,27.83000000,3.955
1749265169,3.86900000,12.38000000,3.955
1749265169,3.86800000,10.83000000,3.955
1749265169,3.86600000,258.30000000,3.955
1749265169,3.86500000,1.56000000,3.955
1749265169,3.86400000,17.45000000,3.955
1749265169,3.86300000,10.19000000,3.955
1749265169,3.86200000,7.60000000,3.955
1749265169,3.86100000,15.09000000,3.955
1749265169,3.86000000,638.57000000,3.955
1749265169,3.85900000,32.74000000,3.955
1749265169,3.85700000,14.69000000,3.955
1749265169,3.85600000,1.56000000,3.955
1749265169,3.85500000,52.47000000,3.955
1749265169,3.85400000,25.43000000,3.955
1749265169,3.85300000,4.11000000,3.955
1749265471,3.97000000,2365.97000000,3.971
1749265471,3.96900000,4874.46000000,3.971
1749265471,3.96800000,2802.21000000,3.971
1749265471,3.96700000,3112.48000000,3.971
1749265471,3.96600000,8736.14000000,3.971
1749265471,3.96500000,17941.20000000,3.971
1749265471,3.96400000,6713.95000000,3.971
1749265471,3.96300000,7070.74000000,3.971
1749265471,3.96200000,10511.51000000,3.971
1749265471,3.96100000,4961.64000000,3.971
1749265471,3.96000000,774.47000000,3.971
1749265471,3.95900000,2053.20000000,3.971
1749265471,3.95800000,1025.99000000,3.971
1749265471,3.95700000,4379.27000000,3.971
1749265471,3.95600000,594.46000000,3.971
1749265471,3.95500000,951.48000000,3.971
1749265471,3.95400000,418.98000000,3.971
1749265471,3.95300000,177.34000000,3.971
1749265471,3.95200000,1193.50000000,3.971
1749265471,3.95100000,925.22000000,3.971
1749265471,3.95000000,316.90000000,3.971
1749265471,3.94900000,499.88000000,3.971
1749265471,3.94800000,3799.60000000,3.971
1749265471,3.94700000,175.44000000,3.971
1749265471,3.94600000,4231.21000000,3.971
1749265471,3.94500000,553.22000000,3.971
1749265471,3.94400000,839.33000000,3.971
1749265471,3.94300000,175.45000000,3.971
1749265471,3.94200000,5021.95000000,3.971
1749265471,3.94100000,1455.83000000,3.971
1749265471,3.94000000,7774.56000000,3.971
1749265471,3.93900000,175.45000000,3.971
1749265471,3.93800000,403.59000000,3.971
1749265471,3.93700000,215.59000000,3.971
1749265471,3.93600000,420.89000000,3.971
1749265471,3.93500000,178.00000000,3.971
1749265471,3.93400000,382.56000000,3.971
1749265471,3.93300000,218.95000000,3.971
1749265471,3.93200000,8222.86000000,3.971
1749265471,3.93100000,214.32000000,3.971
1749265471,3.93000000,256.21000000,3.971
1749265471,3.92900000,4.46000000,3.971
1749265471,3.92800000,282.69000000,3.971
1749265471,3.92700000,71.98000000,3.971
1749265471,3.92600000,231.51000000,3.971
1749265471,3.92500000,485.46000000,3.971
1749265471,3.92400000,6465.21000000,3.971
1749265471,3.92300000,47.39000000,3.971
1749265471,3.92200000,277.65000000,3.971
1749265471,3.92100000,10.66000000,3.971
1749265471,3.92000000,394.52000000,3.971
1749265471,3.91900000,533.98000000,3.971
1749265471,3.91800000,80.43000000,3.971
1749265471,3.91700000,32.59000000,3.971
1749265471,3.91600000,345.34000000,3.971
1749265471,3.91500000,14.12000000,3.971
1749265471,3.91400000,2.56000000,3.971
1749265471,3.91300000,1244.09000000,3.971
1749265471,3.91200000,43.61000000,3.971
1749265471,3.91100000,60.93000000,3.971
1749265471,3.91000000,48.63000000,3.971
1749265471,3.90900000,13.38000000,3.971
1749265471,3.90800000,2.56000000,3.971
1749265471,3.90700000,1251.42000000,3.971
1749265471,3.90600000,2.56000000,3.971
1749265471,3.90500000,112.18000000,3.971
1749265471,3.90400000,471.04000000,3.971
1749265471,3.90300000,5.83000000,3.971
1749265471,3.90200000,9.46000000,3.971
1749265471,3.90100000,3980.54000000,3.971
1749265471,3.90000000,113.74000000,3.971
1749265471,3.89900000,17.31000000,3.971
1749265471,3.89800000,15.39000000,3.971
1749265471,3.89700000,6.05000000,3.971
1749265471,3.89600000,4.10000000,3.971
1749265471,3.89500000,15.95000000,3.971
1749265471,3.89400000,4.64000000,3.971
1749265471,3.89300000,9.20000000,3.971
1749265471,3.89100000,3.37000000,3.971
1749265471,3.89000000,205.49000000,3.971
1749265471,3.88900000,152.03000000,3.971
1749265471,3.88800000,9.89000000,3.971
1749265471,3.88700000,1242.95000000,3.971
1749265471,3.88600000,12.57000000,3.971
1749265471,3.88500000,5.51000000,3.971
1749265471,3.88400000,6.46000000,3.971
1749265471,3.88300000,18.35000000,3.971
1749265471,3.88200000,480.09000000,3.971
1749265471,3.88100000,5.26000000,3.971
1749265471,3.88000000,10.52000000,3.971
1749265471,3.87900000,8.97000000,3.971
1749265471,3.87800000,1.55000000,3.971
1749265471,3.87700000,6.97000000,3.971
1749265471,3.87600000,5.15000000,3.971
1749265471,3.87500000,4.23000000,3.971
1749265471,3.87400000,4.99000000,3.971
1749265471,3.87300000,1.41000000,3.971
1749265471,3.87200000,14.26000000,3.971
1749265471,3.87100000,2.74000000,3.971
1749265471,3.87000000,27.83000000,3.971
1749265773,3.96700000,136.23000000,3.967
1749265773,3.96600000,3338.15000000,3.967
1749265773,3.96500000,5447.14000000,3.967
1749265773,3.96400000,12467.13000000,3.967
1749265773,3.96300000,6470.06000000,3.967
1749265773,3.96200000,5663.39000000,3.967
1749265773,3.96100000,5549.39000000,3.967
1749265773,3.96000000,15992.49000000,3.967
1749265773,3.95900000,7728.88000000,3.967
1749265773,3.95800000,2686.95000000,3.967
1749265773,3.95700000,3084.44000000,3.967
1749265773,3.95600000,3496.42000000,3.967
1749265773,3.95500000,3589.26000000,3.967
1749265773,3.95400000,5569.39000000,3.967
1749265773,3.95300000,177.34000000,3.967
1749265773,3.95200000,1203.36000000,3.967
1749265773,3.95100000,726.31000000,3.967
1749265773,3.95000000,6800.45000000,3.967
1749265773,3.94900000,499.88000000,3.967
1749265773,3.94800000,914.17000000,3.967
1749265773,3.94700000,175.44000000,3.967
1749265773,3.94600000,603.98000000,3.967
1749265773,3.94500000,364.90000000,3.967
1749265773,3.94400000,934.12000000,3.967
1749265773,3.94300000,175.45000000,3.967
1749265773,3.94200000,1615.67000000,3.967
1749265773,3.94100000,215.82000000,3.967
1749265773,3.94000000,422.07000000,3.967
1749265773,3.93900000,8598.27000000,3.967
1749265773,3.93800000,403.59000000,3.967
1749265773,3.93700000,530.43000000,3.967
1749265773,3.93600000,420.89000000,3.967
1749265773,3.93500000,178.00000000,3.967
1749265773,3.93400000,382.56000000,3.967
1749265773,3.93300000,47.95000000,3.967
1749265773,3.93200000,377.15000000,3.967
1749265773,3.93100000,239.71000000,3.967
1749265773,3.93000000,447.72000000,3.967
1749265773,3.92900000,29.86000000,3.967
1749265773,3.92800000,453.69000000,3.967
1749265773,3.92700000,71.98000000,3.967
1749265773,3.92600000,408.11000000,3.967
1749265773,3.92500000,996.79000000,3.967
1749265773,3.92400000,6465.21000000,3.967
1749265773,3.92300000,47.39000000,3.967
1749265773,3.92200000,277.65000000,3.967
1749265773,3.92100000,1242.83000000,3.967
1749265773,3.92000000,427.35000000,3.967
1749265773,3.91900000,491.53000000,3.967
1749265773,3.91800000,80.43000000,3.967
1749265773,3.91700000,32.59000000,3.967
1749265773,3.91600000,7.82000000,3.967
1749265773,3.91500000,14.12000000,3.967
1749265773,3.91400000,2.56000000,3.967
1749265773,3.91300000,9.40000000,3.967
1749265773,3.91200000,10.72000000,3.967
1749265773,3.91100000,29.79000000,3.967
1749265773,3.91000000,48.63000000,3.967
1749265773,3.90900000,13.38000000,3.967
1749265773,3.90800000,2.56000000,3.967
1749265773,3.90700000,1251.42000000,3.967
1749265773,3.90600000,2.56000000,3.967
1749265773,3.90500000,112.18000000,3.967
1749265773,3.90400000,471.04000000,3.967
1749265773,3.90300000,11.92000000,3.967
1749265773,3.90200000,9.46000000,3.967
1749265773,3.90100000,3980.54000000,3.967
1749265773,3.90000000,165.02000000,3.967
1749265773,3.89900000,17.31000000,3.967
1749265773,3.89800000,15.39000000,3.967
1749265773,3.89700000,6.05000000,3.967
1749265773,3.89600000,4.10000000,3.967
1749265773,3.89500000,15.95000000,3.967
1749265773,3.89400000,7.16000000,3.967
1749265773,3.89300000,11.72000000,3.967
1749265773,3.89200000,2.52000000,3.967
1749265773,3.89100000,3.37000000,3.967
1749265773,3.89000000,205.49000000,3.967
1749265773,3.88900000,24.01000000,3.967
1749265773,3.88800000,9.89000000,3.967
1749265773,3.88700000,1242.95000000,3.967
1749265773,3.88600000,140.54000000,3.967
1749265773,3.88500000,5.51000000,3.967
1749265773,3.88400000,1618.34000000,3.967
1749265773,3.88300000,18.35000000,3.967
1749265773,3.88200000,480.09000000,3.967
1749265773,3.88100000,5.26000000,3.967
1749265773,3.88000000,10.52000000,3.967
1749265773,3.87900000,8.97000000,3.967
1749265773,3.87800000,1.55000000,3.967
1749265773,3.87700000,9.32000000,3.967
1749265773,3.87600000,5.15000000,3.967
1749265773,3.87500000,4.23000000,3.967
1749265773,3.87400000,4.99000000,3.967
1749265773,3.87300000,1.41000000,3.967
1749265773,3.87200000,14.26000000,3.967
1749265773,3.87100000,2.74000000,3.967
1749265773,3.87000000,27.83000000,3.967
1749265773,3.86900000,12.38000000,3.967
1749265773,3.86800000,10.83000000,3.967
1749266074,3.97500000,720.61000000,3.975
1749266074,3.97400000,4217.50000000,3.975
1749266074,3.97300000,5119.91000000,3.975
1749266074,3.97200000,5067.97000000,3.975
1749266074,3.97100000,10604.05000000,3.975
1749266074,3.97000000,6434.95000000,3.975
1749266074,3.96900000,7083.32000000,3.975
1749266074,3.96800000,15865.06000000,3.975
1749266074,3.96700000,8782.12000000,3.975
1749266074,3.96600000,3310.33000000,3.975
1749266074,3.96500000,1946.39000000,3.975
1749266074,3.96400000,1217.98000000,3.975
1749266074,3.96300000,461.47000000,3.975
1749266074,3.96200000,3313.51000000,3.975
1749266074,3.96100000,5834.67000000,3.975
1749266074,3.96000000,1178.40000000,3.975
1749266074,3.95900000,782.46000000,3.975
1749266074,3.95800000,5685.76000000,3.975
1749266074,3.95700000,215.95000000,3.975
1749266074,3.95600000,588.24000000,3.975
1749266074,3.95500000,6996.36000000,3.975
1749266074,3.95400000,914.33000000,3.975
1749266074,3.95300000,175.44000000,3.975
1749266074,3.95200000,472.60000000,3.975
1749266074,3.95100000,188.16000000,3.975
1749266074,3.95000000,1491.28000000,3.975
1749266074,3.94900000,138.58000000,3.975
1749266074,3.94800000,850.77000000,3.975
1749266074,3.94700000,7929.81000000,3.975
1749266074,3.94600000,414.47000000,3.975
1749266074,3.94500000,179.10000000,3.975
1749266074,3.94400000,417.16000000,3.975
1749266074,3.94300000,175.45000000,3.975
1749266074,3.94200000,375.74000000,3.975
1749266074,3.94100000,899.79000000,3.975
1749266074,3.94000000,420.80000000,3.975
1749266074,3.93900000,175.45000000,3.975
1749266074,3.93800000,403.59000000,3.975
1749266074,3.93700000,6523.79000000,3.975
1749266074,3.93600000,420.89000000,3.975
1749266074,3.93500000,13.76000000,3.975
1749266074,3.93400000,211.56000000,3.975
1749266074,3.93300000,47.95000000,3.975
1749266074,3.93200000,206.15000000,3.975
1749266074,3.93100000,1272.35000000,3.975
1749266074,3.93000000,267.53000000,3.975
1749266074,3.92900000,4.46000000,3.975
1749266074,3.92800000,589.08000000,3.975
1749266074,3.92700000,71.98000000,3.975
1749266074,3.92600000,237.11000000,3.975
1749266074,3.92500000,825.79000000,3.975
1749266074,3.92400000,218.32000000,3.975
1749266074,3.92300000,8.45000000,3.975
1749266074,3.92200000,2.55000000,3.975
1749266074,3.92100000,12.72000000,3.975
1749266074,3.92000000,17.53000000,3.975
1749266074,3.91900000,43.35000000,3.975
1749266074,3.91800000,80.43000000,3.975
1749266074,3.91700000,32.59000000,3.975
1749266074,3.91600000,7.82000000,3.975
1749266074,3.91500000,1241.42000000,3.975
1749266074,3.91400000,2.56000000,3.975
1749266074,3.91300000,9.40000000,3.975
1749266074,3.91200000,10.72000000,3.975
1749266074,3.91100000,32.92000000,3.975
1749266074,3.91000000,50.06000000,3.975
1749266074,3.90900000,13.38000000,3.975
1749266074,3.90800000,2.56000000,3.975
1749266074,3.90700000,14.84000000,3.975
1749266074,3.90600000,2.56000000,3.975
1749266074,3.90500000,112.18000000,3.975
1749266074,3.90400000,469.75000000,3.975
1749266074,3.90300000,11.92000000,3.975
1749266074,3.90200000,9.46000000,3.975
1749266074,3.90100000,3980.54000000,3.975
1749266074,3.90000000,164.97000000,3.975
1749266074,3.89900000,19.24000000,3.975
1749266074,3.89800000,12.82000000,3.975
1749266074,3.89700000,1243.24000000,3.975
1749266074,3.89600000,3.32000000,3.975
1749266074,3.89500000,19.79000000,3.975
1749266074,3.89400000,7.64000000,3.975
1749266074,3.89300000,141.48000000,3.975
1749266074,3.89100000,1.44000000,3.975
1749266074,3.89000000,205.49000000,3.975
1749266074,3.88900000,24.01000000,3.975
1749266074,3.88800000,9.89000000,3.975
1749266074,3.88600000,16.56000000,3.975
1749266074,3.88500000,5.51000000,3.975
1749266074,3.88400000,1618.34000000,3.975
1749266074,3.88300000,11.97000000,3.975
1749266074,3.88200000,480.09000000,3.975
1749266074,3.88100000,5.26000000,3.975
1749266074,3.88000000,10.52000000,3.975
1749266074,3.87900000,8.97000000,3.975
1749266074,3.87800000,1.55000000,3.975
1749266074,3.87700000,9.32000000,3.975
1749266074,3.87600000,5.15000000,3.975
1749266074,3.87500000,4.23000000,3.975
1749266074,3.87400000,4.99000000,3.975
1749266376,3.97000000,482.33000000,3.971
1749266376,3.96900000,6716.79000000,3.971
1749266376,3.96800000,9928.67000000,3.971
1749266376,3.96700000,10381.11000000,3.971
1749266376,3.96600000,6889.52000000,3.971
1749266376,3.96500000,12251.44000000,3.971
1749266376,3.96400000,10691.49000000,3.971
1749266376,3.96300000,5230.78000000,3.971
1749266376,3.96200000,3365.57000000,3.971
1749266376,3.96100000,5267.40000000,3.971
1749266376,3.96000000,2999.35000000,3.971
1749266376,3.95900000,178.67000000,3.971
1749266376,3.95800000,5685.76000000,3.971
1749266376,3.95700000,3115.06000000,3.971
1749266376,3.95600000,1110.31000000,3.971
1749266376,3.95500000,7313.25000000,3.971
1749266376,3.95400000,417.08000000,3.971
1749266376,3.95300000,175.44000000,3.971
1749266376,3.95200000,472.62000000,3.971
1749266376,3.95100000,283.88000000,3.971
1749266376,3.95000000,1679.59000000,3.971
1749266376,3.94900000,382.75000000,3.971
1749266376,3.94800000,795.69000000,3.971
1749266376,3.94700000,7929.81000000,3.971
1749266376,3.94600000,414.47000000,3.971
1749266376,3.94500000,179.10000000,3.971
1749266376,3.94400000,417.16000000,3.971
1749266376,3.94300000,175.45000000,3.971
1749266376,3.94200000,375.74000000,3.971
1749266376,3.94100000,899.79000000,3.971
1749266376,3.94000000,420.80000000,3.971
1749266376,3.93900000,175.45000000,3.971
1749266376,3.93800000,403.59000000,3.971
1749266376,3.93700000,6523.79000000,3.971
1749266376,3.93600000,453.58000000,3.971
1749266376,3.93500000,184.76000000,3.971
1749266376,3.93400000,211.56000000,3.971
1749266376,3.93300000,47.95000000,3.971
1749266376,3.93200000,206.15000000,3.971
1749266376,3.93100000,1272.35000000,3.971
1749266376,3.93000000,267.53000000,3.971
1749266376,3.92900000,4.46000000,3.971
1749266376,3.92800000,556.32000000,3.971
1749266376,3.92700000,71.98000000,3.971
1749266376,3.92600000,237.11000000,3.971
1749266376,3.92500000,812.30000000,3.971
1749266376,3.92400000,16.12000000,3.971
1749266376,3.92300000,8.45000000,3.971
1749266376,3.92200000,2.55000000,3.971
1749266376,3.92100000,12.72000000,3.971
1749266376,3.92000000,17.53000000,3.971
1749266376,3.91900000,43.35000000,3.971
1749266376,3.91800000,80.43000000,3.971
1749266376,3.91700000,32.80000000,3.971
1749266376,3.91600000,7.82000000,3.971
1749266376,3.91500000,7.36000000,3.971
1749266376,3.91400000,2.56000000,3.971
1749266376,3.91300000,1244.09000000,3.971
1749266376,3.91200000,10.72000000,3.971
1749266376,3.91100000,7.61000000,3.971
1749266376,3.91000000,50.06000000,3.971
1749266376,3.90900000,13.38000000,3.971
1749266376,3.90800000,2.56000000,3.971
1749266376,3.90700000,14.84000000,3.971
1749266376,3.90600000,2.56000000,3.971
1749266376,3.90500000,112.18000000,3.971
1749266376,3.90400000,471.04000000,3.971
1749266376,3.90300000,11.92000000,3.971
1749266376,3.90200000,9.41000000,3.971
1749266376,3.90100000,3980.49000000,3.971
1749266376,3.90000000,164.97000000,3.971
1749266376,3.89900000,21.76000000,3.971
1749266376,3.89800000,15.34000000,3.971
1749266376,3.89700000,1245.76000000,3.971
1749266376,3.89600000,5.84000000,3.971
1749266376,3.89500000,20.38000000,3.971
1749266376,3.89400000,7.64000000,3.971
1749266376,3.89300000,7.27000000,3.971
1749266376,3.89100000,1.44000000,3.971
1749266376,3.89000000,205.49000000,3.971
1749266376,3.88900000,148.52000000,3.971
1749266376,3.88800000,9.89000000,3.971
1749266376,3.88600000,16.56000000,3.971
1749266376,3.88500000,5.51000000,3.971
1749266376,3.88400000,1618.34000000,3.971
1749266376,3.88300000,11.97000000,3.971
1749266376,3.88200000,480.09000000,3.971
1749266376,3.88100000,6.64000000,3.971
1749266376,3.88000000,10.52000000,3.971
1749266376,3.87900000,8.97000000,3.971
1749266376,3.87800000,1.55000000,3.971
1749266376,3.87700000,9.32000000,3.971
1749266376,3.87600000,5.15000000,3.971
1749266376,3.87500000,4.23000000,3.971
1749266376,3.87400000,4.99000000,3.971
1749266376,3.87300000,1.41000000,3.971
1749266376,3.87200000,14.26000000,3.971
1749266376,3.87100000,2.74000000,3.971
1749266376,3.87000000,27.83000000,3.971
1749266376,3.86900000,12.38000000,3.971
1749266679,3.98000000,2504.92000000,3.98
1749266679,3.97900000,3604.05000000,3.98
1749266679,3.97800000,4284.42000000,3.98
1749266679,3.97700000,7632.25000000,3.98
1749266679,3.97600000,6217.06000000,3.98
1749266679,3.97500000,11450.90000000,3.98
1749266679,3.97400000,5085.30000000,3.98
1749266679,3.97300000,7434.52000000,3.98
1749266679,3.97200000,14654.66000000,3.98
1749266679,3.97100000,2539.58000000,3.98
1749266679,3.97000000,2496.18000000,3.98
1749266679,3.96900000,1671.70000000,3.98
1749266679,3.96800000,4972.04000000,3.98
1749266679,3.96700000,469.32000000,3.98
1749266679,3.96600000,609.04000000,3.98
1749266679,3.96500000,1409.38000000,3.98
1749266679,3.96400000,1036.44000000,3.98
1749266679,3.96300000,3488.76000000,3.98
1749266679,3.96200000,1104.72000000,3.98
1749266679,3.96100000,3312.67000000,3.98
1749266679,3.96000000,517.46000000,3.98
1749266679,3.95900000,363.66000000,3.98
1749266679,3.95800000,5368.87000000,3.98
1749266679,3.95700000,269.80000000,3.98
1749266679,3.95600000,7118.99000000,3.98
1749266679,3.95500000,175.43000000,3.98
1749266679,3.95400000,471.41000000,3.98
1749266679,3.95300000,1411.53000000,3.98
1749266679,3.95200000,421.82000000,3.98
1749266679,3.95100000,56.65000000,3.98
1749266679,3.95000000,353.88000000,3.98
1749266679,3.94900000,138.58000000,3.98
1749266679,3.94800000,738.60000000,3.98
1749266679,3.94700000,8604.00000000,3.98
1749266679,3.94600000,847.92000000,3.98
1749266679,3.94500000,179.10000000,3.98
1749266679,3.94400000,417.16000000,3.98
1749266679,3.94300000,175.45000000,3.98
1749266679,3.94200000,375.74000000,3.98
1749266679,3.94100000,224.58000000,3.98
1749266679,3.94000000,422.17000000,3.98
1749266679,3.93900000,4.45000000,3.98
1749266679,3.93800000,232.59000000,3.98
1749266679,3.93700000,6355.20000000,3.98
1749266679,3.93600000,249.89000000,3.98
1749266679,3.93500000,13.76000000,3.98
1749266679,3.93400000,211.56000000,3.98
1749266679,3.93300000,132.55000000,3.98
1749266679,3.93200000,420.52000000,3.98
1749266679,3.93100000,43.32000000,3.98
1749266679,3.93000000,267.53000000,3.98
1749266679,3.92900000,4.46000000,3.98
1749266679,3.92800000,614.27000000,3.98
1749266679,3.92700000,71.98000000,3.98
1749266679,3.92600000,34.91000000,3.98
1749266679,3.92500000,351.11000000,3.98
1749266679,3.92400000,16.12000000,3.98
1749266679,3.92300000,1239.99000000,3.98
1749266679,3.92200000,2.55000000,3.98
1749266679,3.92100000,12.72000000,3.98
1749266679,3.92000000,17.53000000,3.98
1749266679,3.91900000,43.35000000,3.98
1749266679,3.91800000,80.43000000,3.98
1749266679,3.91700000,8.69000000,3.98
1749266679,3.91600000,9.27000000,3.98
1749266679,3.91500000,7.36000000,3.98
1749266679,3.91400000,2.56000000,3.98
1749266679,3.91300000,1244.09000000,3.98
1749266679,3.91200000,10.72000000,3.98
1749266679,3.91100000,7.61000000,3.98
1749266679,3.91000000,75.59000000,3.98
1749266679,3.90900000,13.38000000,3.98
1749266679,3.90800000,2.56000000,3.98
1749266679,3.90700000,14.84000000,3.98
1749266679,3.90600000,2.56000000,3.98
1749266679,3.90500000,112.18000000,3.98
1749266679,3.90400000,467.18000000,3.98
1749266679,3.90300000,9.35000000,3.98
1749266679,3.90200000,6.89000000,3.98
1749266679,3.90100000,3977.97000000,3.98
1749266679,3.90000000,132.45000000,3.98
1749266679,3.89900000,19.24000000,3.98
1749266679,3.89800000,139.54000000,3.98
1749266679,3.89700000,1241.31000000,3.98
1749266679,3.89600000,3.32000000,3.98
1749266679,3.89500000,19.22000000,3.98
1749266679,3.89400000,7.64000000,3.98
1749266679,3.89300000,7.27000000,3.98
1749266679,3.89100000,1.44000000,3.98
1749266679,3.89000000,205.49000000,3.98
1749266679,3.88900000,24.01000000,3.98
1749266679,3.88800000,9.89000000,3.98
1749266679,3.88600000,16.56000000,3.98
1749266679,3.88500000,5.51000000,3.98
1749266679,3.88400000,1618.34000000,3.98
1749266679,3.88300000,11.97000000,3.98
1749266679,3.88200000,480.09000000,3.98
1749266679,3.88100000,6.64000000,3.98
1749266679,3.88000000,10.52000000,3.98
1749266679,3.87900000,8.97000000,3.98
1749266980,3.97300000,739.78000000,3.973
1749266980,3.97200000,3912.85000000,3.973
1749266980,3.97100000,5935.57000000,3.973
1749266980,3.97000000,7586.44000000,3.973
1749266980,3.96900000,5548.64000000,3.973
1749266980,3.96800000,9126.91000000,3.973
1749266980,3.96700000,12788.31000000,3.973
1749266980,3.96600000,10805.93000000,3.973
1749266980,3.96500000,8421.54000000,3.973
1749266980,3.96400000,7285.73000000,3.973
1749266980,3.96300000,2481.70000000,3.973
1749266980,3.96200000,2175.56000000,3.973
1749266980,3.96100000,170.29000000,3.973
1749266980,3.96000000,3373.47000000,3.973
1749266980,3.95900000,1283.88000000,3.973
1749266980,3.95800000,5180.02000000,3.973
1749266980,3.95700000,269.80000000,3.973
1749266980,3.95600000,7139.96000000,3.973
1749266980,3.95500000,460.28000000,3.973
1749266980,3.95400000,467.85000000,3.973
1749266980,3.95300000,1600.13000000,3.973
1749266980,3.95200000,477.58000000,3.973
1749266980,3.95100000,56.65000000,3.973
1749266980,3.95000000,255.80000000,3.973
1749266980,3.94900000,812.43000000,3.973
1749266980,3.94800000,739.87000000,3.973
1749266980,3.94700000,7929.81000000,3.973
1749266980,3.94600000,847.92000000,3.973
1749266980,3.94500000,179.10000000,3.973
1749266980,3.94400000,417.16000000,3.973
1749266980,3.94300000,175.45000000,3.973
1749266980,3.94200000,375.74000000,3.973
1749266980,3.94100000,224.58000000,3.973
1749266980,3.94000000,422.17000000,3.973
1749266980,3.93900000,4.45000000,3.973
1749266980,3.93800000,403.59000000,3.973
1749266980,3.93700000,6576.91000000,3.973
1749266980,3.93600000,453.58000000,3.973
1749266980,3.93500000,39.12000000,3.973
1749266980,3.93400000,1470.33000000,3.973
1749266980,3.93300000,81.79000000,3.973
1749266980,3.93200000,403.60000000,3.973
1749266980,3.93100000,43.32000000,3.973
1749266980,3.93000000,267.53000000,3.973
1749266980,3.92900000,4.46000000,3.973
1749266980,3.92800000,581.52000000,3.973
1749266980,3.92700000,71.98000000,3.973
1749266980,3.92600000,3.89000000,3.973
1749266980,3.92500000,351.11000000,3.973
1749266980,3.92400000,16.12000000,3.973
1749266980,3.92300000,8.45000000,3.973
1749266980,3.92200000,1234.40000000,3.973
1749266980,3.92100000,12.72000000,3.973
1749266980,3.92000000,17.53000000,3.973
1749266980,3.91900000,43.35000000,3.973
1749266980,3.91800000,80.43000000,3.973
1749266980,3.91700000,8.69000000,3.973
1749266980,3.91600000,9.27000000,3.973
1749266980,3.91500000,7.36000000,3.973
1749266980,3.91400000,2.56000000,3.973
1749266980,3.91300000,9.40000000,3.973
1749266980,3.91200000,95.07000000,3.973
1749266980,3.91100000,7.61000000,3.973
1749266980,3.91000000,75.59000000,3.973
1749266980,3.90900000,13.38000000,3.973
1749266980,3.90800000,2.56000000,3.973
1749266980,3.90700000,14.84000000,3.973
1749266980,3.90600000,2.56000000,3.973
1749266980,3.90500000,112.18000000,3.973
1749266980,3.90400000,470.99000000,3.973
1749266980,3.90300000,11.87000000,3.973
1749266980,3.90200000,9.41000000,3.973
1749266980,3.90100000,3980.49000000,3.973
1749266980,3.90000000,283.69000000,3.973
1749266980,3.89900000,21.76000000,3.973
1749266980,3.89800000,15.34000000,3.973
1749266980,3.89700000,1241.31000000,3.973
1749266980,3.89600000,3.32000000,3.973
1749266980,3.89500000,19.22000000,3.973
1749266980,3.89400000,7.64000000,3.973
1749266980,3.89300000,7.27000000,3.973
1749266980,3.89100000,1.44000000,3.973
1749266980,3.89000000,340.26000000,3.973
1749266980,3.88900000,24.01000000,3.973
1749266980,3.88800000,9.89000000,3.973
1749266980,3.88600000,16.56000000,3.973
1749266980,3.88500000,5.51000000,3.973
1749266980,3.88400000,1618.34000000,3.973
1749266980,3.88300000,11.97000000,3.973
1749266980,3.88200000,480.09000000,3.973
1749266980,3.88100000,6.64000000,3.973
1749266980,3.88000000,10.52000000,3.973
1749266980,3.87900000,8.97000000,3.973
1749266980,3.87800000,1.55000000,3.973
1749266980,3.87700000,9.32000000,3.973
1749266980,3.87600000,5.15000000,3.973
1749266980,3.87500000,4.23000000,3.973
1749266980,3.87400000,4.99000000,3.973
1749266980,3.87300000,1.41000000,3.973
1749266980,3.87200000,14.26000000,3.973
1749267283,3.96900000,394.18000000,3.969
1749267283,3.96800000,4297.98000000,3.969
1749267283,3.96700000,5557.08000000,3.969
1749267283,3.96600000,7123.62000000,3.969
1749267283,3.96500000,12534.09000000,3.969
1749267283,3.96400000,6790.25000000,3.969
1749267283,3.96300000,6939.73000000,3.969
1749267283,3.96200000,11299.96000000,3.969
1749267283,3.96100000,8577.11000000,3.969
1749267283,3.96000000,3838.18000000,3.969
1749267283,3.95900000,5333.72000000,3.969
1749267283,3.95800000,5445.38000000,3.969
1749267283,3.95700000,215.95000000,3.969
1749267283,3.95600000,3507.68000000,3.969
1749267283,3.95500000,5425.89000000,3.969
1749267283,3.95400000,417.08000000,3.969
1749267283,3.95300000,176.99000000,3.969
1749267283,3.95200000,7792.25000000,3.969
1749267283,3.95100000,188.24000000,3.969
1749267283,3.95000000,368.11000000,3.969
1749267283,3.94900000,328.17000000,3.969
1749267283,3.94800000,885.34000000,3.969
1749267283,3.94700000,9167.68000000,3.969
1749267283,3.94600000,1088.14000000,3.969
1749267283,3.94500000,177.00000000,3.969
1749267283,3.94400000,417.16000000,3.969
1749267283,3.94300000,175.45000000,3.969
1749267283,3.94200000,375.74000000,3.969
1749267283,3.94100000,224.58000000,3.969
1749267283,3.94000000,1098.83000000,3.969
1749267283,3.93900000,175.45000000,3.969
1749267283,3.93800000,403.59000000,3.969
1749267283,3.93700000,6526.20000000,3.969
1749267283,3.93600000,420.89000000,3.969
1749267283,3.93500000,13.76000000,3.969
1749267283,3.93400000,413.23000000,3.969
1749267283,3.93300000,47.95000000,3.969
1749267283,3.93200000,377.15000000,3.969
1749267283,3.93100000,214.32000000,3.969
1749267283,3.93000000,267.53000000,3.969
1749267283,3.92900000,4.46000000,3.969
1749267283,3.92800000,590.48000000,3.969
1749267283,3.92700000,71.98000000,3.969
1749267283,3.92600000,1234.49000000,3.969
1749267283,3.92500000,351.11000000,3.969
1749267283,3.92400000,16.12000000,3.969
1749267283,3.92300000,8.45000000,3.969
1749267283,3.92200000,2.55000000,3.969
1749267283,3.92100000,12.72000000,3.969
1749267283,3.92000000,17.53000000,3.969
1749267283,3.91900000,43.35000000,3.969
1749267283,3.91800000,80.43000000,3.969
1749267283,3.91700000,8.69000000,3.969
1749267283,3.91600000,9.27000000,3.969
1749267283,3.91500000,32.64000000,3.969
1749267283,3.91400000,2.56000000,3.969
1749267283,3.91300000,9.40000000,3.969
1749267283,3.91200000,95.07000000,3.969
1749267283,3.91100000,1242.93000000,3.969
1749267283,3.91000000,50.06000000,3.969
1749267283,3.90900000,38.91000000,3.969
1749267283,3.90800000,2.56000000,3.969
1749267283,3.90700000,14.84000000,3.969
1749267283,3.90600000,2.56000000,3.969
1749267283,3.90500000,112.18000000,3.969
1749267283,3.90400000,470.99000000,3.969
1749267283,3.90300000,11.87000000,3.969
1749267283,3.90200000,9.41000000,3.969
1749267283,3.90100000,3980.49000000,3.969
1749267283,3.90000000,283.69000000,3.969
1749267283,3.89900000,21.76000000,3.969
1749267283,3.89800000,15.34000000,3.969
1749267283,3.89700000,1243.83000000,3.969
1749267283,3.89600000,5.84000000,3.969
1749267283,3.89500000,21.74000000,3.969
1749267283,3.89400000,10.16000000,3.969
1749267283,3.89300000,7.27000000,3.969
1749267283,3.89100000,5.55000000,3.969
1749267283,3.89000000,205.49000000,3.969
1749267283,3.88900000,24.01000000,3.969
1749267283,3.88800000,9.89000000,3.969
1749267283,3.88700000,133.47000000,3.969
1749267283,3.88600000,16.56000000,3.969
1749267283,3.88500000,5.51000000,3.969
1749267283,3.88400000,1618.34000000,3.969
1749267283,3.88300000,11.97000000,3.969
1749267283,3.88200000,480.09000000,3.969
1749267283,3.88100000,6.64000000,3.969
1749267283,3.88000000,12.52000000,3.969
1749267283,3.87900000,8.97000000,3.969
1749267283,3.87800000,1.55000000,3.969
1749267283,3.87700000,9.32000000,3.969
1749267283,3.87600000,5.15000000,3.969
1749267283,3.87500000,4.23000000,3.969
1749267283,3.87400000,4.99000000,3.969
1749267283,3.87300000,1.41000000,3.969
1749267283,3.87200000,14.26000000,3.969
1749267283,3.87100000,2.74000000,3.969
1749267283,3.87000000,27.83000000,3.969
1749267283,3.86900000,12.38000000,3.969
1749267584,3.97300000,4213.36000000,3.974
1749267584,3.97200000,4360.21000000,3.974
1749267584,3.97100000,5079.49000000,3.974
1749267584,3.97000000,3447.41000000,3.974
1749267584,3.96900000,8647.46000000,3.974
1749267584,3.96800000,18256.54000000,3.974
1749267584,3.96700000,7189.75000000,3.974
1749267584,3.96600000,4597.84000000,3.974
1749267584,3.96500000,7129.32000000,3.974
1749267584,3.96400000,6471.55000000,3.974
1749267584,3.96300000,3504.57000000,3.974
1749267584,3.96200000,5104.58000000,3.974
1749267584,3.96100000,3067.83000000,3.974
1749267584,3.96000000,5112.62000000,3.974
1749267584,3.95900000,3306.04000000,3.974
1749267584,3.95800000,908.28000000,3.974
1749267584,3.95700000,215.95000000,3.974
1749267584,3.95600000,586.34000000,3.974
1749267584,3.95500000,231.21000000,3.974
1749267584,3.95400000,608.92000000,3.974
1749267584,3.95300000,176.99000000,3.974
1749267584,3.95200000,6997.49000000,3.974
1749267584,3.95100000,1668.71000000,3.974
1749267584,3.95000000,311.61000000,3.974
1749267584,3.94900000,328.17000000,3.974
1749267584,3.94800000,739.87000000,3.974
1749267584,3.94700000,7929.81000000,3.974
1749267584,3.94600000,847.92000000,3.974
1749267584,3.94500000,177.00000000,3.974
1749267584,3.94400000,417.16000000,3.974
1749267584,3.94300000,175.45000000,3.974
1749267584,3.94200000,375.74000000,3.974
1749267584,3.94100000,224.58000000,3.974
1749267584,3.94000000,542.16000000,3.974
1749267584,3.93900000,851.01000000,3.974
1749267584,3.93800000,403.59000000,3.974
1749267584,3.93700000,6526.20000000,3.974
1749267584,3.93600000,249.89000000,3.974
1749267584,3.93500000,132.13000000,3.974
1749267584,3.93400000,449.42000000,3.974
1749267584,3.93300000,47.95000000,3.974
1749267584,3.93200000,206.15000000,3.974
1749267584,3.93100000,43.32000000,3.974
1749267584,3.93000000,267.53000000,3.974
1749267584,3.92900000,4.46000000,3.974
1749267584,3.92800000,590.48000000,3.974
1749267584,3.92700000,71.98000000,3.974
1749267584,3.92600000,1234.49000000,3.974
1749267584,3.92500000,351.11000000,3.974
1749267584,3.92400000,16.12000000,3.974
1749267584,3.92300000,8.45000000,3.974
1749267584,3.92200000,2.55000000,3.974
1749267584,3.92100000,12.72000000,3.974
1749267584,3.92000000,17.53000000,3.974
1749267584,3.91900000,43.35000000,3.974
1749267584,3.91800000,80.43000000,3.974
1749267584,3.91700000,10.09000000,3.974
1749267584,3.91600000,9.27000000,3.974
1749267584,3.91500000,7.36000000,3.974
1749267584,3.91400000,2.56000000,3.974
1749267584,3.91300000,9.40000000,3.974
1749267584,3.91200000,95.07000000,3.974
1749267584,3.91100000,1242.93000000,3.974
1749267584,3.91000000,50.06000000,3.974
1749267584,3.90900000,38.91000000,3.974
1749267584,3.90800000,2.56000000,3.974
1749267584,3.90700000,14.84000000,3.974
1749267584,3.90600000,2.56000000,3.974
1749267584,3.90500000,112.18000000,3.974
1749267584,3.90400000,470.99000000,3.974
1749267584,3.90300000,11.87000000,3.974
1749267584,3.90200000,9.41000000,3.974
1749267584,3.90100000,3980.49000000,3.974
1749267584,3.90000000,283.69000000,3.974
1749267584,3.89900000,21.76000000,3.974
1749267584,3.89800000,15.34000000,3.974
1749267584,3.89700000,1241.31000000,3.974
1749267584,3.89600000,3.32000000,3.974
1749267584,3.89500000,19.22000000,3.974
1749267584,3.89400000,7.64000000,3.974
1749267584,3.89300000,7.27000000,3.974
1749267584,3.89200000,134.73000000,3.974
1749267584,3.89100000,5.55000000,3.974
1749267584,3.89000000,205.49000000,3.974
1749267584,3.88900000,24.01000000,3.974
1749267584,3.88800000,9.89000000,3.974
1749267584,3.88600000,16.56000000,3.974
1749267584,3.88500000,5.51000000,3.974
1749267584,3.88400000,1618.34000000,3.974
1749267584,3.88300000,11.97000000,3.974
1749267584,3.88200000,480.09000000,3.974
1749267584,3.88100000,5.26000000,3.974
1749267584,3.88000000,12.52000000,3.974
1749267584,3.87900000,8.97000000,3.974
1749267584,3.87800000,1.55000000,3.974
1749267584,3.87700000,9.32000000,3.974
1749267584,3.87600000,5.15000000,3.974
1749267584,3.87500000,4.23000000,3.974
1749267584,3.87400000,4.99000000,3.974
1749267584,3.87300000,1.41000000,3.974
1749267886,3.97700000,683.20000000,3.978
1749267886,3.97600000,3789.90000000,3.978
1749267886,3.97500000,5497.73000000,3.978
1749267886,3.97400000,1215.71000000,3.978
1749267886,3.97300000,4839.47000000,3.978
