timestamp,price,volume,current_price
1749258232,3.92800000,2803.16000000,3.93
1749258232,3.92700000,4679.27000000,3.93
1749258232,3.92600000,4294.92000000,3.93
1749258232,3.92500000,10835.56000000,3.93
1749258232,3.92400000,13813.91000000,3.93
1749258232,3.92300000,6793.56000000,3.93
1749258232,3.92200000,8938.98000000,3.93
1749258232,3.92100000,13943.75000000,3.93
1749258232,3.92000000,2358.21000000,3.93
1749258232,3.91900000,2504.17000000,3.93
1749258232,3.91800000,2083.23000000,3.93
1749258232,3.91700000,2342.66000000,3.93
1749258232,3.91600000,9873.37000000,3.93
1749258232,3.91500000,1064.08000000,3.93
1749258232,3.91400000,7309.52000000,3.93
1749258232,3.91300000,175.48000000,3.93
1749258232,3.91200000,732.42000000,3.93
1749258232,3.91100000,169.54000000,3.93
1749258232,3.91000000,6737.06000000,3.93
1749258232,3.90900000,361.06000000,3.93
1749258232,3.90800000,878.97000000,3.93
1749258232,3.90700000,533.45000000,3.93
1749258232,3.90600000,567.86000000,3.93
1749258232,3.90500000,473.32000000,3.93
1749258232,3.90400000,8834.97000000,3.93
1749258232,3.90300000,221.00000000,3.93
1749258232,3.90200000,382.66000000,3.93
1749258232,3.90100000,220.93000000,3.93
1749258232,3.90000000,4515.29000000,3.93
1749258232,3.89900000,951.74000000,3.93
1749258232,3.89800000,375.77000000,3.93
1749258232,3.89700000,279.62000000,3.93
1749258232,3.89600000,419.24000000,3.93
1749258232,3.89500000,194.54000000,3.93
1749258232,3.89400000,466.29000000,3.93
1749258232,3.89300000,32.81000000,3.93
1749258232,3.89200000,421.58000000,3.93
1749258232,3.89100000,6389.02000000,3.93
1749258232,3.89000000,2077.07000000,3.93
1749258232,3.88900000,133.29000000,3.93
1749258232,3.88800000,239.11000000,3.93
1749258232,3.88700000,43.82000000,3.93
1749258232,3.88600000,1448.05000000,3.93
1749258232,3.88500000,10.02000000,3.93
1749258232,3.88400000,806.17000000,3.93
1749258232,3.88300000,10.39000000,3.93
1749258232,3.88200000,1468.47000000,3.93
1749258232,3.88100000,9.78000000,3.93
1749258232,3.88000000,210.05000000,3.93
1749258232,3.87900000,13.49000000,3.93
1749258232,3.87800000,29.87000000,3.93
1749258232,3.87700000,11.49000000,3.93
1749258232,3.87600000,7.73000000,3.93
1749258232,3.87500000,16.95000000,3.93
1749258232,3.87400000,14.45000000,3.93
1749258232,3.87300000,18.84000000,3.93
1749258232,3.87200000,19.11000000,3.93
1749258232,3.87100000,7.27000000,3.93
1749258232,3.87000000,54.31000000,3.93
1749258232,3.86900000,16.91000000,3.93
1749258232,3.86800000,10.20000000,3.93
1749258232,3.86700000,4.51000000,3.93
1749258232,3.86600000,262.34000000,3.93
1749258232,3.86500000,6.06000000,3.93
1749258232,3.86400000,21.32000000,3.93
1749258232,3.86300000,45.73000000,3.93
1749258232,3.86200000,10.17000000,3.93
1749258232,3.86100000,19.59000000,3.93
1749258232,3.86000000,405.86000000,3.93
1749258232,3.85900000,3878.76000000,3.93
1749258232,3.85800000,5.30000000,3.93
1749258232,3.85700000,19.17000000,3.93
1749258232,3.85600000,4.11000000,3.93
1749258232,3.85500000,56.95000000,3.93
1749258232,3.85400000,27.98000000,3.93
1749258232,3.85300000,8.59000000,3.93
1749258232,3.85200000,16.39000000,3.93
1749258232,3.85100000,1.36000000,3.93
1749258232,3.85000000,2674.75000000,3.93
1749258232,3.84900000,1.34000000,3.93
1749258232,3.84800000,3.44000000,3.93
1749258232,3.84700000,18.96000000,3.93
1749258232,3.84600000,10.63000000,3.93
1749258232,3.84500000,1.56000000,3.93
1749258232,3.84400000,10.29000000,3.93
1749258232,3.84200000,138.90000000,3.93
1749258232,3.84100000,14.02000000,3.93
1749258232,3.84000000,394.07000000,3.93
1749258232,3.83900000,25.74000000,3.93
1749258232,3.83800000,296.13000000,3.93
1749258232,3.83600000,4.34000000,3.93
1749258232,3.83400000,4.92000000,3.93
1749258232,3.83300000,6.78000000,3.93
1749258232,3.83200000,9.19000000,3.93
1749258232,3.83100000,24.08000000,3.93
1749258232,3.83000000,739.68000000,3.93
1749258232,3.82900000,1593.38000000,3.93
1749258232,3.82800000,236.47000000,3.93
1749258232,3.82700000,15.37000000,3.93
1749258232,3.82600000,12.98000000,3.93
1749258534,3.93000000,965.04000000,3.931
1749258534,3.92900000,4277.44000000,3.931
1749258534,3.92800000,4802.42000000,3.931
1749258534,3.92700000,9512.56000000,3.931
1749258534,3.92600000,9705.44000000,3.931
1749258534,3.92500000,9978.56000000,3.931
1749258534,3.92400000,12259.26000000,3.931
1749258534,3.92300000,12832.96000000,3.931
1749258534,3.92200000,8290.45000000,3.931
1749258534,3.92100000,4908.42000000,3.931
1749258534,3.92000000,2509.13000000,3.931
1749258534,3.91900000,345.68000000,3.931
1749258534,3.91800000,6337.50000000,3.931
1749258534,3.91700000,3741.59000000,3.931
1749258534,3.91600000,1151.97000000,3.931
1749258534,3.91500000,6851.72000000,3.931
1749258534,3.91400000,523.73000000,3.931
1749258534,3.91300000,175.48000000,3.931
1749258534,3.91200000,2265.38000000,3.931
1749258534,3.91100000,2242.72000000,3.931
1749258534,3.91000000,559.83000000,3.931
1749258534,3.90900000,354.73000000,3.931
1749258534,3.90800000,499.42000000,3.931
1749258534,3.90700000,533.45000000,3.931
1749258534,3.90600000,375.76000000,3.931
1749258534,3.90500000,285.09000000,3.931
1749258534,3.90400000,8834.97000000,3.931
1749258534,3.90300000,214.64000000,3.931
1749258534,3.90200000,382.66000000,3.931
1749258534,3.90100000,903.07000000,3.931
1749258534,3.90000000,4514.00000000,3.931
1749258534,3.89900000,269.25000000,3.931
1749258534,3.89800000,631.22000000,3.931
1749258534,3.89700000,279.62000000,3.931
1749258534,3.89600000,419.24000000,3.931
1749258534,3.89500000,6.46000000,3.931
1749258534,3.89400000,415.02000000,3.931
1749258534,3.89300000,7.17000000,3.931
1749258534,3.89200000,250.58000000,3.931
1749258534,3.89100000,6200.92000000,3.931
1749258534,3.89000000,1785.04000000,3.931
1749258534,3.88900000,78.65000000,3.931
1749258534,3.88800000,212.02000000,3.931
1749258534,3.88700000,43.82000000,3.931
1749258534,3.88600000,1448.05000000,3.931
1749258534,3.88500000,10.02000000,3.931
1749258534,3.88400000,552.24000000,3.931
1749258534,3.88300000,10.39000000,3.931
1749258534,3.88200000,1123.73000000,3.931
1749258534,3.88100000,9.78000000,3.931
1749258534,3.88000000,7.85000000,3.931
1749258534,3.87900000,13.49000000,3.931
1749258534,3.87800000,29.87000000,3.931
1749258534,3.87700000,11.49000000,3.931
1749258534,3.87600000,7.73000000,3.931
1749258534,3.87500000,16.95000000,3.931
1749258534,3.87400000,14.45000000,3.931
1749258534,3.87300000,18.84000000,3.931
1749258534,3.87200000,19.11000000,3.931
1749258534,3.87100000,7.27000000,3.931
1749258534,3.87000000,54.31000000,3.931
1749258534,3.86900000,16.91000000,3.931
1749258534,3.86800000,10.20000000,3.931
1749258534,3.86700000,4.51000000,3.931
1749258534,3.86600000,260.87000000,3.931
1749258534,3.86500000,6.06000000,3.931
1749258534,3.86400000,21.32000000,3.931
1749258534,3.86300000,14.69000000,3.931
1749258534,3.86200000,10.17000000,3.931
1749258534,3.86100000,19.59000000,3.931
1749258534,3.86000000,405.84000000,3.931
1749258534,3.85900000,3878.74000000,3.931
1749258534,3.85800000,11.72000000,3.931
1749258534,3.85700000,19.17000000,3.931
1749258534,3.85600000,4.11000000,3.931
1749258534,3.85500000,56.95000000,3.931
1749258534,3.85400000,25.43000000,3.931
1749258534,3.85300000,4.11000000,3.931
1749258534,3.85200000,143.79000000,3.931
1749258534,3.85100000,1.36000000,3.931
1749258534,3.85000000,2674.75000000,3.931
1749258534,3.84900000,1.34000000,3.931
1749258534,3.84800000,3.44000000,3.931
1749258534,3.84700000,18.96000000,3.931
1749258534,3.84600000,82.06000000,3.931
1749258534,3.84500000,1.56000000,3.931
1749258534,3.84400000,10.29000000,3.931
1749258534,3.84200000,3.00000000,3.931
1749258534,3.84100000,14.02000000,3.931
1749258534,3.84000000,394.07000000,3.931
1749258534,3.83900000,25.74000000,3.931
1749258534,3.83800000,296.13000000,3.931
1749258534,3.83600000,4.34000000,3.931
1749258534,3.83400000,4.92000000,3.931
1749258534,3.83300000,6.78000000,3.931
1749258534,3.83200000,9.19000000,3.931
1749258534,3.83100000,24.08000000,3.931
1749258534,3.83000000,739.68000000,3.931
1749258534,3.82900000,1593.38000000,3.931
1749258534,3.82800000,236.47000000,3.931
1749258849,3.93400000,2883.51000000,3.935
1749258849,3.93300000,3696.97000000,3.935
1749258849,3.93200000,4019.43000000,3.935
1749258849,3.93100000,4417.87000000,3.935
1749258849,3.93000000,7662.89000000,3.935
1749258849,3.92900000,8606.69000000,3.935
1749258849,3.92800000,8697.00000000,3.935
1749258849,3.92700000,18506.73000000,3.935
1749258849,3.92600000,8921.63000000,3.935
1749258849,3.92500000,727.30000000,3.935
1749258849,3.92400000,2029.45000000,3.935
1749258849,3.92300000,1041.44000000,3.935
1749258849,3.92200000,7979.92000000,3.935
1749258849,3.92100000,1593.22000000,3.935
1749258849,3.92000000,4053.15000000,3.935
1749258849,3.91900000,186.20000000,3.935
1749258849,3.91800000,1066.24000000,3.935
1749258849,3.91700000,812.56000000,3.935
1749258849,3.91600000,5696.31000000,3.935
1749258849,3.91500000,1803.47000000,3.935
1749258849,3.91400000,467.48000000,3.935
1749258849,3.91300000,6418.75000000,3.935
1749258849,3.91200000,914.96000000,3.935
1749258849,3.91100000,2432.11000000,3.935
1749258849,3.91000000,375.76000000,3.935
1749258849,3.90900000,354.73000000,3.935
1749258849,3.90800000,8346.69000000,3.935
1749258849,3.90700000,533.45000000,3.935
1749258849,3.90600000,1063.38000000,3.935
1749258849,3.90500000,285.09000000,3.935
1749258849,3.90400000,848.88000000,3.935
1749258849,3.90300000,214.64000000,3.935
1749258849,3.90200000,637.84000000,3.935
1749258849,3.90100000,220.93000000,3.935
1749258849,3.90000000,4520.36000000,3.935
1749258849,3.89900000,98.25000000,3.935
1749258849,3.89800000,375.77000000,3.935
1749258849,3.89700000,108.62000000,3.935
1749258849,3.89600000,6916.17000000,3.935
1749258849,3.89500000,13.27000000,3.935
1749258849,3.89400000,337.12000000,3.935
1749258849,3.89300000,84.09000000,3.935
1749258849,3.89200000,404.43000000,3.935
1749258849,3.89100000,4.50000000,3.935
1749258849,3.89000000,1531.23000000,3.935
1749258849,3.88900000,78.65000000,3.935
1749258849,3.88800000,218.38000000,3.935
1749258849,3.88700000,43.82000000,3.935
1749258849,3.88600000,204.78000000,3.935
1749258849,3.88500000,10.02000000,3.935
1749258849,3.88400000,204.78000000,3.935
1749258849,3.88300000,353.95000000,3.935
1749258849,3.88200000,1130.09000000,3.935
1749258849,3.88100000,9.78000000,3.935
1749258849,3.88000000,7.85000000,3.935
1749258849,3.87900000,13.49000000,3.935
1749258849,3.87800000,1275.70000000,3.935
1749258849,3.87700000,11.49000000,3.935
1749258849,3.87600000,3858.88000000,3.935
1749258849,3.87500000,16.95000000,3.935
1749258849,3.87400000,7.58000000,3.935
1749258849,3.87300000,18.84000000,3.935
1749258849,3.87200000,44.89000000,3.935
1749258849,3.87100000,7.27000000,3.935
1749258849,3.87000000,28.52000000,3.935
1749258849,3.86900000,16.91000000,3.935
1749258849,3.86800000,10.20000000,3.935
1749258849,3.86700000,4.51000000,3.935
1749258849,3.86600000,260.87000000,3.935
1749258849,3.86500000,6.06000000,3.935
1749258849,3.86400000,20.02000000,3.935
1749258849,3.86300000,14.69000000,3.935
1749258849,3.86200000,10.17000000,3.935
1749258849,3.86100000,19.59000000,3.935
1749258849,3.86000000,405.84000000,3.935
1749258849,3.85900000,37.22000000,3.935
1749258849,3.85800000,6.42000000,3.935
1749258849,3.85700000,16.62000000,3.935
1749258849,3.85600000,1.56000000,3.935
1749258849,3.85500000,54.40000000,3.935
1749258849,3.85400000,25.43000000,3.935
1749258849,3.85300000,4.11000000,3.935
1749258849,3.85200000,152.10000000,3.935
1749258849,3.85100000,1.36000000,3.935
1749258849,3.85000000,2674.75000000,3.935
1749258849,3.84900000,1.34000000,3.935
1749258849,3.84800000,3.44000000,3.935
1749258849,3.84700000,1617.28000000,3.935
1749258849,3.84600000,82.06000000,3.935
1749258849,3.84500000,1.56000000,3.935
1749258849,3.84400000,10.29000000,3.935
1749258849,3.84200000,3.00000000,3.935
1749258849,3.84100000,14.02000000,3.935
1749258849,3.84000000,394.07000000,3.935
1749258849,3.83900000,25.74000000,3.935
1749258849,3.83800000,296.13000000,3.935
1749258849,3.83600000,1.41000000,3.935
1749258849,3.83400000,4.92000000,3.935
1749258849,3.83300000,6.78000000,3.935
1749258849,3.83200000,9.19000000,3.935
1749259155,3.93100000,1234.75000000,3.932
1749259155,3.93000000,4340.08000000,3.932
1749259155,3.92900000,4831.67000000,3.932
1749259155,3.92800000,9025.52000000,3.932
1749259155,3.92700000,9914.32000000,3.932
1749259155,3.92600000,8959.72000000,3.932
1749259155,3.92500000,14179.84000000,3.932
1749259155,3.92400000,11483.36000000,3.932
1749259155,3.92300000,4844.85000000,3.932
1749259155,3.92200000,1351.70000000,3.932
1749259155,3.92100000,2172.74000000,3.932
1749259155,3.92000000,1259.67000000,3.932
1749259155,3.91900000,11087.30000000,3.932
1749259155,3.91800000,2731.33000000,3.932
1749259155,3.91700000,6258.24000000,3.932
1749259155,3.91600000,953.07000000,3.932
1749259155,3.91500000,1059.02000000,3.932
1749259155,3.91400000,6768.98000000,3.932
1749259155,3.91300000,177.40000000,3.932
1749259155,3.91200000,859.39000000,3.932
1749259155,3.91100000,2354.59000000,3.932
1749259155,3.91000000,377.17000000,3.932
1749259155,3.90900000,1614.04000000,3.932
1749259155,3.90800000,685.74000000,3.932
1749259155,3.90700000,1403.16000000,3.932
1749259155,3.90600000,382.12000000,3.932
1749259155,3.90500000,222.05000000,3.932
1749259155,3.90400000,848.88000000,3.932
1749259155,3.90300000,214.64000000,3.932
1749259155,3.90200000,8229.93000000,3.932
1749259155,3.90100000,314.31000000,3.932
1749259155,3.90000000,4520.36000000,3.932
1749259155,3.89900000,98.25000000,3.932
1749259155,3.89800000,375.77000000,3.932
1749259155,3.89700000,279.62000000,3.932
1749259155,3.89600000,6916.17000000,3.932
1749259155,3.89500000,76.47000000,3.932
1749259155,3.89400000,421.38000000,3.932
1749259155,3.89300000,7.17000000,3.932
1749259155,3.89200000,574.79000000,3.932
1749259155,3.89100000,55.81000000,3.932
1749259155,3.89000000,1565.44000000,3.932
1749259155,3.88900000,191.15000000,3.932
1749259155,3.88800000,219.80000000,3.932
1749259155,3.88700000,43.82000000,3.932
1749259155,3.88600000,204.78000000,3.932
1749259155,3.88500000,357.72000000,3.932
1749259155,3.88400000,204.78000000,3.932
1749259155,3.88300000,353.95000000,3.932
1749259155,3.88200000,1130.09000000,3.932
1749259155,3.88100000,9.78000000,3.932
1749259155,3.88000000,7.85000000,3.932
1749259155,3.87900000,13.49000000,3.932
1749259155,3.87800000,1275.70000000,3.932
1749259155,3.87700000,11.49000000,3.932
1749259155,3.87600000,3865.24000000,3.932
1749259155,3.87500000,16.95000000,3.932
1749259155,3.87400000,7.58000000,3.932
1749259155,3.87300000,18.84000000,3.932
1749259155,3.87200000,44.89000000,3.932
1749259155,3.87100000,7.27000000,3.932
1749259155,3.87000000,28.52000000,3.932
1749259155,3.86900000,16.91000000,3.932
1749259155,3.86800000,10.20000000,3.932
1749259155,3.86700000,4.51000000,3.932
1749259155,3.86600000,260.87000000,3.932
1749259155,3.86500000,6.06000000,3.932
1749259155,3.86400000,21.32000000,3.932
1749259155,3.86300000,14.69000000,3.932
1749259155,3.86200000,10.17000000,3.932
1749259155,3.86100000,19.59000000,3.932
1749259155,3.86000000,405.84000000,3.932
1749259155,3.85900000,37.22000000,3.932
1749259155,3.85800000,8.97000000,3.932
1749259155,3.85700000,19.17000000,3.932
1749259155,3.85600000,4.11000000,3.932
1749259155,3.85500000,54.40000000,3.932
1749259155,3.85400000,25.43000000,3.932
1749259155,3.85300000,4.11000000,3.932
1749259155,3.85200000,16.39000000,3.932
1749259155,3.85100000,126.54000000,3.932
1749259155,3.85000000,2674.75000000,3.932
1749259155,3.84900000,1.34000000,3.932
1749259155,3.84800000,3.44000000,3.932
1749259155,3.84700000,1617.28000000,3.932
1749259155,3.84600000,82.06000000,3.932
1749259155,3.84500000,1.56000000,3.932
1749259155,3.84400000,10.29000000,3.932
1749259155,3.84200000,3.00000000,3.932
1749259155,3.84100000,14.02000000,3.932
1749259155,3.84000000,394.07000000,3.932
1749259155,3.83900000,25.74000000,3.932
1749259155,3.83800000,296.13000000,3.932
1749259155,3.83600000,1.41000000,3.932
1749259155,3.83400000,4.92000000,3.932
1749259155,3.83300000,6.78000000,3.932
1749259155,3.83200000,9.19000000,3.932
1749259155,3.83100000,24.08000000,3.932
1749259155,3.83000000,739.68000000,3.932
1749259155,3.82900000,28.98000000,3.932
