timestamp,price,volume,current_price
1749258392,0.53400000,415.90000000,0.5341
1749258392,0.53390000,2032.94000000,0.5341
1749258392,0.53380000,3230.76000000,0.5341
1749258392,0.53370000,2536.85000000,0.5341
1749258392,0.53360000,3701.62000000,0.5341
1749258392,0.53350000,1606.06000000,0.5341
1749258392,0.53340000,4856.52000000,0.5341
1749258392,0.53330000,10878.11000000,0.5341
1749258392,0.53320000,9317.51000000,0.5341
1749258392,0.53310000,4632.51000000,0.5341
1749258392,0.53300000,14839.43000000,0.5341
1749258392,0.53290000,5854.68000000,0.5341
1749258392,0.53280000,4132.03000000,0.5341
1749258392,0.53270000,3650.02000000,0.5341
1749258392,0.53260000,11831.18000000,0.5341
1749258392,0.53250000,23547.32000000,0.5341
1749258392,0.53240000,5939.41000000,0.5341
1749258392,0.53230000,48752.39000000,0.5341
1749258392,0.53220000,6109.89000000,0.5341
1749258392,0.53210000,2181.43000000,0.5341
1749258392,0.53200000,1289.47000000,0.5341
1749258392,0.53190000,1808.29000000,0.5341
1749258392,0.53180000,5177.97000000,0.5341
1749258392,0.53170000,459.80000000,0.5341
1749258392,0.53160000,2289.14000000,0.5341
1749258392,0.53150000,4718.41000000,0.5341
1749258392,0.53140000,2576.83000000,0.5341
1749258392,0.53130000,1581.96000000,0.5341
1749258392,0.53120000,506.84000000,0.5341
1749258392,0.53110000,18674.67000000,0.5341
1749258392,0.53100000,83090.91000000,0.5341
1749258392,0.53090000,2008.85000000,0.5341
1749258392,0.53080000,4159.09000000,0.5341
1749258392,0.53070000,32.97000000,0.5341
1749258392,0.53060000,125371.96000000,0.5341
1749258392,0.53050000,459.84000000,0.5341
1749258392,0.53040000,2339.25000000,0.5341
1749258392,0.53030000,6719.04000000,0.5341
1749258392,0.53020000,171385.42000000,0.5341
1749258392,0.53010000,9391.19000000,0.5341
1749258392,0.53000000,2062.56000000,0.5341
1749258392,0.52990000,2008.90000000,0.5341
1749258392,0.52980000,474.02000000,0.5341
1749258392,0.52970000,459.87000000,0.5341
1749258392,0.52960000,13369.44000000,0.5341
1749258392,0.52950000,2023.08000000,0.5341
1749258392,0.52940000,18.88000000,0.5341
1749258392,0.52930000,70001.10000000,0.5341
1749258392,0.52920000,1582.10000000,0.5341
1749258392,0.52910000,18.89000000,0.5341
1749258392,0.52900000,41306.25000000,0.5341
1749258392,0.52890000,1582.14000000,0.5341
1749258392,0.52880000,18.92000000,0.5341
1749258392,0.52870000,18.92000000,0.5341
1749258392,0.52860000,3787.05000000,0.5341
1749258392,0.52850000,18.92000000,0.5341
1749258392,0.52840000,489.31000000,0.5341
1749258392,0.52830000,3304.41000000,0.5341
1749258392,0.52820000,306.25000000,0.5341
1749258392,0.52810000,18.89000000,0.5341
1749258392,0.52800000,3341.04000000,0.5341
1749258392,0.52790000,300.13000000,0.5341
1749258392,0.52780000,18.94000000,0.5341
1749258392,0.52770000,1582.19000000,0.5341
1749258392,0.52760000,18.95000000,0.5341
1749258392,0.52750000,18.95000000,0.5341
1749258392,0.52740000,4613.12000000,0.5341
1749258392,0.52730000,18.96000000,0.5341
1749258392,0.52720000,3051.02000000,0.5341
1749258392,0.52710000,65093.31000000,0.5341
1749258392,0.52700000,1568.00000000,0.5341
1749258392,0.52690000,18.97000000,0.5341
1749258392,0.52680000,33.21000000,0.5341
1749258392,0.52670000,1568.02000000,0.5341
1749258392,0.52660000,18.98000000,0.5341
1749258392,0.52650000,33.23000000,0.5341
1749258392,0.52640000,1549.04000000,0.5341
1749258392,0.52620000,14.25000000,0.5341
1749258392,0.52610000,244.60000000,0.5341
1749258392,0.52590000,1563.28000000,0.5341
1749258392,0.52560000,1563.28000000,0.5341
1749258392,0.52550000,475.24000000,0.5341
1749258392,0.52530000,1563.31000000,0.5341
1749258392,0.52520000,2220.58000000,0.5341
1749258392,0.52510000,513.00000000,0.5341
1749258392,0.52500000,1656.72000000,0.5341
1749258392,0.52470000,1563.33000000,0.5341
1749258392,0.52450000,82050.36000000,0.5341
1749258392,0.52440000,1563.33000000,0.5341
1749258392,0.52410000,1563.34000000,0.5341
1749258392,0.52380000,14.31000000,0.5341
1749258392,0.52350000,14.32000000,0.5341
1749258392,0.52340000,10.00000000,0.5341
1749258392,0.52320000,45.72000000,0.5341
1749258392,0.52310000,86608.71000000,0.5341
1749258392,0.52290000,14.34000000,0.5341
1749258392,0.52280000,776.58000000,0.5341
1749258392,0.52260000,14.35000000,0.5341
1749258392,0.52230000,14.35000000,0.5341
1749258392,0.52220000,519.25000000,0.5341
1749258708,0.53340000,856.90000000,0.5334
1749258708,0.53330000,2683.63000000,0.5334
1749258708,0.53320000,4023.54000000,0.5334
1749258708,0.53310000,1845.97000000,0.5334
1749258708,0.53300000,2088.11000000,0.5334
1749258708,0.53290000,2851.49000000,0.5334
1749258708,0.53280000,2691.51000000,0.5334
1749258708,0.53270000,2259.52000000,0.5334
1749258708,0.53260000,4342.50000000,0.5334
1749258708,0.53250000,1991.01000000,0.5334
1749258708,0.53240000,2766.86000000,0.5334
1749258708,0.53230000,5634.00000000,0.5334
1749258708,0.53220000,13022.03000000,0.5334
1749258708,0.53210000,13820.43000000,0.5334
1749258708,0.53200000,3674.07000000,0.5334
1749258708,0.53190000,11982.52000000,0.5334
1749258708,0.53180000,21319.13000000,0.5334
1749258708,0.53170000,4034.39000000,0.5334
1749258708,0.53160000,45294.08000000,0.5334
1749258708,0.53150000,2760.12000000,0.5334
1749258708,0.53140000,25492.37000000,0.5334
1749258708,0.53130000,93032.74000000,0.5334
1749258708,0.53120000,506.71000000,0.5334
1749258708,0.53110000,5162.65000000,0.5334
1749258708,0.53100000,473.93000000,0.5334
1749258708,0.53090000,128429.16000000,0.5334
1749258708,0.53080000,4112.07000000,0.5334
1749258708,0.53070000,32.97000000,0.5334
1749258708,0.53060000,2008.88000000,0.5334
1749258708,0.53050000,165473.93000000,0.5334
1749258708,0.53040000,2339.03000000,0.5334
1749258708,0.53030000,2008.89000000,0.5334
1749258708,0.53020000,9369.92000000,0.5334
1749258708,0.53010000,42704.30000000,0.5334
1749258708,0.53000000,5173.09000000,0.5334
1749258708,0.52990000,2008.90000000,0.5334
1749258708,0.52980000,474.02000000,0.5334
1749258708,0.52970000,2016.44000000,0.5334
1749258708,0.52960000,77498.40000000,0.5334
1749258708,0.52950000,2023.08000000,0.5334
1749258708,0.52940000,459.88000000,0.5334
1749258708,0.52930000,18.89000000,0.5334
1749258708,0.52920000,2023.10000000,0.5334
1749258708,0.52910000,18.89000000,0.5334
1749258708,0.52900000,4740.28000000,0.5334
1749258708,0.52890000,2023.14000000,0.5334
1749258708,0.52880000,65.81000000,0.5334
1749258708,0.52870000,18.92000000,0.5334
1749258708,0.52860000,3787.05000000,0.5334
1749258708,0.52850000,18.92000000,0.5334
1749258708,0.52840000,18.92000000,0.5334
1749258708,0.52830000,1592.14000000,0.5334
1749258708,0.52820000,18.93000000,0.5334
1749258708,0.52810000,18.89000000,0.5334
1749258708,0.52800000,65669.92000000,0.5334
1749258708,0.52790000,111.95000000,0.5334
1749258708,0.52780000,18.94000000,0.5334
1749258708,0.52770000,4611.37000000,0.5334
1749258708,0.52760000,29.06000000,0.5334
1749258708,0.52750000,18.95000000,0.5334
1749258708,0.52740000,1582.21000000,0.5334
1749258708,0.52730000,18.96000000,0.5334
1749258708,0.52720000,309.95000000,0.5334
1749258708,0.52710000,33.18000000,0.5334
1749258708,0.52700000,1568.00000000,0.5334
1749258708,0.52690000,85820.03000000,0.5334
1749258708,0.52680000,32.94000000,0.5334
1749258708,0.52670000,1567.75000000,0.5334
1749258708,0.52660000,3054.22000000,0.5334
1749258708,0.52650000,32.95000000,0.5334
1749258708,0.52640000,1614.65000000,0.5334
1749258708,0.52630000,18.72000000,0.5334
1749258708,0.52620000,32.98000000,0.5334
1749258708,0.52610000,18.73000000,0.5334
1749258708,0.52600000,504.53000000,0.5334
1749258708,0.52590000,1582.01000000,0.5334
1749258708,0.52560000,1610.17000000,0.5334
1749258708,0.52550000,475.24000000,0.5334
1749258708,0.52530000,1563.31000000,0.5334
1749258708,0.52520000,2220.58000000,0.5334
1749258708,0.52510000,1927.48000000,0.5334
1749258708,0.52500000,1563.32000000,0.5334
1749258708,0.52480000,46.89000000,0.5334
1749258708,0.52470000,1563.33000000,0.5334
1749258708,0.52440000,1563.33000000,0.5334
1749258708,0.52430000,83576.86000000,0.5334
1749258708,0.52410000,14.30000000,0.5334
1749258708,0.52380000,14.31000000,0.5334
1749258708,0.52350000,14.32000000,0.5334
1749258708,0.52340000,10.00000000,0.5334
1749258708,0.52320000,45.72000000,0.5334
1749258708,0.52290000,14.34000000,0.5334
1749258708,0.52280000,776.58000000,0.5334
1749258708,0.52260000,14.35000000,0.5334
1749258708,0.52230000,14.35000000,0.5334
1749258708,0.52210000,57.45000000,0.5334
1749258708,0.52160000,129727.02000000,0.5334
1749258708,0.52100000,274.99000000,0.5334
1749258708,0.52070000,10.32000000,0.5334
1749258708,0.52000000,5339.90000000,0.5334
1749259010,0.53260000,1538.37000000,0.5327
1749259010,0.53250000,1999.26000000,0.5327
1749259010,0.53240000,4021.10000000,0.5327
1749259010,0.53230000,4966.24000000,0.5327
1749259010,0.53220000,1455.14000000,0.5327
1749259010,0.53210000,7604.37000000,0.5327
1749259010,0.53200000,12688.58000000,0.5327
1749259010,0.53190000,31049.43000000,0.5327
1749259010,0.53180000,36140.02000000,0.5327
1749259010,0.53170000,129963.21000000,0.5327
1749259010,0.53160000,6157.10000000,0.5327
1749259010,0.53150000,127168.53000000,0.5327
1749259010,0.53140000,3805.27000000,0.5327
1749259010,0.53130000,3689.96000000,0.5327
1749259010,0.53120000,8971.48000000,0.5327
1749259010,0.53110000,459.81000000,0.5327
1749259010,0.53100000,1694.23000000,0.5327
1749259010,0.53090000,2122.59000000,0.5327
1749259010,0.53080000,5279.89000000,0.5327
1749259010,0.53070000,12851.65000000,0.5327
1749259010,0.53060000,2008.88000000,0.5327
1749259010,0.53050000,165473.93000000,0.5327
1749259010,0.53040000,2339.03000000,0.5327
1749259010,0.53030000,2008.89000000,0.5327
1749259010,0.53020000,459.85000000,0.5327
1749259010,0.53010000,42704.30000000,0.5327
1749259010,0.53000000,2015.81000000,0.5327
1749259010,0.52990000,10918.77000000,0.5327
1749259010,0.52980000,474.02000000,0.5327
1749259010,0.52970000,4734.37000000,0.5327
1749259010,0.52960000,64199.86000000,0.5327
1749259010,0.52950000,2023.08000000,0.5327
1749259010,0.52940000,18.88000000,0.5327
1749259010,0.52930000,459.89000000,0.5327
1749259010,0.52920000,2023.10000000,0.5327
1749259010,0.52910000,18.89000000,0.5327
1749259010,0.52900000,18.90000000,0.5327
1749259010,0.52890000,2023.14000000,0.5327
1749259010,0.52880000,65.81000000,0.5327
1749259010,0.52870000,5184.54000000,0.5327
1749259010,0.52860000,4228.05000000,0.5327
1749259010,0.52850000,18.92000000,0.5327
1749259010,0.52840000,18.92000000,0.5327
1749259010,0.52830000,2033.14000000,0.5327
1749259010,0.52820000,18.93000000,0.5327
1749259010,0.52810000,18.89000000,0.5327
1749259010,0.52800000,65669.92000000,0.5327
1749259010,0.52790000,552.95000000,0.5327
1749259010,0.52780000,745.91000000,0.5327
1749259010,0.52770000,4895.09000000,0.5327
1749259010,0.52760000,3058.82000000,0.5327
1749259010,0.52750000,18.95000000,0.5327
1749259010,0.52740000,1582.21000000,0.5327
1749259010,0.52730000,18.96000000,0.5327
1749259010,0.52720000,309.95000000,0.5327
1749259010,0.52710000,33.18000000,0.5327
1749259010,0.52700000,1567.74000000,0.5327
1749259010,0.52690000,85819.76000000,0.5327
1749259010,0.52680000,32.93000000,0.5327
1749259010,0.52670000,1567.75000000,0.5327
1749259010,0.52660000,18.71000000,0.5327
1749259010,0.52650000,32.96000000,0.5327
1749259010,0.52640000,1614.65000000,0.5327
1749259010,0.52630000,18.72000000,0.5327
1749259010,0.52620000,32.98000000,0.5327
1749259010,0.52610000,18.73000000,0.5327
1749259010,0.52600000,18.73000000,0.5327
1749259010,0.52590000,1582.02000000,0.5327
1749259010,0.52580000,18.74000000,0.5327
1749259010,0.52570000,504.68000000,0.5327
1749259010,0.52560000,1628.92000000,0.5327
1749259010,0.52550000,493.99000000,0.5327
1749259010,0.52540000,18.76000000,0.5327
1749259010,0.52530000,1582.07000000,0.5327
1749259010,0.52520000,2239.34000000,0.5327
1749259010,0.52510000,1946.25000000,0.5327
1749259010,0.52500000,1563.32000000,0.5327
1749259010,0.52480000,46.89000000,0.5327
1749259010,0.52470000,1563.33000000,0.5327
1749259010,0.52440000,14.29000000,0.5327
1749259010,0.52430000,83576.86000000,0.5327
1749259010,0.52410000,14.30000000,0.5327
1749259010,0.52380000,14.31000000,0.5327
1749259010,0.52350000,14.32000000,0.5327
1749259010,0.52340000,10.00000000,0.5327
1749259010,0.52320000,45.72000000,0.5327
1749259010,0.52290000,14.34000000,0.5327
1749259010,0.52280000,776.58000000,0.5327
1749259010,0.52260000,14.35000000,0.5327
1749259010,0.52230000,14.35000000,0.5327
1749259010,0.52210000,57.45000000,0.5327
1749259010,0.52160000,130251.30000000,0.5327
1749259010,0.52150000,522.58000000,0.5327
1749259010,0.52100000,274.99000000,0.5327
1749259010,0.52070000,10.32000000,0.5327
1749259010,0.52000000,5339.90000000,0.5327
1749259010,0.51950000,251.01000000,0.5327
1749259010,0.51930000,10.41000000,0.5327
1749259010,0.51890000,15.63000000,0.5327
1749259010,0.51860000,10.00000000,0.5327
