timestamp,price,volume,current_price
1749260776,0.53050000,141.20000000,0.5305
1749260776,0.53040000,353.59000000,0.5305
1749260776,0.53030000,1924.48000000,0.5305
1749260776,0.53020000,1373.51000000,0.5305
1749260776,0.53010000,1793.87000000,0.5305
1749260776,0.53000000,4064.69000000,0.5305
1749260776,0.52990000,6407.88000000,0.5305
1749260776,0.52980000,24869.40000000,0.5305
1749260776,0.52970000,7889.76000000,0.5305
1749260776,0.52960000,1945.86000000,0.5305
1749260776,0.52950000,45080.14000000,0.5305
1749260776,0.52940000,5156.05000000,0.5305
1749260776,0.52930000,768.60000000,0.5305
1749260776,0.52920000,7434.09000000,0.5305
1749260776,0.52910000,2265.09000000,0.5305
1749260776,0.52900000,2362.12000000,0.5305
1749260776,0.52890000,2463.31000000,0.5305
1749260776,0.52880000,9225.94000000,0.5305
1749260776,0.52870000,1419.07000000,0.5305
1749260776,0.52860000,960.33000000,0.5305
1749260776,0.52850000,18878.56000000,0.5305
1749260776,0.52840000,7266.45000000,0.5305
1749260776,0.52830000,83695.74000000,0.5305
1749260776,0.52820000,459.89000000,0.5305
1749260776,0.52810000,14935.06000000,0.5305
1749260776,0.52800000,1555.63000000,0.5305
1749260776,0.52790000,130956.54000000,0.5305
1749260776,0.52780000,2008.98000000,0.5305
1749260776,0.52770000,474.15000000,0.5305
1749260776,0.52760000,9421.66000000,0.5305
1749260776,0.52750000,175171.30000000,0.5305
1749260776,0.52740000,33.17000000,0.5305
1749260776,0.52730000,6319.28000000,0.5305
1749260776,0.52720000,872.31000000,0.5305
1749260776,0.52710000,41769.98000000,0.5305
1749260776,0.52700000,2514.17000000,0.5305
1749260776,0.52690000,18.70000000,0.5305
1749260776,0.52680000,32.93000000,0.5305
1749260776,0.52670000,2514.00000000,0.5305
1749260776,0.52660000,64810.62000000,0.5305
1749260776,0.52650000,32.96000000,0.5305
1749260776,0.52640000,1567.76000000,0.5305
1749260776,0.52630000,5711.24000000,0.5305
1749260776,0.52620000,32.98000000,0.5305
1749260776,0.52610000,18.73000000,0.5305
1749260776,0.52600000,18.73000000,0.5305
1749260776,0.52590000,1582.01000000,0.5305
1749260776,0.52580000,18.74000000,0.5305
1749260776,0.52570000,1750.23000000,0.5305
1749260776,0.52560000,1582.03000000,0.5305
1749260776,0.52550000,18.75000000,0.5305
1749260776,0.52540000,18.76000000,0.5305
1749260776,0.52530000,1582.07000000,0.5305
1749260776,0.52520000,18.76000000,0.5305
1749260776,0.52510000,991.17000000,0.5305
1749260776,0.52500000,65107.27000000,0.5305
1749260776,0.52490000,18.77000000,0.5305
1749260776,0.52480000,29.34000000,0.5305
1749260776,0.52470000,1582.10000000,0.5305
1749260776,0.52460000,3065.86000000,0.5305
1749260776,0.52450000,18.79000000,0.5305
1749260776,0.52440000,2142.91000000,0.5305
1749260776,0.52430000,18.79000000,0.5305
1749260776,0.52420000,18.80000000,0.5305
1749260776,0.52410000,33.10000000,0.5305
1749260776,0.52400000,18.80000000,0.5305
1749260776,0.52390000,84174.98000000,0.5305
1749260776,0.52380000,1582.16000000,0.5305
1749260776,0.52370000,18.82000000,0.5305
1749260776,0.52360000,18.82000000,0.5305
1749260776,0.52350000,33.15000000,0.5305
1749260776,0.52340000,28.83000000,0.5305
1749260776,0.52330000,507.19000000,0.5305
1749260776,0.52320000,64.55000000,0.5305
1749260776,0.52310000,18.84000000,0.5305
1749260776,0.52300000,18.84000000,0.5305
1749260776,0.52290000,14.34000000,0.5305
1749260776,0.52280000,776.58000000,0.5305
1749260776,0.52260000,106.62000000,0.5305
1749260776,0.52230000,14.35000000,0.5305
1749260776,0.52220000,93.87000000,0.5305
1749260776,0.52180000,80.26000000,0.5305
1749260776,0.52160000,2409.48000000,0.5305
1749260776,0.52130000,82743.84000000,0.5305
1749260776,0.52100000,274.99000000,0.5305
1749260776,0.52070000,10.32000000,0.5305
1749260776,0.52000000,4950.66000000,0.5305
1749260776,0.51980000,57.70000000,0.5305
1749260776,0.51960000,3076.41000000,0.5305
1749260776,0.51950000,251.01000000,0.5305
1749260776,0.51930000,10.41000000,0.5305
1749260776,0.51900000,1036.03000000,0.5305
1749260776,0.51890000,15.63000000,0.5305
1749260776,0.51860000,126586.76000000,0.5305
1749260776,0.51840000,10.61000000,0.5305
1749260776,0.51800000,84.61000000,0.5305
1749260776,0.51790000,2744.22000000,0.5305
1749260776,0.51730000,31.76000000,0.5305
1749260776,0.51690000,11.64000000,0.5305
1749260776,0.51640000,65.20000000,0.5305
1749261097,0.53020000,18.85000000,0.5302
1749261097,0.53010000,280.85000000,0.5302
1749261097,0.53000000,2367.42000000,0.5302
1749261097,0.52990000,2121.35000000,0.5302
1749261097,0.52980000,2433.09000000,0.5302
1749261097,0.52970000,2077.90000000,0.5302
1749261097,0.52960000,1684.32000000,0.5302
1749261097,0.52950000,2556.40000000,0.5302
1749261097,0.52940000,5354.89000000,0.5302
1749261097,0.52930000,5662.12000000,0.5302
1749261097,0.52920000,3968.42000000,0.5302
1749261097,0.52910000,7681.99000000,0.5302
1749261097,0.52900000,16721.92000000,0.5302
1749261097,0.52890000,26862.76000000,0.5302
1749261097,0.52880000,30709.92000000,0.5302
1749261097,0.52870000,2589.66000000,0.5302
1749261097,0.52860000,129903.17000000,0.5302
1749261097,0.52850000,1515.04000000,0.5302
1749261097,0.52840000,148058.02000000,0.5302
1749261097,0.52830000,180020.59000000,0.5302
1749261097,0.52820000,2265.19000000,0.5302
1749261097,0.52810000,2420.62000000,0.5302
1749261097,0.52800000,41765.12000000,0.5302
1749261097,0.52790000,2136.23000000,0.5302
1749261097,0.52780000,2122.09000000,0.5302
1749261097,0.52770000,5207.45000000,0.5302
1749261097,0.52760000,470.06000000,0.5302
1749261097,0.52750000,2008.99000000,0.5302
1749261097,0.52740000,2199.89000000,0.5302
1749261097,0.52730000,459.96000000,0.5302
1749261097,0.52720000,18.96000000,0.5302
1749261097,0.52710000,8988.72000000,0.5302
1749261097,0.52700000,2008.74000000,0.5302
1749261097,0.52690000,2211.61000000,0.5302
1749261097,0.52680000,5215.91000000,0.5302
1749261097,0.52670000,2008.75000000,0.5302
1749261097,0.52660000,63057.61000000,0.5302
1749261097,0.52650000,473.96000000,0.5302
1749261097,0.52640000,1567.76000000,0.5302
1749261097,0.52630000,459.72000000,0.5302
1749261097,0.52620000,43.52000000,0.5302
1749261097,0.52610000,18.73000000,0.5302
1749261097,0.52600000,18.73000000,0.5302
1749261097,0.52590000,1582.01000000,0.5302
1749261097,0.52580000,18.74000000,0.5302
1749261097,0.52570000,3059.45000000,0.5302
1749261097,0.52560000,6334.37000000,0.5302
1749261097,0.52550000,18.75000000,0.5302
1749261097,0.52540000,18.76000000,0.5302
1749261097,0.52530000,1582.07000000,0.5302
1749261097,0.52520000,18.76000000,0.5302
1749261097,0.52510000,45.19000000,0.5302
1749261097,0.52500000,65107.27000000,0.5302
1749261097,0.52490000,18.77000000,0.5302
1749261097,0.52480000,18.77000000,0.5302
1749261097,0.52470000,1582.10000000,0.5302
1749261097,0.52460000,18.78000000,0.5302
1749261097,0.52450000,18.79000000,0.5302
1749261097,0.52440000,1862.46000000,0.5302
1749261097,0.52430000,545.39000000,0.5302
1749261097,0.52420000,18.79000000,0.5302
1749261097,0.52410000,33.10000000,0.5302
1749261097,0.52400000,18.80000000,0.5302
1749261097,0.52390000,84174.98000000,0.5302
1749261097,0.52380000,1582.16000000,0.5302
1749261097,0.52370000,18.82000000,0.5302
1749261097,0.52360000,18.82000000,0.5302
1749261097,0.52350000,33.14000000,0.5302
1749261097,0.52340000,28.83000000,0.5302
1749261097,0.52330000,18.83000000,0.5302
1749261097,0.52320000,64.55000000,0.5302
1749261097,0.52310000,1911.40000000,0.5302
1749261097,0.52300000,507.39000000,0.5302
1749261097,0.52290000,33.18000000,0.5302
1749261097,0.52280000,795.42000000,0.5302
1749261097,0.52270000,18.85000000,0.5302
1749261097,0.52260000,14.35000000,0.5302
1749261097,0.52250000,80.15000000,0.5302
1749261097,0.52230000,14.35000000,0.5302
1749261097,0.52220000,93.87000000,0.5302
1749261097,0.52160000,511.48000000,0.5302
1749261097,0.52150000,3065.20000000,0.5302
1749261097,0.52130000,82743.84000000,0.5302
1749261097,0.52100000,274.99000000,0.5302
1749261097,0.52070000,10.32000000,0.5302
1749261097,0.52000000,4950.66000000,0.5302
1749261097,0.51980000,57.70000000,0.5302
1749261097,0.51950000,251.01000000,0.5302
1749261097,0.51930000,10.41000000,0.5302
1749261097,0.51900000,1036.03000000,0.5302
1749261097,0.51890000,15.63000000,0.5302
1749261097,0.51860000,126586.76000000,0.5302
1749261097,0.51840000,10.61000000,0.5302
1749261097,0.51800000,84.61000000,0.5302
1749261097,0.51790000,2744.22000000,0.5302
1749261097,0.51730000,31.76000000,0.5302
1749261097,0.51690000,11.64000000,0.5302
1749261097,0.51640000,65.20000000,0.5302
1749261097,0.51510000,71.83000000,0.5302
1749261097,0.51500000,1009.66000000,0.5302
1749261410,0.53080000,1957.36000000,0.531
1749261410,0.53070000,2007.61000000,0.531
1749261410,0.53060000,2732.51000000,0.531
1749261410,0.53050000,3232.64000000,0.531
1749261410,0.53040000,7686.06000000,0.531
1749261410,0.53030000,9041.08000000,0.531
1749261410,0.53020000,7823.71000000,0.531
1749261410,0.53010000,5866.75000000,0.531
1749261410,0.53000000,23236.24000000,0.531
1749261410,0.52990000,1892.63000000,0.531
1749261410,0.52980000,14234.89000000,0.531
1749261410,0.52970000,922.97000000,0.531
1749261410,0.52960000,2498.42000000,0.531
1749261410,0.52950000,8173.34000000,0.531
1749261410,0.52940000,48334.97000000,0.531
1749261410,0.52930000,26974.22000000,0.531
1749261410,0.52920000,2037.24000000,0.531
1749261410,0.52910000,1855.70000000,0.531
1749261410,0.52900000,83695.71000000,0.531
1749261410,0.52890000,2463.28000000,0.531
1749261410,0.52880000,8064.45000000,0.531
1749261410,0.52870000,876.81000000,0.531
1749261410,0.52860000,5199.35000000,0.531
1749261410,0.52850000,459.91000000,0.531
1749261410,0.52840000,145535.24000000,0.531
1749261410,0.52830000,173749.84000000,0.531
1749261410,0.52820000,459.89000000,0.531
1749261410,0.52810000,3981.29000000,0.531
1749261410,0.52800000,41765.12000000,0.531
1749261410,0.52790000,459.93000000,0.531
1749261410,0.52780000,2008.98000000,0.531
1749261410,0.52770000,474.15000000,0.531
1749261410,0.52760000,470.06000000,0.531
1749261410,0.52750000,11377.42000000,0.531
1749261410,0.52740000,1758.89000000,0.531
1749261410,0.52730000,4756.28000000,0.531
1749261410,0.52720000,18.96000000,0.531
1749261410,0.52710000,33.18000000,0.531
1749261410,0.52700000,1567.74000000,0.531
1749261410,0.52690000,1770.61000000,0.531
1749261410,0.52680000,32.93000000,0.531
1749261410,0.52670000,1567.75000000,0.531
1749261410,0.52660000,63057.61000000,0.531
1749261410,0.52650000,32.96000000,0.531
1749261410,0.52640000,1567.76000000,0.531
1749261410,0.52630000,4764.52000000,0.531
1749261410,0.52620000,43.52000000,0.531
1749261410,0.52610000,18.73000000,0.531
1749261410,0.52600000,18.73000000,0.531
1749261410,0.52590000,1582.01000000,0.531
1749261410,0.52580000,18.74000000,0.531
1749261410,0.52570000,18.74000000,0.531
1749261410,0.52560000,1582.03000000,0.531
1749261410,0.52550000,18.75000000,0.531
1749261410,0.52540000,18.76000000,0.531
1749261410,0.52530000,1582.07000000,0.531
1749261410,0.52520000,18.76000000,0.531
1749261410,0.52510000,45.19000000,0.531
1749261410,0.52500000,65107.27000000,0.531
1749261410,0.52490000,18.77000000,0.531
1749261410,0.52480000,18.77000000,0.531
1749261410,0.52470000,1582.10000000,0.531
1749261410,0.52460000,3065.86000000,0.531
1749261410,0.52450000,18.79000000,0.531
1749261410,0.52440000,1862.46000000,0.531
1749261410,0.52430000,550.04000000,0.531
1749261410,0.52420000,18.79000000,0.531
1749261410,0.52410000,33.10000000,0.531
1749261410,0.52400000,18.80000000,0.531
1749261410,0.52390000,84174.98000000,0.531
1749261410,0.52380000,1582.16000000,0.531
1749261410,0.52370000,18.82000000,0.531
1749261410,0.52360000,18.82000000,0.531
1749261410,0.52350000,33.14000000,0.531
1749261410,0.52340000,28.83000000,0.531
1749261410,0.52330000,601.04000000,0.531
1749261410,0.52320000,45.72000000,0.531
1749261410,0.52310000,1892.56000000,0.531
1749261410,0.52290000,14.34000000,0.531
1749261410,0.52280000,776.58000000,0.531
1749261410,0.52260000,14.35000000,0.531
1749261410,0.52230000,14.35000000,0.531
1749261410,0.52140000,3065.79000000,0.531
1749261410,0.52130000,82743.84000000,0.531
1749261410,0.52100000,274.99000000,0.531
1749261410,0.52070000,10.32000000,0.531
1749261410,0.52000000,4950.66000000,0.531
1749261410,0.51980000,57.70000000,0.531
1749261410,0.51950000,251.01000000,0.531
1749261410,0.51930000,10.41000000,0.531
1749261410,0.51900000,1036.03000000,0.531
1749261410,0.51890000,15.63000000,0.531
1749261410,0.51860000,126586.76000000,0.531
1749261410,0.51840000,10.61000000,0.531
1749261410,0.51800000,84.61000000,0.531
1749261410,0.51790000,2744.22000000,0.531
1749261410,0.51730000,31.76000000,0.531
1749261410,0.51690000,11.64000000,0.531
1749261410,0.51640000,65.20000000,0.531
1749261410,0.51510000,71.83000000,0.531
1749261722,0.52940000,937.28000000,0.5294
1749261722,0.52930000,908.96000000,0.5294
1749261722,0.52920000,1408.06000000,0.5294
1749261722,0.52910000,3480.93000000,0.5294
1749261722,0.52900000,2903.89000000,0.5294
1749261722,0.52890000,5168.89000000,0.5294
1749261722,0.52880000,4942.60000000,0.5294
1749261722,0.52870000,8155.36000000,0.5294
1749261722,0.52860000,23905.43000000,0.5294
1749261722,0.52850000,4778.20000000,0.5294
1749261722,0.52840000,43335.13000000,0.5294
1749261722,0.52830000,92597.44000000,0.5294
1749261722,0.52820000,3157.69000000,0.5294
1749261722,0.52810000,2953.34000000,0.5294
1749261722,0.52800000,20154.78000000,0.5294
1749261722,0.52790000,130956.54000000,0.5294
1749261722,0.52780000,6740.68000000,0.5294
1749261722,0.52770000,3524.63000000,0.5294
1749261722,0.52760000,2293.03000000,0.5294
1749261722,0.52750000,175171.30000000,0.5294
1749261722,0.52740000,2617.38000000,0.5294
1749261722,0.52730000,872.23000000,0.5294
1749261722,0.52720000,41314.76000000,0.5294
1749261722,0.52710000,5327.39000000,0.5294
1749261722,0.52700000,2121.80000000,0.5294
1749261722,0.52690000,2211.61000000,0.5294
1749261722,0.52680000,473.93000000,0.5294
1749261722,0.52670000,2008.75000000,0.5294
1749261722,0.52660000,63057.61000000,0.5294
1749261722,0.52650000,473.96000000,0.5294
1749261722,0.52640000,10977.65000000,0.5294
1749261722,0.52630000,13000.05000000,0.5294
1749261722,0.52620000,32.98000000,0.5294
1749261722,0.52610000,18.73000000,0.5294
1749261722,0.52600000,459.73000000,0.5294
1749261722,0.52590000,8339.31000000,0.5294
1749261722,0.52580000,18.74000000,0.5294
1749261722,0.52570000,18.74000000,0.5294
1749261722,0.52560000,2023.03000000,0.5294
1749261722,0.52550000,18.75000000,0.5294
1749261722,0.52540000,18.76000000,0.5294
1749261722,0.52530000,6777.98000000,0.5294
1749261722,0.52520000,18.76000000,0.5294
1749261722,0.52510000,45.19000000,0.5294
1749261722,0.52500000,65107.27000000,0.5294
1749261722,0.52490000,459.77000000,0.5294
1749261722,0.52480000,18.77000000,0.5294
1749261722,0.52470000,4558.57000000,0.5294
1749261722,0.52460000,4356.43000000,0.5294
1749261722,0.52450000,18.79000000,0.5294
1749261722,0.52440000,1862.46000000,0.5294
1749261722,0.52430000,551.41000000,0.5294
1749261722,0.52420000,18.79000000,0.5294
1749261722,0.52410000,33.10000000,0.5294
1749261722,0.52400000,18.80000000,0.5294
1749261722,0.52390000,85237.14000000,0.5294
1749261722,0.52380000,1582.16000000,0.5294
1749261722,0.52370000,18.82000000,0.5294
1749261722,0.52360000,18.82000000,0.5294
1749261722,0.52350000,33.14000000,0.5294
1749261722,0.52340000,28.83000000,0.5294
1749261722,0.52330000,112.63000000,0.5294
1749261722,0.52320000,64.55000000,0.5294
1749261722,0.52310000,1282.58000000,0.5294
1749261722,0.52300000,18.84000000,0.5294
1749261722,0.52290000,33.18000000,0.5294
1749261722,0.52280000,795.42000000,0.5294
1749261722,0.52270000,18.84000000,0.5294
1749261722,0.52260000,33.20000000,0.5294
1749261722,0.52250000,1286.33000000,0.5294
1749261722,0.52240000,18.85000000,0.5294
1749261722,0.52230000,33.21000000,0.5294
1749261722,0.52220000,1562.55000000,0.5294
1749261722,0.52210000,18.87000000,0.5294
1749261722,0.52200000,18.88000000,0.5294
1749261722,0.52190000,18.88000000,0.5294
1749261722,0.52180000,1897.27000000,0.5294
1749261722,0.52130000,82743.84000000,0.5294
1749261722,0.52100000,10.11000000,0.5294
1749261722,0.52070000,10.32000000,0.5294
1749261722,0.52030000,3072.27000000,0.5294
1749261722,0.52000000,4950.66000000,0.5294
1749261722,0.51990000,3074.63000000,0.5294
1749261722,0.51980000,57.70000000,0.5294
1749261722,0.51950000,251.01000000,0.5294
1749261722,0.51930000,10.41000000,0.5294
1749261722,0.51900000,1036.03000000,0.5294
1749261722,0.51890000,15.63000000,0.5294
1749261722,0.51860000,126586.76000000,0.5294
1749261722,0.51840000,10.61000000,0.5294
1749261722,0.51800000,84.61000000,0.5294
1749261722,0.51790000,2744.22000000,0.5294
1749261722,0.51730000,31.76000000,0.5294
1749261722,0.51690000,11.64000000,0.5294
1749261722,0.51640000,65.20000000,0.5294
1749261722,0.51510000,71.83000000,0.5294
1749261722,0.51500000,1009.66000000,0.5294
1749261722,0.51450000,339.36000000,0.5294
1749261722,0.51440000,10.11000000,0.5294
1749261722,0.51420000,12.83000000,0.5294
1749262024,0.52960000,615.15000000,0.5297
1749262024,0.52950000,1060.64000000,0.5297
1749262024,0.52940000,2120.38000000,0.5297
1749262024,0.52930000,1514.60000000,0.5297
1749262024,0.52920000,9616.89000000,0.5297
1749262024,0.52910000,25070.23000000,0.5297
1749262024,0.52900000,1590.33000000,0.5297
1749262024,0.52890000,4811.43000000,0.5297
1749262024,0.52880000,6025.64000000,0.5297
1749262024,0.52870000,46482.25000000,0.5297
1749262024,0.52860000,4297.90000000,0.5297
1749262024,0.52850000,5204.60000000,0.5297
1749262024,0.52840000,6023.78000000,0.5297
1749262024,0.52830000,2534.18000000,0.5297
1749262024,0.52820000,21615.59000000,0.5297
1749262024,0.52810000,87343.18000000,0.5297
1749262024,0.52800000,469.32000000,0.5297
1749262024,0.52790000,5027.90000000,0.5297
1749262024,0.52780000,6740.68000000,0.5297
1749262024,0.52770000,132787.37000000,0.5297
1749262024,0.52760000,470.06000000,0.5297
1749262024,0.52750000,8183.76000000,0.5297
1749262024,0.52740000,173370.49000000,0.5297
1749262024,0.52730000,459.96000000,0.5297
1749262024,0.52720000,18.96000000,0.5297
1749262024,0.52710000,892.34000000,0.5297
1749262024,0.52700000,2008.74000000,0.5297
1749262024,0.52690000,1770.61000000,0.5297
1749262024,0.52680000,473.93000000,0.5297
1749262024,0.52670000,10973.94000000,0.5297
1749262024,0.52660000,18.71000000,0.5297
1749262024,0.52650000,5608.50000000,0.5297
1749262024,0.52640000,15470.43000000,0.5297
1749262024,0.52630000,41314.52000000,0.5297
1749262024,0.52620000,1599.05000000,0.5297
1749262024,0.52610000,18.73000000,0.5297
1749262024,0.52600000,1749.05000000,0.5297
1749262024,0.52590000,1582.01000000,0.5297
1749262024,0.52580000,63057.64000000,0.5297
1749262024,0.52570000,18.74000000,0.5297
1749262024,0.52560000,6333.87000000,0.5297
1749262024,0.52550000,18.75000000,0.5297
1749262024,0.52540000,18.76000000,0.5297
1749262024,0.52530000,1582.07000000,0.5297
1749262024,0.52520000,18.76000000,0.5297
1749262024,0.52510000,45.19000000,0.5297
1749262024,0.52500000,65107.27000000,0.5297
1749262024,0.52490000,18.77000000,0.5297
1749262024,0.52480000,18.77000000,0.5297
1749262024,0.52470000,1592.67000000,0.5297
1749262024,0.52460000,3065.86000000,0.5297
1749262024,0.52450000,18.79000000,0.5297
1749262024,0.52440000,1862.46000000,0.5297
1749262024,0.52430000,551.41000000,0.5297
1749262024,0.52420000,18.79000000,0.5297
1749262024,0.52410000,33.10000000,0.5297
1749262024,0.52400000,18.80000000,0.5297
1749262024,0.52390000,84174.98000000,0.5297
1749262024,0.52380000,1582.16000000,0.5297
1749262024,0.52370000,18.82000000,0.5297
1749262024,0.52360000,18.82000000,0.5297
1749262024,0.52350000,33.14000000,0.5297
1749262024,0.52340000,28.83000000,0.5297
1749262024,0.52330000,112.63000000,0.5297
1749262024,0.52320000,64.55000000,0.5297
1749262024,0.52310000,18.84000000,0.5297
1749262024,0.52300000,18.84000000,0.5297
1749262024,0.52290000,33.18000000,0.5297
1749262024,0.52280000,795.42000000,0.5297
1749262024,0.52270000,18.84000000,0.5297
1749262024,0.52260000,522.42000000,0.5297
1749262024,0.52250000,18.85000000,0.5297
1749262024,0.52240000,18.85000000,0.5297
1749262024,0.52230000,33.22000000,0.5297
1749262024,0.52220000,18.87000000,0.5297
1749262024,0.52210000,18.87000000,0.5297
1749262024,0.52180000,1897.27000000,0.5297
1749262024,0.52130000,82743.84000000,0.5297
1749262024,0.52100000,10.11000000,0.5297
1749262024,0.52070000,10.32000000,0.5297
1749262024,0.52030000,3072.27000000,0.5297
1749262024,0.52000000,4950.66000000,0.5297
1749262024,0.51980000,57.70000000,0.5297
1749262024,0.51950000,251.01000000,0.5297
1749262024,0.51930000,10.41000000,0.5297
1749262024,0.51900000,1036.03000000,0.5297
1749262024,0.51890000,15.63000000,0.5297
1749262024,0.51860000,126586.76000000,0.5297
1749262024,0.51840000,10.61000000,0.5297
1749262024,0.51800000,84.61000000,0.5297
1749262024,0.51790000,2744.22000000,0.5297
1749262024,0.51730000,31.76000000,0.5297
1749262024,0.51690000,11.64000000,0.5297
1749262024,0.51640000,65.20000000,0.5297
1749262024,0.51510000,71.83000000,0.5297
1749262024,0.51500000,1009.66000000,0.5297
1749262024,0.51450000,339.36000000,0.5297
1749262024,0.51440000,10.11000000,0.5297
1749262024,0.51420000,12.83000000,0.5297
1749262024,0.51390000,10.00000000,0.5297
1749262326,0.53080000,856.90000000,0.5308
1749262326,0.53070000,1221.33000000,0.5308
1749262326,0.53060000,3075.61000000,0.5308
1749262326,0.53050000,2166.08000000,0.5308
1749262326,0.53040000,1182.33000000,0.5308
1749262326,0.53030000,1157.27000000,0.5308
1749262326,0.53020000,3695.83000000,0.5308
1749262326,0.53010000,2323.30000000,0.5308
1749262326,0.53000000,22355.90000000,0.5308
1749262326,0.52990000,7116.90000000,0.5308
1749262326,0.52980000,3372.07000000,0.5308
1749262326,0.52970000,7191.40000000,0.5308
1749262326,0.52960000,6283.03000000,0.5308
1749262326,0.52950000,4002.21000000,0.5308
1749262326,0.52940000,48734.63000000,0.5308
1749262326,0.52930000,474.06000000,0.5308
1749262326,0.52920000,2777.95000000,0.5308
1749262326,0.52910000,2023.10000000,0.5308
1749262326,0.52900000,1765.63000000,0.5308
1749262326,0.52890000,2653.08000000,0.5308
1749262326,0.52880000,2023.09000000,0.5308
1749262326,0.52870000,4509.32000000,0.5308
1749262326,0.52860000,6254.06000000,0.5308
1749262326,0.52850000,4508.00000000,0.5308
1749262326,0.52840000,21910.66000000,0.5308
1749262326,0.52830000,83695.74000000,0.5308
1749262326,0.52820000,1312.26000000,0.5308
1749262326,0.52810000,2008.97000000,0.5308
1749262326,0.52800000,941.68000000,0.5308
1749262326,0.52790000,131901.63000000,0.5308
1749262326,0.52780000,2420.99000000,0.5308
1749262326,0.52770000,13716.82000000,0.5308
1749262326,0.52760000,14524.69000000,0.5308
1749262326,0.52750000,175294.97000000,0.5308
1749262326,0.52740000,2199.89000000,0.5308
1749262326,0.52730000,1381.08000000,0.5308
1749262326,0.52720000,41314.76000000,0.5308
1749262326,0.52710000,33.18000000,0.5308
1749262326,0.52700000,1567.74000000,0.5308
1749262326,0.52690000,1770.61000000,0.5308
1749262326,0.52680000,32.93000000,0.5308
1749262326,0.52670000,1567.75000000,0.5308
1749262326,0.52660000,4761.69000000,0.5308
1749262326,0.52650000,32.96000000,0.5308
1749262326,0.52640000,2494.02000000,0.5308
1749262326,0.52630000,18.72000000,0.5308
1749262326,0.52620000,32.98000000,0.5308
1749262326,0.52610000,18.73000000,0.5308
1749262326,0.52600000,917.56000000,0.5308
1749262326,0.52590000,1582.01000000,0.5308
1749262326,0.52580000,63057.64000000,0.5308
1749262326,0.52570000,18.74000000,0.5308
1749262326,0.52560000,1582.03000000,0.5308
1749262326,0.52550000,302.27000000,0.5308
1749262326,0.52540000,18.76000000,0.5308
1749262326,0.52530000,1582.07000000,0.5308
1749262326,0.52520000,18.76000000,0.5308
1749262326,0.52510000,3089.37000000,0.5308
1749262326,0.52500000,65107.27000000,0.5308
1749262326,0.52490000,18.77000000,0.5308
1749262326,0.52480000,18.77000000,0.5308
1749262326,0.52470000,1592.67000000,0.5308
1749262326,0.52460000,18.78000000,0.5308
1749262326,0.52450000,18.79000000,0.5308
1749262326,0.52440000,1862.46000000,0.5308
1749262326,0.52430000,18.79000000,0.5308
1749262326,0.52420000,18.79000000,0.5308
1749262326,0.52410000,33.10000000,0.5308
1749262326,0.52400000,18.80000000,0.5308
1749262326,0.52390000,84174.98000000,0.5308
1749262326,0.52380000,1827.84000000,0.5308
1749262326,0.52370000,18.82000000,0.5308
1749262326,0.52360000,506.88000000,0.5308
1749262326,0.52350000,33.14000000,0.5308
1749262326,0.52340000,28.83000000,0.5308
1749262326,0.52330000,112.63000000,0.5308
1749262326,0.52320000,45.72000000,0.5308
1749262326,0.52290000,14.34000000,0.5308
1749262326,0.52280000,776.58000000,0.5308
1749262326,0.52260000,14.35000000,0.5308
1749262326,0.52230000,14.35000000,0.5308
1749262326,0.52180000,1897.27000000,0.5308
1749262326,0.52130000,82743.84000000,0.5308
1749262326,0.52100000,10.11000000,0.5308
1749262326,0.52070000,10.32000000,0.5308
1749262326,0.52030000,3072.27000000,0.5308
1749262326,0.52000000,4950.66000000,0.5308
1749262326,0.51980000,57.70000000,0.5308
1749262326,0.51950000,251.01000000,0.5308
1749262326,0.51930000,10.41000000,0.5308
1749262326,0.51900000,1036.03000000,0.5308
1749262326,0.51890000,15.63000000,0.5308
1749262326,0.51860000,126586.76000000,0.5308
1749262326,0.51840000,10.61000000,0.5308
1749262326,0.51800000,84.61000000,0.5308
1749262326,0.51790000,2744.22000000,0.5308
1749262326,0.51730000,31.76000000,0.5308
1749262326,0.51690000,11.64000000,0.5308
1749262326,0.51640000,65.20000000,0.5308
1749262326,0.51510000,71.83000000,0.5308
1749262627,0.53100000,18.83000000,0.5311
1749262627,0.53090000,32.93000000,0.5311
1749262627,0.53080000,473.94000000,0.5311
1749262627,0.53070000,1200.09000000,0.5311
1749262627,0.53060000,2352.56000000,0.5311
1749262627,0.53050000,7221.82000000,0.5311
1749262627,0.53040000,5453.09000000,0.5311
1749262627,0.53030000,2431.02000000,0.5311
1749262627,0.53020000,9668.99000000,0.5311
1749262627,0.53010000,4461.20000000,0.5311
1749262627,0.53000000,12786.70000000,0.5311
1749262627,0.52990000,8162.77000000,0.5311
1749262627,0.52980000,28431.78000000,0.5311
1749262627,0.52970000,1402.46000000,0.5311
1749262627,0.52960000,3508.64000000,0.5311
1749262627,0.52950000,148110.71000000,0.5311
1749262627,0.52940000,3632.94000000,0.5311
1749262627,0.52930000,7520.42000000,0.5311
1749262627,0.52920000,17258.63000000,0.5311
1749262627,0.52910000,132617.35000000,0.5311
1749262627,0.52900000,5182.10000000,0.5311
1749262627,0.52890000,2638.86000000,0.5311
1749262627,0.52880000,2008.93000000,0.5311
1749262627,0.52870000,951.95000000,0.5311
1749262627,0.52860000,474.02000000,0.5311
1749262627,0.52850000,1567.95000000,0.5311
1749262627,0.52840000,459.91000000,0.5311
1749262627,0.52830000,3025.80000000,0.5311
1749262627,0.52820000,174361.36000000,0.5311
1749262627,0.52810000,51797.38000000,0.5311
1749262627,0.52800000,469.23000000,0.5311
1749262627,0.52790000,18.93000000,0.5311
1749262627,0.52780000,6741.24000000,0.5311
1749262627,0.52770000,33.05000000,0.5311
1749262627,0.52760000,29.06000000,0.5311
1749262627,0.52750000,2954.08000000,0.5311
1749262627,0.52740000,33.06000000,0.5311
1749262627,0.52730000,2301.12000000,0.5311
1749262627,0.52720000,18.96000000,0.5311
1749262627,0.52710000,33.07000000,0.5311
1749262627,0.52700000,2008.74000000,0.5311
1749262627,0.52690000,64809.51000000,0.5311
1749262627,0.52680000,32.81000000,0.5311
1749262627,0.52670000,6310.21000000,0.5311
1749262627,0.52660000,18.71000000,0.5311
1749262627,0.52650000,32.83000000,0.5311
1749262627,0.52640000,4604.42000000,0.5311
1749262627,0.52630000,18.72000000,0.5311
1749262627,0.52620000,32.84000000,0.5311
1749262627,0.52610000,29.28000000,0.5311
1749262627,0.52600000,18.73000000,0.5311
1749262627,0.52590000,1581.88000000,0.5311
1749262627,0.52580000,18.74000000,0.5311
1749262627,0.52570000,18.74000000,0.5311
1749262627,0.52560000,1956.73000000,0.5311
1749262627,0.52550000,302.27000000,0.5311
1749262627,0.52540000,18.76000000,0.5311
1749262627,0.52530000,1581.92000000,0.5311
1749262627,0.52520000,18.76000000,0.5311
1749262627,0.52510000,45.19000000,0.5311
1749262627,0.52500000,65107.11000000,0.5311
1749262627,0.52490000,263.95000000,0.5311
1749262627,0.52480000,18.77000000,0.5311
1749262627,0.52470000,1567.81000000,0.5311
1749262627,0.52460000,18.78000000,0.5311
1749262627,0.52450000,18.79000000,0.5311
1749262627,0.52440000,2055.11000000,0.5311
1749262627,0.52430000,18.79000000,0.5311
1749262627,0.52420000,18.79000000,0.5311
1749262627,0.52410000,18.80000000,0.5311
1749262627,0.52400000,18.80000000,0.5311
1749262627,0.52390000,84174.97000000,0.5311
1749262627,0.52380000,1567.84000000,0.5311
1749262627,0.52370000,18.82000000,0.5311
1749262627,0.52360000,18.82000000,0.5311
1749262627,0.52350000,18.82000000,0.5311
1749262627,0.52340000,10.00000000,0.5311
1749262627,0.52320000,31.40000000,0.5311
1749262627,0.52280000,776.58000000,0.5311
1749262627,0.52190000,3062.85000000,0.5311
1749262627,0.52130000,82743.84000000,0.5311
1749262627,0.52100000,10.11000000,0.5311
1749262627,0.52070000,10.32000000,0.5311
1749262627,0.52000000,4950.66000000,0.5311
1749262627,0.51980000,57.70000000,0.5311
1749262627,0.51950000,251.01000000,0.5311
1749262627,0.51930000,10.41000000,0.5311
1749262627,0.51900000,1036.03000000,0.5311
1749262627,0.51890000,15.63000000,0.5311
1749262627,0.51860000,126586.76000000,0.5311
1749262627,0.51840000,10.61000000,0.5311
1749262627,0.51800000,84.61000000,0.5311
1749262627,0.51790000,2744.22000000,0.5311
1749262627,0.51730000,31.76000000,0.5311
1749262627,0.51690000,11.64000000,0.5311
1749262627,0.51640000,65.20000000,0.5311
1749262627,0.51510000,71.83000000,0.5311
1749262627,0.51500000,1009.66000000,0.5311
1749262627,0.51450000,339.36000000,0.5311
1749262627,0.51440000,10.11000000,0.5311
1749262931,0.53110000,536.30000000,0.5312
1749262931,0.53100000,625.67000000,0.5312
1749262931,0.53090000,1226.82000000,0.5312
1749262931,0.53080000,2868.14000000,0.5312
1749262931,0.53070000,1863.78000000,0.5312
1749262931,0.53060000,1941.66000000,0.5312
1749262931,0.53050000,5746.29000000,0.5312
1749262931,0.53040000,8966.18000000,0.5312
1749262931,0.53030000,3296.81000000,0.5312
1749262931,0.53020000,5621.18000000,0.5312
1749262931,0.53010000,5455.68000000,0.5312
1749262931,0.53000000,7803.73000000,0.5312
1749262931,0.52990000,8303.78000000,0.5312
1749262931,0.52980000,16899.98000000,0.5312
1749262931,0.52970000,82934.13000000,0.5312
1749262931,0.52960000,84947.43000000,0.5312
1749262931,0.52950000,2317.70000000,0.5312
1749262931,0.52940000,459.88000000,0.5312
1749262931,0.52930000,2564.00000000,0.5312
1749262931,0.52920000,133120.13000000,0.5312
1749262931,0.52910000,12488.61000000,0.5312
1749262931,0.52900000,7059.15000000,0.5312
1749262931,0.52890000,2638.86000000,0.5312
1749262931,0.52880000,171529.23000000,0.5312
1749262931,0.52870000,839.47000000,0.5312
1749262931,0.52860000,891.04000000,0.5312
1749262931,0.52850000,2008.95000000,0.5312
1749262931,0.52840000,41589.57000000,0.5312
1749262931,0.52830000,1302.40000000,0.5312
1749262931,0.52820000,23872.58000000,0.5312
1749262931,0.52810000,6297.45000000,0.5312
1749262931,0.52800000,951.68000000,0.5312
1749262931,0.52790000,63108.57000000,0.5312
1749262931,0.52780000,1567.98000000,0.5312
1749262931,0.52770000,1758.44000000,0.5312
1749262931,0.52760000,29.06000000,0.5312
1749262931,0.52750000,2513.08000000,0.5312
1749262931,0.52740000,33.06000000,0.5312
1749262931,0.52730000,1860.12000000,0.5312
1749262931,0.52720000,18.96000000,0.5312
1749262931,0.52710000,4771.84000000,0.5312
1749262931,0.52700000,1567.74000000,0.5312
1749262931,0.52690000,1770.61000000,0.5312
1749262931,0.52680000,32.81000000,0.5312
1749262931,0.52670000,1567.75000000,0.5312
1749262931,0.52660000,18.71000000,0.5312
1749262931,0.52650000,32.83000000,0.5312
1749262931,0.52640000,1567.76000000,0.5312
1749262931,0.52630000,63789.15000000,0.5312
1749262931,0.52620000,32.84000000,0.5312
1749262931,0.52610000,29.28000000,0.5312
1749262931,0.52600000,18.73000000,0.5312
1749262931,0.52590000,1581.88000000,0.5312
1749262931,0.52580000,18.74000000,0.5312
1749262931,0.52570000,18.74000000,0.5312
1749262931,0.52560000,1863.25000000,0.5312
1749262931,0.52550000,302.27000000,0.5312
1749262931,0.52540000,18.76000000,0.5312
1749262931,0.52530000,4624.94000000,0.5312
1749262931,0.52520000,86838.90000000,0.5312
1749262931,0.52510000,45.19000000,0.5312
1749262931,0.52500000,1581.93000000,0.5312
1749262931,0.52490000,263.95000000,0.5312
1749262931,0.52480000,18.77000000,0.5312
1749262931,0.52470000,1581.94000000,0.5312
1749262931,0.52460000,18.78000000,0.5312
1749262931,0.52450000,18.79000000,0.5312
1749262931,0.52440000,1567.83000000,0.5312
1749262931,0.52430000,18.79000000,0.5312
1749262931,0.52420000,18.79000000,0.5312
1749262931,0.52410000,18.80000000,0.5312
1749262931,0.52400000,18.80000000,0.5312
1749262931,0.52390000,18.81000000,0.5312
1749262931,0.52380000,2055.76000000,0.5312
1749262931,0.52370000,18.82000000,0.5312
1749262931,0.52360000,18.82000000,0.5312
1749262931,0.52350000,93.84000000,0.5312
1749262931,0.52340000,10.00000000,0.5312
1749262931,0.52320000,31.40000000,0.5312
1749262931,0.52280000,776.58000000,0.5312
1749262931,0.52260000,84088.51000000,0.5312
1749262931,0.52190000,3062.85000000,0.5312
1749262931,0.52100000,10.11000000,0.5312
1749262931,0.52090000,47.91000000,0.5312
1749262931,0.52070000,10.32000000,0.5312
1749262931,0.52000000,4950.66000000,0.5312
1749262931,0.51990000,127468.98000000,0.5312
1749262931,0.51980000,57.70000000,0.5312
1749262931,0.51950000,251.01000000,0.5312
1749262931,0.51930000,10.41000000,0.5312
1749262931,0.51900000,1036.03000000,0.5312
1749262931,0.51890000,15.63000000,0.5312
1749262931,0.51860000,10.00000000,0.5312
1749262931,0.51840000,10.61000000,0.5312
1749262931,0.51800000,84.61000000,0.5312
1749262931,0.51790000,2744.22000000,0.5312
1749262931,0.51730000,31.76000000,0.5312
1749262931,0.51690000,11.64000000,0.5312
1749262931,0.51640000,65.20000000,0.5312
1749262931,0.51510000,71.83000000,0.5312
1749263233,0.53160000,363.60000000,0.5315
1749263233,0.53150000,988.96000000,0.5315
1749263233,0.53140000,723.33000000,0.5315
1749263233,0.53130000,1668.71000000,0.5315
1749263233,0.53120000,1062.81000000,0.5315
1749263233,0.53110000,3535.57000000,0.5315
1749263233,0.53100000,1993.66000000,0.5315
1749263233,0.53090000,4101.30000000,0.5315
1749263233,0.53080000,3484.66000000,0.5315
1749263233,0.53070000,8862.35000000,0.5315
1749263233,0.53060000,26837.41000000,0.5315
1749263233,0.53050000,2298.56000000,0.5315
1749263233,0.53040000,48519.79000000,0.5315
1749263233,0.53030000,1741.91000000,0.5315
1749263233,0.53020000,4740.92000000,0.5315
1749263233,0.53010000,3420.22000000,0.5315
1749263233,0.53000000,4431.13000000,0.5315
1749263233,0.52990000,2713.37000000,0.5315
1749263233,0.52980000,4052.91000000,0.5315
1749263233,0.52970000,22936.44000000,0.5315
1749263233,0.52960000,82449.81000000,0.5315
1749263233,0.52950000,2023.03000000,0.5315
1749263233,0.52940000,1072.22000000,0.5315
1749263233,0.52930000,4737.66000000,0.5315
1749263233,0.52920000,127055.80000000,0.5315
1749263233,0.52910000,1681.88000000,0.5315
1749263233,0.52900000,435.60000000,0.5315
1749263233,0.52890000,2197.86000000,0.5315
1749263233,0.52880000,170975.46000000,0.5315
1749263233,0.52870000,398.47000000,0.5315
1749263233,0.52860000,8968.12000000,0.5315
1749263233,0.52850000,1567.95000000,0.5315
1749263233,0.52840000,54492.43000000,0.5315
1749263233,0.52830000,4146.10000000,0.5315
1749263233,0.52820000,4748.09000000,0.5315
1749263233,0.52810000,1567.97000000,0.5315
1749263233,0.52800000,951.68000000,0.5315
1749263233,0.52790000,63108.57000000,0.5315
1749263233,0.52780000,1567.98000000,0.5315
1749263233,0.52770000,33.05000000,0.5315
1749263233,0.52760000,1779.53000000,0.5315
1749263233,0.52750000,6303.01000000,0.5315
1749263233,0.52740000,33.06000000,0.5315
1749263233,0.52730000,1860.12000000,0.5315
1749263233,0.52720000,18.96000000,0.5315
1749263233,0.52710000,33.07000000,0.5315
1749263233,0.52700000,1567.74000000,0.5315
1749263233,0.52690000,18.70000000,0.5315
1749263233,0.52680000,32.81000000,0.5315
1749263233,0.52670000,1567.75000000,0.5315
1749263233,0.52660000,18.71000000,0.5315
1749263233,0.52650000,32.83000000,0.5315
1749263233,0.52640000,4604.42000000,0.5315
1749263233,0.52630000,63789.15000000,0.5315
1749263233,0.52620000,32.84000000,0.5315
1749263233,0.52610000,29.28000000,0.5315
1749263233,0.52600000,263.40000000,0.5315
1749263233,0.52590000,1581.88000000,0.5315
1749263233,0.52580000,1306.37000000,0.5315
1749263233,0.52570000,18.74000000,0.5315
1749263233,0.52560000,1863.25000000,0.5315
1749263233,0.52550000,302.27000000,0.5315
1749263233,0.52540000,18.76000000,0.5315
1749263233,0.52530000,1581.92000000,0.5315
1749263233,0.52520000,86838.90000000,0.5315
1749263233,0.52510000,45.19000000,0.5315
1749263233,0.52500000,1581.93000000,0.5315
1749263233,0.52490000,18.77000000,0.5315
1749263233,0.52480000,18.77000000,0.5315
1749263233,0.52470000,1581.94000000,0.5315
1749263233,0.52460000,18.78000000,0.5315
1749263233,0.52450000,18.79000000,0.5315
1749263233,0.52440000,1567.83000000,0.5315
1749263233,0.52430000,506.20000000,0.5315
1749263233,0.52420000,18.80000000,0.5315
1749263233,0.52410000,18.80000000,0.5315
1749263233,0.52380000,1549.04000000,0.5315
1749263233,0.52350000,93.84000000,0.5315
1749263233,0.52340000,10.00000000,0.5315
1749263233,0.52320000,31.40000000,0.5315
1749263233,0.52300000,3056.41000000,0.5315
1749263233,0.52280000,776.58000000,0.5315
1749263233,0.52260000,84088.51000000,0.5315
1749263233,0.52160000,513.10000000,0.5315
1749263233,0.52100000,10.11000000,0.5315
1749263233,0.52090000,47.91000000,0.5315
1749263233,0.52070000,10.32000000,0.5315
1749263233,0.52000000,4950.66000000,0.5315
1749263233,0.51990000,127468.98000000,0.5315
1749263233,0.51980000,57.70000000,0.5315
1749263233,0.51970000,3075.81000000,0.5315
1749263233,0.51950000,251.01000000,0.5315
1749263233,0.51930000,10.41000000,0.5315
1749263233,0.51900000,1036.03000000,0.5315
1749263233,0.51890000,15.63000000,0.5315
1749263233,0.51860000,10.00000000,0.5315
1749263233,0.51840000,10.61000000,0.5315
1749263233,0.51800000,84.61000000,0.5315
1749263233,0.51790000,2744.22000000,0.5315
1749263233,0.51730000,31.76000000,0.5315
1749263534,0.53320000,441.00000000,0.5332
1749263534,0.53310000,3220.86000000,0.5332
1749263534,0.53300000,4219.51000000,0.5332
1749263534,0.53290000,3775.81000000,0.5332
1749263534,0.53280000,2897.83000000,0.5332
1749263534,0.53270000,4371.58000000,0.5332
1749263534,0.53260000,2444.08000000,0.5332
1749263534,0.53250000,2181.96000000,0.5332
1749263534,0.53240000,2184.42000000,0.5332
1749263534,0.53230000,3495.72000000,0.5332
1749263534,0.53220000,5980.04000000,0.5332
1749263534,0.53210000,22260.02000000,0.5332
1749263534,0.53200000,26006.56000000,0.5332
1749263534,0.53190000,10227.79000000,0.5332
1749263534,0.53180000,12675.33000000,0.5332
1749263534,0.53170000,1973.89000000,0.5332
1749263534,0.53160000,2545.51000000,0.5332
1749263534,0.53150000,5235.66000000,0.5332
1749263534,0.53140000,48197.29000000,0.5332
1749263534,0.53130000,22029.78000000,0.5332
1749263534,0.53120000,473.92000000,0.5332
1749263534,0.53110000,6205.35000000,0.5332
1749263534,0.53100000,2602.31000000,0.5332
1749263534,0.53090000,84051.21000000,0.5332
1749263534,0.53080000,6829.01000000,0.5332
1749263534,0.53070000,588.78000000,0.5332
1749263534,0.53060000,459.80000000,0.5332
1749263534,0.53050000,459.80000000,0.5332
1749263534,0.53040000,1581.95000000,0.5332
1749263534,0.53030000,127370.67000000,0.5332
1749263534,0.53020000,18.86000000,0.5332
1749263534,0.53010000,2447.66000000,0.5332
1749263534,0.53000000,1950.84000000,0.5332
1749263534,0.52990000,459.87000000,0.5332
1749263534,0.52980000,2023.02000000,0.5332
1749263534,0.52970000,11870.29000000,0.5332
1749263534,0.52960000,5176.67000000,0.5332
1749263534,0.52950000,2023.03000000,0.5332
1749263534,0.52940000,169426.41000000,0.5332
1749263534,0.52930000,555.21000000,0.5332
1749263534,0.52920000,13339.07000000,0.5332
1749263534,0.52910000,2008.93000000,0.5332
1749263534,0.52900000,41589.55000000,0.5332
1749263534,0.52890000,3756.84000000,0.5332
1749263534,0.52880000,6732.28000000,0.5332
1749263534,0.52870000,18.91000000,0.5332
1749263534,0.52860000,474.02000000,0.5332
1749263534,0.52850000,64657.59000000,0.5332
1749263534,0.52840000,459.91000000,0.5332
1749263534,0.52830000,474.00000000,0.5332
1749263534,0.52820000,18.89000000,0.5332
1749263534,0.52810000,2008.97000000,0.5332
1749263534,0.52800000,951.68000000,0.5332
1749263534,0.52790000,18.93000000,0.5332
1749263534,0.52780000,1578.49000000,0.5332
1749263534,0.52770000,33.05000000,0.5332
1749263534,0.52760000,1779.53000000,0.5332
1749263534,0.52750000,1567.99000000,0.5332
1749263534,0.52740000,33.06000000,0.5332
1749263534,0.52730000,915.57000000,0.5332
1749263534,0.52720000,18.96000000,0.5332
1749263534,0.52710000,33.07000000,0.5332
1749263534,0.52700000,1567.74000000,0.5332
1749263534,0.52690000,64073.37000000,0.5332
1749263534,0.52680000,32.81000000,0.5332
1749263534,0.52670000,1851.62000000,0.5332
1749263534,0.52660000,18.71000000,0.5332
1749263534,0.52650000,32.83000000,0.5332
1749263534,0.52640000,4615.90000000,0.5332
1749263534,0.52630000,18.72000000,0.5332
1749263534,0.52620000,32.84000000,0.5332
1749263534,0.52610000,18.73000000,0.5332
1749263534,0.52600000,18.73000000,0.5332
1749263534,0.52590000,1581.88000000,0.5332
1749263534,0.52580000,87325.10000000,0.5332
1749263534,0.52570000,18.74000000,0.5332
1749263534,0.52560000,1563.15000000,0.5332
1749263534,0.52530000,1563.16000000,0.5332
1749263534,0.52510000,121.47000000,0.5332
1749263534,0.52500000,1563.16000000,0.5332
1749263534,0.52470000,1563.17000000,0.5332
1749263534,0.52440000,1549.04000000,0.5332
1749263534,0.52380000,1549.04000000,0.5332
1749263534,0.52340000,10.00000000,0.5332
1749263534,0.52320000,87175.15000000,0.5332
1749263534,0.52280000,776.58000000,0.5332
1749263534,0.52250000,47.37000000,0.5332
1749263534,0.52230000,57.43000000,0.5332
1749263534,0.52170000,3064.02000000,0.5332
1749263534,0.52160000,513.10000000,0.5332
1749263534,0.52150000,521.55000000,0.5332
1749263534,0.52120000,522.13000000,0.5332
1749263534,0.52100000,10.11000000,0.5332
1749263534,0.52070000,10.32000000,0.5332
1749263534,0.52050000,127468.98000000,0.5332
1749263534,0.52000000,4950.66000000,0.5332
1749263534,0.51950000,251.01000000,0.5332
1749263534,0.51930000,10.41000000,0.5332
1749263534,0.51890000,15.63000000,0.5332
1749263534,0.51860000,10.00000000,0.5332
1749263840,0.53400000,264.18000000,0.5341
1749263840,0.53390000,729.05000000,0.5341
1749263840,0.53380000,3607.94000000,0.5341
1749263840,0.53370000,3357.05000000,0.5341
1749263840,0.53360000,3545.39000000,0.5341
1749263840,0.53350000,5227.34000000,0.5341
1749263840,0.53340000,16037.35000000,0.5341
1749263840,0.53330000,18404.17000000,0.5341
1749263840,0.53320000,6545.59000000,0.5341
1749263840,0.53310000,6635.02000000,0.5341
1749263840,0.53300000,10491.36000000,0.5341
1749263840,0.53290000,14328.97000000,0.5341
1749263840,0.53280000,25454.13000000,0.5341
1749263840,0.53270000,7083.10000000,0.5341
1749263840,0.53260000,11016.19000000,0.5341
1749263840,0.53250000,37756.83000000,0.5341
1749263840,0.53240000,46161.52000000,0.5341
1749263840,0.53230000,1412.39000000,0.5341
1749263840,0.53220000,5489.72000000,0.5341
1749263840,0.53210000,2517.75000000,0.5341
1749263840,0.53200000,473.88000000,0.5341
1749263840,0.53190000,3733.79000000,0.5341
1749263840,0.53180000,5156.45000000,0.5341
1749263840,0.53170000,82890.73000000,0.5341
1749263840,0.53160000,630.02000000,0.5341
1749263840,0.53150000,459.80000000,0.5341
1749263840,0.53140000,2593.68000000,0.5341
1749263840,0.53130000,585.98000000,0.5341
1749263840,0.53120000,459.82000000,0.5341
1749263840,0.53110000,2008.85000000,0.5341
1749263840,0.53100000,473.94000000,0.5341
1749263840,0.53090000,128531.10000000,0.5341
1749263840,0.53080000,180310.64000000,0.5341
1749263840,0.53070000,5180.88000000,0.5341
1749263840,0.53060000,459.80000000,0.5341
1749263840,0.53050000,459.80000000,0.5341
1749263840,0.53040000,2022.95000000,0.5341
1749263840,0.53030000,459.85000000,0.5341
1749263840,0.53020000,12847.50000000,0.5341
1749263840,0.53010000,2447.66000000,0.5341
1749263840,0.53000000,2391.84000000,0.5341
1749263840,0.52990000,42030.53000000,0.5341
1749263840,0.52980000,2023.02000000,0.5341
1749263840,0.52970000,5175.65000000,0.5341
1749263840,0.52960000,65106.69000000,0.5341
1749263840,0.52950000,2023.03000000,0.5341
1749263840,0.52940000,18.88000000,0.5341
1749263840,0.52930000,555.21000000,0.5341
1749263840,0.52920000,33.00000000,0.5341
1749263840,0.52910000,1567.93000000,0.5341
1749263840,0.52900000,18.89000000,0.5341
1749263840,0.52890000,2197.86000000,0.5341
1749263840,0.52880000,1567.93000000,0.5341
1749263840,0.52870000,18.91000000,0.5341
1749263840,0.52860000,33.02000000,0.5341
1749263840,0.52850000,1567.95000000,0.5341
1749263840,0.52840000,18.91000000,0.5341
1749263840,0.52830000,43.00000000,0.5341
1749263840,0.52820000,18.89000000,0.5341
1749263840,0.52810000,1847.49000000,0.5341
1749263840,0.52800000,28.23000000,0.5341
1749263840,0.52790000,491.86000000,0.5341
1749263840,0.52780000,1578.49000000,0.5341
1749263840,0.52770000,33.05000000,0.5341
1749263840,0.52760000,1779.53000000,0.5341
1749263840,0.52750000,1567.99000000,0.5341
1749263840,0.52740000,33.06000000,0.5341
1749263840,0.52730000,18.96000000,0.5341
1749263840,0.52720000,18.96000000,0.5341
1749263840,0.52710000,277.20000000,0.5341
1749263840,0.52700000,1567.74000000,0.5341
1749263840,0.52690000,63789.13000000,0.5341
1749263840,0.52680000,32.81000000,0.5341
1749263840,0.52670000,1567.75000000,0.5341
1749263840,0.52660000,503.81000000,0.5341
1749263840,0.52650000,32.83000000,0.5341
1749263840,0.52640000,4585.70000000,0.5341
1749263840,0.52620000,14.11000000,0.5341
1749263840,0.52590000,1563.15000000,0.5341
1749263840,0.52580000,86820.14000000,0.5341
1749263840,0.52560000,1563.15000000,0.5341
1749263840,0.52530000,1563.16000000,0.5341
1749263840,0.52510000,26.42000000,0.5341
1749263840,0.52500000,1563.16000000,0.5341
1749263840,0.52470000,1563.17000000,0.5341
1749263840,0.52440000,1549.04000000,0.5341
1749263840,0.52430000,3048.83000000,0.5341
1749263840,0.52380000,1549.04000000,0.5341
1749263840,0.52340000,10.00000000,0.5341
1749263840,0.52320000,84119.91000000,0.5341
1749263840,0.52280000,776.58000000,0.5341
1749263840,0.52250000,47.37000000,0.5341
1749263840,0.52230000,57.43000000,0.5341
1749263840,0.52180000,886.81000000,0.5341
1749263840,0.52170000,3064.02000000,0.5341
1749263840,0.52150000,521.55000000,0.5341
1749263840,0.52120000,522.13000000,0.5341
1749263840,0.52100000,10.11000000,0.5341
1749263840,0.52070000,10.32000000,0.5341
1749263840,0.52050000,127468.98000000,0.5341
1749264142,0.53410000,848.13000000,0.5341
1749264142,0.53400000,1693.41000000,0.5341
1749264142,0.53390000,4158.86000000,0.5341
1749264142,0.53380000,2778.62000000,0.5341
1749264142,0.53370000,1868.81000000,0.5341
1749264142,0.53360000,3838.98000000,0.5341
1749264142,0.53350000,12168.38000000,0.5341
1749264142,0.53340000,20684.67000000,0.5341
1749264142,0.53330000,16403.23000000,0.5341
1749264142,0.53320000,3293.82000000,0.5341
1749264142,0.53310000,5456.51000000,0.5341
1749264142,0.53300000,12580.83000000,0.5341
1749264142,0.53290000,29054.48000000,0.5341
1749264142,0.53280000,6837.74000000,0.5341
1749264142,0.53270000,24791.37000000,0.5341
1749264142,0.53260000,14234.40000000,0.5341
1749264142,0.53250000,6565.87000000,0.5341
1749264142,0.53240000,46839.41000000,0.5341
1749264142,0.53230000,85782.27000000,0.5341
1749264142,0.53220000,1737.73000000,0.5341
1749264142,0.53210000,391.01000000,0.5341
1749264142,0.53200000,127370.61000000,0.5341
1749264142,0.53190000,1581.93000000,0.5341
1749264142,0.53180000,7651.37000000,0.5341
1749264142,0.53170000,459.80000000,0.5341
1749264142,0.53160000,586.44000000,0.5341
1749264142,0.53150000,169867.33000000,0.5341
1749264142,0.53140000,2593.79000000,0.5341
1749264142,0.53130000,473.92000000,0.5341
1749264142,0.53120000,459.82000000,0.5341
1749264142,0.53110000,2008.85000000,0.5341
1749264142,0.53100000,473.94000000,0.5341
1749264142,0.53090000,9352.33000000,0.5341
1749264142,0.53080000,43579.50000000,0.5341
1749264142,0.53070000,473.93000000,0.5341
1749264142,0.53060000,13278.77000000,0.5341
1749264142,0.53050000,5168.33000000,0.5341
1749264142,0.53040000,2022.95000000,0.5341
1749264142,0.53030000,459.85000000,0.5341
1749264142,0.53020000,1574.27000000,0.5341
1749264142,0.53010000,2447.66000000,0.5341
1749264142,0.53000000,555.10000000,0.5341
1749264142,0.52990000,459.87000000,0.5341
1749264142,0.52980000,2023.02000000,0.5341
1749264142,0.52970000,459.87000000,0.5341
1749264142,0.52960000,63108.52000000,0.5341
1749264142,0.52950000,1582.03000000,0.5341
1749264142,0.52940000,4737.28000000,0.5341
1749264142,0.52930000,29.37000000,0.5341
1749264142,0.52920000,33.00000000,0.5341
1749264142,0.52910000,1567.93000000,0.5341
1749264142,0.52900000,18.89000000,0.5341
1749264142,0.52890000,221.74000000,0.5341
1749264142,0.52880000,65338.36000000,0.5341
1749264142,0.52870000,18.91000000,0.5341
1749264142,0.52860000,33.02000000,0.5341
1749264142,0.52850000,1567.95000000,0.5341
1749264142,0.52840000,18.91000000,0.5341
1749264142,0.52830000,43.00000000,0.5341
1749264142,0.52820000,262.52000000,0.5341
1749264142,0.52810000,1847.49000000,0.5341
1749264142,0.52800000,310.46000000,0.5341
1749264142,0.52790000,18.93000000,0.5341
1749264142,0.52780000,1567.98000000,0.5341
1749264142,0.52770000,33.05000000,0.5341
1749264142,0.52760000,29.06000000,0.5341
1749264142,0.52750000,4598.32000000,0.5341
1749264142,0.52740000,33.06000000,0.5341
1749264142,0.52730000,18.96000000,0.5341
1749264142,0.52720000,18.70000000,0.5341
1749264142,0.52710000,32.81000000,0.5341
1749264142,0.52700000,1567.74000000,0.5341
1749264142,0.52690000,18.70000000,0.5341
1749264142,0.52680000,32.82000000,0.5341
1749264142,0.52670000,1567.75000000,0.5341
1749264142,0.52660000,503.83000000,0.5341
1749264142,0.52650000,14.11000000,0.5341
1749264142,0.52640000,1549.04000000,0.5341
1749264142,0.52620000,14.11000000,0.5341
1749264142,0.52590000,1563.15000000,0.5341
1749264142,0.52580000,86820.14000000,0.5341
1749264142,0.52560000,1563.15000000,0.5341
1749264142,0.52530000,1563.16000000,0.5341
1749264142,0.52510000,26.42000000,0.5341
1749264142,0.52500000,1563.16000000,0.5341
1749264142,0.52470000,1563.17000000,0.5341
1749264142,0.52450000,190.32000000,0.5341
1749264142,0.52410000,3097.22000000,0.5341
1749264142,0.52340000,10.00000000,0.5341
1749264142,0.52320000,84119.91000000,0.5341
1749264142,0.52280000,776.58000000,0.5341
1749264142,0.52270000,665.40000000,0.5341
1749264142,0.52230000,57.43000000,0.5341
1749264142,0.52170000,3064.02000000,0.5341
1749264142,0.52150000,521.55000000,0.5341
1749264142,0.52120000,522.13000000,0.5341
1749264142,0.52100000,10.11000000,0.5341
1749264142,0.52070000,10.32000000,0.5341
1749264142,0.52050000,127468.98000000,0.5341
1749264142,0.52000000,4950.66000000,0.5341
1749264448,0.53430000,18.70000000,0.5344
1749264448,0.53420000,18.70000000,0.5344
1749264448,0.53410000,713.59000000,0.5344
1749264448,0.53400000,2399.69000000,0.5344
1749264448,0.53390000,3195.34000000,0.5344
1749264448,0.53380000,3558.10000000,0.5344
1749264448,0.53370000,2648.83000000,0.5344
1749264448,0.53360000,3765.08000000,0.5344
1749264448,0.53350000,4308.07000000,0.5344
1749264448,0.53340000,1913.85000000,0.5344
1749264448,0.53330000,3562.61000000,0.5344
1749264448,0.53320000,7248.81000000,0.5344
1749264448,0.53310000,18036.88000000,0.5344
1749264448,0.53300000,27797.76000000,0.5344
1749264448,0.53290000,16572.75000000,0.5344
1749264448,0.53280000,26258.11000000,0.5344
1749264448,0.53270000,2439.01000000,0.5344
1749264448,0.53260000,127953.62000000,0.5344
1749264448,0.53250000,7683.53000000,0.5344
1749264448,0.53240000,3080.48000000,0.5344
1749264448,0.53230000,459.76000000,0.5344
1749264448,0.53220000,128648.52000000,0.5344
1749264448,0.53210000,8827.37000000,0.5344
1749264448,0.53200000,16659.52000000,0.5344
1749264448,0.53190000,2137.75000000,0.5344
1749264448,0.53180000,172362.18000000,0.5344
1749264448,0.53170000,459.80000000,0.5344
1749264448,0.53160000,473.90000000,0.5344
1749264448,0.53150000,459.80000000,0.5344
1749264448,0.53140000,2478.99000000,0.5344
1749264448,0.53130000,473.92000000,0.5344
1749264448,0.53120000,9346.09000000,0.5344
1749264448,0.53110000,2008.85000000,0.5344
1749264448,0.53100000,6828.27000000,0.5344
1749264448,0.53090000,13266.67000000,0.5344
1749264448,0.53080000,43579.50000000,0.5344
1749264448,0.53070000,63563.57000000,0.5344
1749264448,0.53060000,459.80000000,0.5344
1749264448,0.53050000,18.80000000,0.5344
1749264448,0.53040000,1581.95000000,0.5344
1749264448,0.53030000,459.85000000,0.5344
1749264448,0.53020000,18.86000000,0.5344
1749264448,0.53010000,2447.66000000,0.5344
1749264448,0.53000000,18.86000000,0.5344
1749264448,0.52990000,18.87000000,0.5344
1749264448,0.52980000,6737.99000000,0.5344
1749264448,0.52970000,18.87000000,0.5344
1749264448,0.52960000,18.88000000,0.5344
1749264448,0.52950000,2023.03000000,0.5344
1749264448,0.52940000,18.88000000,0.5344
1749264448,0.52930000,311.40000000,0.5344
1749264448,0.52920000,33.00000000,0.5344
1749264448,0.52910000,1567.93000000,0.5344
1749264448,0.52900000,18.89000000,0.5344
1749264448,0.52890000,33.00000000,0.5344
1749264448,0.52880000,65338.36000000,0.5344
1749264448,0.52870000,18.91000000,0.5344
1749264448,0.52860000,33.02000000,0.5344
1749264448,0.52850000,1756.83000000,0.5344
1749264448,0.52840000,18.91000000,0.5344
1749264448,0.52830000,43.00000000,0.5344
1749264448,0.52820000,262.52000000,0.5344
1749264448,0.52810000,88667.63000000,0.5344
1749264448,0.52800000,28.23000000,0.5344
1749264448,0.52790000,18.93000000,0.5344
1749264448,0.52780000,1567.98000000,0.5344
1749264448,0.52770000,33.05000000,0.5344
1749264448,0.52760000,29.06000000,0.5344
1749264448,0.52750000,4598.32000000,0.5344
1749264448,0.52740000,33.06000000,0.5344
1749264448,0.52730000,18.69000000,0.5344
1749264448,0.52720000,18.69000000,0.5344
1749264448,0.52710000,32.81000000,0.5344
1749264448,0.52700000,1567.74000000,0.5344
1749264448,0.52690000,503.44000000,0.5344
1749264448,0.52680000,32.82000000,0.5344
1749264448,0.52670000,1549.04000000,0.5344
1749264448,0.52650000,14.11000000,0.5344
1749264448,0.52640000,1549.04000000,0.5344
1749264448,0.52620000,14.11000000,0.5344
1749264448,0.52590000,1563.15000000,0.5344
1749264448,0.52560000,1563.15000000,0.5344
1749264448,0.52530000,1563.16000000,0.5344
1749264448,0.52510000,26.42000000,0.5344
1749264448,0.52500000,1563.16000000,0.5344
1749264448,0.52470000,1563.17000000,0.5344
1749264448,0.52410000,3097.22000000,0.5344
1749264448,0.52340000,10.00000000,0.5344
1749264448,0.52320000,84119.91000000,0.5344
1749264448,0.52280000,776.58000000,0.5344
1749264448,0.52270000,665.40000000,0.5344
1749264448,0.52230000,57.43000000,0.5344
1749264448,0.52170000,3064.02000000,0.5344
1749264448,0.52150000,521.55000000,0.5344
1749264448,0.52120000,522.13000000,0.5344
1749264448,0.52100000,10.11000000,0.5344
1749264448,0.52070000,10.32000000,0.5344
1749264448,0.52050000,127468.98000000,0.5344
1749264448,0.52000000,4950.66000000,0.5344
1749264448,0.51950000,251.01000000,0.5344
1749264751,0.53560000,415.90000000,0.5355
1749264751,0.53550000,1644.46000000,0.5355
1749264751,0.53540000,2258.07000000,0.5355
1749264751,0.53530000,2162.88000000,0.5355
1749264751,0.53520000,2567.88000000,0.5355
1749264751,0.53510000,3076.27000000,0.5355
1749264751,0.53500000,1906.30000000,0.5355
1749264751,0.53490000,2405.81000000,0.5355
1749264751,0.53480000,3893.20000000,0.5355
1749264751,0.53470000,1610.79000000,0.5355
1749264751,0.53460000,3741.05000000,0.5355
1749264751,0.53450000,5602.64000000,0.5355
1749264751,0.53440000,6333.19000000,0.5355
1749264751,0.53430000,19409.37000000,0.5355
1749264751,0.53420000,9987.63000000,0.5355
1749264751,0.53410000,16507.61000000,0.5355
1749264751,0.53400000,28955.80000000,0.5355
1749264751,0.53390000,713.90000000,0.5355
1749264751,0.53380000,2022.82000000,0.5355
1749264751,0.53370000,20953.12000000,0.5355
1749264751,0.53360000,473.79000000,0.5355
1749264751,0.53350000,7026.83000000,0.5355
1749264751,0.53340000,45058.06000000,0.5355
1749264751,0.53330000,13458.16000000,0.5355
1749264751,0.53320000,15406.78000000,0.5355
1749264751,0.53310000,588.64000000,0.5355
1749264751,0.53300000,83130.81000000,0.5355
1749264751,0.53290000,4156.27000000,0.5355
1749264751,0.53280000,629.40000000,0.5355
1749264751,0.53270000,459.77000000,0.5355
1749264751,0.53260000,459.77000000,0.5355
1749264751,0.53250000,2022.89000000,0.5355
1749264751,0.53240000,9329.88000000,0.5355
1749264751,0.53230000,13225.67000000,0.5355
1749264751,0.53220000,128492.72000000,0.5355
1749264751,0.53210000,1941.13000000,0.5355
1749264751,0.53200000,5155.15000000,0.5355
1749264751,0.53190000,2022.93000000,0.5355
1749264751,0.53180000,169867.33000000,0.5355
1749264751,0.53170000,42030.46000000,0.5355
1749264751,0.53160000,473.90000000,0.5355
1749264751,0.53150000,459.80000000,0.5355
1749264751,0.53140000,2478.99000000,0.5355
1749264751,0.53130000,473.92000000,0.5355
1749264751,0.53120000,459.82000000,0.5355
1749264751,0.53110000,2008.85000000,0.5355
1749264751,0.53100000,473.94000000,0.5355
1749264751,0.53090000,557.26000000,0.5355
1749264751,0.53080000,6714.33000000,0.5355
1749264751,0.53070000,63563.57000000,0.5355
1749264751,0.53060000,18.80000000,0.5355
1749264751,0.53050000,18.80000000,0.5355
1749264751,0.53040000,1581.95000000,0.5355
1749264751,0.53030000,18.85000000,0.5355
1749264751,0.53020000,18.86000000,0.5355
1749264751,0.53010000,1794.28000000,0.5355
1749264751,0.53000000,18.86000000,0.5355
1749264751,0.52990000,18.87000000,0.5355
1749264751,0.52980000,1582.02000000,0.5355
1749264751,0.52970000,18.87000000,0.5355
1749264751,0.52960000,18.88000000,0.5355
1749264751,0.52950000,1582.03000000,0.5355
1749264751,0.52940000,18.88000000,0.5355
1749264751,0.52930000,837.10000000,0.5355
1749264751,0.52920000,64.04000000,0.5355
1749264751,0.52910000,1567.93000000,0.5355
1749264751,0.52900000,18.89000000,0.5355
1749264751,0.52890000,33.00000000,0.5355
1749264751,0.52880000,65338.36000000,0.5355
1749264751,0.52870000,18.91000000,0.5355
1749264751,0.52860000,33.02000000,0.5355
1749264751,0.52850000,1567.95000000,0.5355
1749264751,0.52840000,18.91000000,0.5355
1749264751,0.52830000,43.00000000,0.5355
1749264751,0.52820000,18.89000000,0.5355
1749264751,0.52810000,88387.84000000,0.5355
1749264751,0.52800000,14.11000000,0.5355
1749264751,0.52790000,483.86000000,0.5355
1749264751,0.52780000,1549.04000000,0.5355
1749264751,0.52770000,14.11000000,0.5355
1749264751,0.52760000,10.11000000,0.5355
1749264751,0.52750000,4579.37000000,0.5355
1749264751,0.52740000,14.11000000,0.5355
1749264751,0.52710000,14.11000000,0.5355
1749264751,0.52700000,1549.04000000,0.5355
1749264751,0.52680000,14.11000000,0.5355
1749264751,0.52670000,1549.04000000,0.5355
1749264751,0.52650000,14.11000000,0.5355
1749264751,0.52640000,1549.04000000,0.5355
1749264751,0.52620000,14.11000000,0.5355
1749264751,0.52590000,1563.15000000,0.5355
1749264751,0.52560000,1563.15000000,0.5355
1749264751,0.52540000,3042.44000000,0.5355
1749264751,0.52530000,14.12000000,0.5355
1749264751,0.52510000,26.42000000,0.5355
1749264751,0.52500000,14.12000000,0.5355
1749264751,0.52470000,14.13000000,0.5355
1749264751,0.52440000,57.19000000,0.5355
1749264751,0.52410000,47.23000000,0.5355
1749264751,0.52360000,524.18000000,0.5355
1749265052,0.53620000,908.61000000,0.5363
1749265052,0.53610000,1331.62000000,0.5363
1749265052,0.53600000,2292.91000000,0.5363
1749265052,0.53590000,2711.80000000,0.5363
1749265052,0.53580000,4745.51000000,0.5363
1749265052,0.53570000,2017.22000000,0.5363
1749265052,0.53560000,2004.78000000,0.5363
1749265052,0.53550000,4673.92000000,0.5363
1749265052,0.53540000,4309.65000000,0.5363
1749265052,0.53530000,13031.13000000,0.5363
1749265052,0.53520000,15667.85000000,0.5363
1749265052,0.53510000,17112.06000000,0.5363
1749265052,0.53500000,28926.53000000,0.5363
1749265052,0.53490000,5168.84000000,0.5363
1749265052,0.53480000,36857.52000000,0.5363
1749265052,0.53470000,4590.58000000,0.5363
1749265052,0.53460000,1705.01000000,0.5363
1749265052,0.53450000,44391.15000000,0.5363
1749265052,0.53440000,8183.03000000,0.5363
1749265052,0.53430000,12599.67000000,0.5363
1749265052,0.53420000,9352.85000000,0.5363
1749265052,0.53410000,459.70000000,0.5363
1749265052,0.53400000,629.62000000,0.5363
1749265052,0.53390000,572.23000000,0.5363
1749265052,0.53380000,89119.41000000,0.5363
1749265052,0.53370000,13190.50000000,0.5363
1749265052,0.53360000,2005.82000000,0.5363
1749265052,0.53350000,4192.23000000,0.5363
1749265052,0.53340000,126943.62000000,0.5363
1749265052,0.53330000,459.73000000,0.5363
1749265052,0.53320000,171416.32000000,0.5363
1749265052,0.53310000,571.00000000,0.5363
1749265052,0.53300000,14003.67000000,0.5363
1749265052,0.53290000,4043.95000000,0.5363
1749265052,0.53280000,473.83000000,0.5363
1749265052,0.53270000,459.77000000,0.5363
1749265052,0.53260000,42030.43000000,0.5363
1749265052,0.53250000,2022.89000000,0.5363
1749265052,0.53240000,459.76000000,0.5363
1749265052,0.53230000,459.76000000,0.5363
1749265052,0.53220000,1581.90000000,0.5363
1749265052,0.53210000,391.01000000,0.5363
1749265052,0.53200000,459.79000000,0.5363
1749265052,0.53190000,6718.83000000,0.5363
1749265052,0.53180000,63549.44000000,0.5363
1749265052,0.53170000,459.80000000,0.5363
1749265052,0.53160000,473.90000000,0.5363
1749265052,0.53150000,459.80000000,0.5363
1749265052,0.53140000,3751.13000000,0.5363
1749265052,0.53130000,32.92000000,0.5363
1749265052,0.53120000,18.82000000,0.5363
1749265052,0.53110000,1567.85000000,0.5363
1749265052,0.53100000,32.94000000,0.5363
1749265052,0.53090000,18.80000000,0.5363
1749265052,0.53080000,1567.84000000,0.5363
1749265052,0.53070000,63813.81000000,0.5363
1749265052,0.53060000,18.80000000,0.5363
1749265052,0.53050000,3600.78000000,0.5363
1749265052,0.53040000,1824.59000000,0.5363
1749265052,0.53030000,18.85000000,0.5363
1749265052,0.53020000,18.86000000,0.5363
1749265052,0.53010000,1582.01000000,0.5363
1749265052,0.53000000,18.86000000,0.5363
1749265052,0.52990000,18.87000000,0.5363
1749265052,0.52980000,1582.02000000,0.5363
1749265052,0.52970000,18.87000000,0.5363
1749265052,0.52960000,18.88000000,0.5363
1749265052,0.52950000,1582.03000000,0.5363
1749265052,0.52940000,18.88000000,0.5363
1749265052,0.52930000,18.89000000,0.5363
1749265052,0.52920000,64.04000000,0.5363
1749265052,0.52910000,1567.93000000,0.5363
1749265052,0.52900000,18.63000000,0.5363
1749265052,0.52890000,32.74000000,0.5363
1749265052,0.52880000,1567.68000000,0.5363
1749265052,0.52870000,501.74000000,0.5363
1749265052,0.52860000,14.11000000,0.5363
1749265052,0.52850000,1549.04000000,0.5363
1749265052,0.52830000,24.11000000,0.5363
1749265052,0.52810000,88369.18000000,0.5363
1749265052,0.52800000,3041.57000000,0.5363
1749265052,0.52780000,1549.04000000,0.5363
1749265052,0.52770000,14.11000000,0.5363
1749265052,0.52760000,10.11000000,0.5363
1749265052,0.52750000,1549.04000000,0.5363
1749265052,0.52740000,14.11000000,0.5363
1749265052,0.52710000,14.11000000,0.5363
1749265052,0.52700000,1549.04000000,0.5363
1749265052,0.52680000,14.11000000,0.5363
1749265052,0.52670000,85637.55000000,0.5363
1749265052,0.52650000,14.11000000,0.5363
1749265052,0.52640000,1549.04000000,0.5363
1749265052,0.52620000,14.11000000,0.5363
1749265052,0.52590000,14.11000000,0.5363
1749265052,0.52570000,47.09000000,0.5363
1749265052,0.52560000,14.11000000,0.5363
1749265052,0.52530000,14.12000000,0.5363
1749265052,0.52510000,26.42000000,0.5363
1749265052,0.52500000,14.12000000,0.5363
1749265052,0.52470000,14.13000000,0.5363
1749265364,0.53540000,1724.66000000,0.5354
1749265364,0.53530000,2311.73000000,0.5354
1749265364,0.53520000,3842.61000000,0.5354
1749265364,0.53510000,2174.04000000,0.5354
1749265364,0.53500000,2440.81000000,0.5354
1749265364,0.53490000,2625.36000000,0.5354
1749265364,0.53480000,4253.37000000,0.5354
1749265364,0.53470000,2629.82000000,0.5354
1749265364,0.53460000,5369.63000000,0.5354
1749265364,0.53450000,5364.88000000,0.5354
1749265364,0.53440000,7395.24000000,0.5354
1749265364,0.53430000,20858.77000000,0.5354
1749265364,0.53420000,16720.61000000,0.5354
1749265364,0.53410000,5355.77000000,0.5354
1749265364,0.53400000,41987.89000000,0.5354
1749265364,0.53390000,10825.00000000,0.5354
1749265364,0.53380000,20082.26000000,0.5354
1749265364,0.53370000,473.78000000,0.5354
1749265364,0.53360000,93486.79000000,0.5354
1749265364,0.53350000,51312.90000000,0.5354
1749265364,0.53340000,4684.08000000,0.5354
1749265364,0.53330000,459.73000000,0.5354
1749265364,0.53320000,298327.14000000,0.5354
1749265364,0.53310000,587.97000000,0.5354
1749265364,0.53300000,459.75000000,0.5354
1749265364,0.53290000,4457.82000000,0.5354
1749265364,0.53280000,5538.89000000,0.5354
1749265364,0.53270000,982.62000000,0.5354
1749265364,0.53260000,42030.43000000,0.5354
1749265364,0.53250000,2022.89000000,0.5354
1749265364,0.53240000,459.76000000,0.5354
1749265364,0.53230000,459.76000000,0.5354
1749265364,0.53220000,2022.90000000,0.5354
1749265364,0.53210000,9264.23000000,0.5354
1749265364,0.53200000,459.79000000,0.5354
1749265364,0.53190000,2022.93000000,0.5354
1749265364,0.53180000,76327.36000000,0.5354
1749265364,0.53170000,5255.23000000,0.5354
1749265364,0.53160000,2025.47000000,0.5354
1749265364,0.53150000,18.80000000,0.5354
1749265364,0.53140000,2037.99000000,0.5354
1749265364,0.53130000,32.92000000,0.5354
1749265364,0.53120000,18.82000000,0.5354
1749265364,0.53110000,1567.85000000,0.5354
1749265364,0.53100000,1747.53000000,0.5354
1749265364,0.53090000,18.80000000,0.5354
1749265364,0.53080000,3308.18000000,0.5354
1749265364,0.53070000,63813.81000000,0.5354
1749265364,0.53060000,4726.28000000,0.5354
1749265364,0.53050000,18.80000000,0.5354
1749265364,0.53040000,1581.95000000,0.5354
1749265364,0.53030000,18.85000000,0.5354
1749265364,0.53020000,18.86000000,0.5354
1749265364,0.53010000,1582.01000000,0.5354
1749265364,0.53000000,18.86000000,0.5354
1749265364,0.52990000,18.87000000,0.5354
1749265364,0.52980000,1582.02000000,0.5354
1749265364,0.52970000,18.87000000,0.5354
1749265364,0.52960000,18.88000000,0.5354
1749265364,0.52950000,1582.03000000,0.5354
1749265364,0.52940000,261.98000000,0.5354
1749265364,0.52930000,3600.29000000,0.5354
1749265364,0.52920000,64.04000000,0.5354
1749265364,0.52910000,1567.93000000,0.5354
1749265364,0.52900000,18.63000000,0.5354
1749265364,0.52890000,32.74000000,0.5354
1749265364,0.52880000,1567.68000000,0.5354
1749265364,0.52870000,18.64000000,0.5354
1749265364,0.52860000,32.75000000,0.5354
1749265364,0.52850000,1567.69000000,0.5354
1749265364,0.52840000,18.65000000,0.5354
1749265364,0.52830000,42.76000000,0.5354
1749265364,0.52820000,18.65000000,0.5354
1749265364,0.52810000,88387.84000000,0.5354
1749265364,0.52800000,32.77000000,0.5354
1749265364,0.52790000,18.67000000,0.5354
1749265364,0.52780000,2032.97000000,0.5354
1749265364,0.52770000,14.11000000,0.5354
1749265364,0.52760000,10.11000000,0.5354
1749265364,0.52750000,1549.04000000,0.5354
1749265364,0.52740000,14.11000000,0.5354
1749265364,0.52710000,14.11000000,0.5354
1749265364,0.52700000,1549.04000000,0.5354
1749265364,0.52680000,3048.47000000,0.5354
1749265364,0.52670000,85637.55000000,0.5354
1749265364,0.52650000,14.11000000,0.5354
1749265364,0.52640000,1549.04000000,0.5354
1749265364,0.52620000,14.11000000,0.5354
1749265364,0.52590000,14.11000000,0.5354
1749265364,0.52570000,47.09000000,0.5354
1749265364,0.52560000,14.11000000,0.5354
1749265364,0.52530000,14.12000000,0.5354
1749265364,0.52510000,26.42000000,0.5354
1749265364,0.52500000,14.12000000,0.5354
1749265364,0.52470000,14.13000000,0.5354
1749265364,0.52440000,57.19000000,0.5354
1749265364,0.52400000,3576.85000000,0.5354
1749265364,0.52360000,524.18000000,0.5354
1749265364,0.52340000,10.00000000,0.5354
1749265364,0.52320000,31.40000000,0.5354
1749265665,0.53640000,846.04000000,0.5364
1749265665,0.53630000,2269.69000000,0.5364
1749265665,0.53620000,2843.02000000,0.5364
1749265665,0.53610000,1328.25000000,0.5364
1749265665,0.53600000,1700.04000000,0.5364
1749265665,0.53590000,2778.90000000,0.5364
1749265665,0.53580000,4774.03000000,0.5364
1749265665,0.53570000,6957.75000000,0.5364
1749265665,0.53560000,6296.51000000,0.5364
1749265665,0.53550000,17674.00000000,0.5364
1749265665,0.53540000,18674.16000000,0.5364
1749265665,0.53530000,8546.20000000,0.5364
1749265665,0.53520000,3094.67000000,0.5364
1749265665,0.53510000,3198.02000000,0.5364
1749265665,0.53500000,27199.25000000,0.5364
1749265665,0.53490000,28123.04000000,0.5364
1749265665,0.53480000,43282.72000000,0.5364
1749265665,0.53470000,6803.01000000,0.5364
1749265665,0.53460000,14147.30000000,0.5364
1749265665,0.53450000,15219.49000000,0.5364
1749265665,0.53440000,1510.53000000,0.5364
1749265665,0.53430000,473.73000000,0.5364
1749265665,0.53420000,2008.74000000,0.5364
1749265665,0.53410000,459.70000000,0.5364
1749265665,0.53400000,83018.81000000,0.5364
1749265665,0.53390000,5138.63000000,0.5364
1749265665,0.53380000,4510.75000000,0.5364
1749265665,0.53370000,587.22000000,0.5364
1749265665,0.53360000,873.06000000,0.5364
1749265665,0.53350000,4192.23000000,0.5364
1749265665,0.53340000,32.80000000,0.5364
1749265665,0.53330000,459.73000000,0.5364
1749265665,0.53320000,307558.35000000,0.5364
1749265665,0.53310000,6707.27000000,0.5364
1749265665,0.53300000,459.75000000,0.5364
1749265665,0.53290000,4043.95000000,0.5364
1749265665,0.53280000,13215.66000000,0.5364
1749265665,0.53270000,1281.75000000,0.5364
1749265665,0.53260000,42030.43000000,0.5364
1749265665,0.53250000,2022.89000000,0.5364
1749265665,0.53240000,459.76000000,0.5364
1749265665,0.53230000,459.76000000,0.5364
1749265665,0.53220000,2022.90000000,0.5364
1749265665,0.53210000,18.79000000,0.5364
1749265665,0.53200000,18.79000000,0.5364
1749265665,0.53190000,2022.93000000,0.5364
1749265665,0.53180000,63108.44000000,0.5364
1749265665,0.53170000,6551.57000000,0.5364
1749265665,0.53160000,473.90000000,0.5364
1749265665,0.53150000,18.80000000,0.5364
1749265665,0.53140000,2037.99000000,0.5364
1749265665,0.53130000,32.92000000,0.5364
1749265665,0.53120000,18.82000000,0.5364
1749265665,0.53110000,1567.85000000,0.5364
1749265665,0.53100000,1747.53000000,0.5364
1749265665,0.53090000,18.80000000,0.5364
1749265665,0.53080000,1567.84000000,0.5364
1749265665,0.53070000,63813.81000000,0.5364
1749265665,0.53060000,18.80000000,0.5364
1749265665,0.53050000,827.30000000,0.5364
1749265665,0.53040000,4595.71000000,0.5364
1749265665,0.53030000,18.85000000,0.5364
1749265665,0.53020000,18.86000000,0.5364
1749265665,0.53010000,1582.01000000,0.5364
1749265665,0.53000000,18.86000000,0.5364
1749265665,0.52990000,18.87000000,0.5364
1749265665,0.52980000,1582.02000000,0.5364
1749265665,0.52970000,18.87000000,0.5364
1749265665,0.52960000,18.88000000,0.5364
1749265665,0.52950000,1582.03000000,0.5364
1749265665,0.52940000,18.88000000,0.5364
1749265665,0.52930000,18.89000000,0.5364
1749265665,0.52920000,64.04000000,0.5364
1749265665,0.52910000,1567.67000000,0.5364
1749265665,0.52900000,18.63000000,0.5364
1749265665,0.52890000,515.74000000,0.5364
1749265665,0.52880000,1549.04000000,0.5364
1749265665,0.52860000,14.11000000,0.5364
1749265665,0.52850000,1549.04000000,0.5364
1749265665,0.52830000,3049.85000000,0.5364
1749265665,0.52810000,88369.18000000,0.5364
1749265665,0.52800000,14.11000000,0.5364
1749265665,0.52780000,1549.04000000,0.5364
1749265665,0.52770000,14.11000000,0.5364
1749265665,0.52760000,10.11000000,0.5364
1749265665,0.52750000,1549.04000000,0.5364
1749265665,0.52740000,14.11000000,0.5364
1749265665,0.52710000,14.11000000,0.5364
1749265665,0.52700000,1549.04000000,0.5364
1749265665,0.52680000,14.11000000,0.5364
1749265665,0.52670000,85637.55000000,0.5364
1749265665,0.52650000,14.11000000,0.5364
1749265665,0.52640000,1549.04000000,0.5364
1749265665,0.52620000,14.11000000,0.5364
1749265665,0.52590000,14.11000000,0.5364
1749265665,0.52570000,47.09000000,0.5364
1749265665,0.52560000,14.11000000,0.5364
1749265665,0.52530000,14.12000000,0.5364
1749265665,0.52510000,26.42000000,0.5364
1749265665,0.52500000,14.12000000,0.5364
1749265967,0.53820000,660.40000000,0.5382
1749265967,0.53810000,982.88000000,0.5382
1749265967,0.53800000,1984.79000000,0.5382
1749265967,0.53790000,2190.66000000,0.5382
1749265967,0.53780000,2111.38000000,0.5382
1749265967,0.53770000,4187.70000000,0.5382
1749265967,0.53760000,6868.07000000,0.5382
1749265967,0.53750000,13320.30000000,0.5382
1749265967,0.53740000,17170.61000000,0.5382
1749265967,0.53730000,11434.96000000,0.5382
1749265967,0.53720000,1916.38000000,0.5382
1749265967,0.53710000,4396.94000000,0.5382
1749265967,0.53700000,12005.11000000,0.5382
1749265967,0.53690000,28560.31000000,0.5382
1749265967,0.53680000,24492.68000000,0.5382
1749265967,0.53670000,8259.91000000,0.5382
1749265967,0.53660000,48580.62000000,0.5382
1749265967,0.53650000,2301.13000000,0.5382
1749265967,0.53640000,8247.84000000,0.5382
1749265967,0.53630000,272.73000000,0.5382
1749265967,0.53620000,14818.86000000,0.5382
1749265967,0.53610000,6630.69000000,0.5382
1749265967,0.53600000,459.65000000,0.5382
1749265967,0.53590000,930.55000000,0.5382
1749265967,0.53580000,4723.07000000,0.5382
1749265967,0.53570000,18.66000000,0.5382
1749265967,0.53560000,83.98000000,0.5382
1749265967,0.53550000,2022.70000000,0.5382
1749265967,0.53540000,5037.52000000,0.5382
1749265967,0.53530000,2484.77000000,0.5382
1749265967,0.53520000,2434.96000000,0.5382
1749265967,0.53510000,699.81000000,0.5382
1749265967,0.53500000,9667.16000000,0.5382
1749265967,0.53490000,2022.73000000,0.5382
1749265967,0.53480000,459.68000000,0.5382
1749265967,0.53470000,459.68000000,0.5382
1749265967,0.53460000,473.72000000,0.5382
1749265967,0.53450000,84817.88000000,0.5382
1749265967,0.53440000,579.21000000,0.5382
1749265967,0.53430000,5148.80000000,0.5382
1749265967,0.53420000,16244.73000000,0.5382
1749265967,0.53410000,459.70000000,0.5382
1749265967,0.53400000,473.73000000,0.5382
1749265967,0.53390000,459.72000000,0.5382
1749265967,0.53380000,128919.59000000,0.5382
1749265967,0.53370000,473.78000000,0.5382
1749265967,0.53360000,459.73000000,0.5382
1749265967,0.53350000,4192.23000000,0.5382
1749265967,0.53340000,32.80000000,0.5382
1749265967,0.53330000,459.73000000,0.5382
1749265967,0.53320000,171416.32000000,0.5382
1749265967,0.53310000,5159.64000000,0.5382
1749265967,0.53300000,459.75000000,0.5382
1749265967,0.53290000,3602.95000000,0.5382
1749265967,0.53280000,32.83000000,0.5382
1749265967,0.53270000,18.77000000,0.5382
1749265967,0.53260000,41589.43000000,0.5382
1749265967,0.53250000,1581.89000000,0.5382
1749265967,0.53240000,1728.85000000,0.5382
1749265967,0.53230000,3021.77000000,0.5382
1749265967,0.53220000,1581.90000000,0.5382
1749265967,0.53210000,18.79000000,0.5382
1749265967,0.53200000,18.79000000,0.5382
1749265967,0.53190000,1581.93000000,0.5382
1749265967,0.53180000,63108.44000000,0.5382
1749265967,0.53170000,681.49000000,0.5382
1749265967,0.53160000,32.90000000,0.5382
1749265967,0.53150000,18.80000000,0.5382
1749265967,0.53140000,2037.99000000,0.5382
1749265967,0.53130000,32.92000000,0.5382
1749265967,0.53120000,18.82000000,0.5382
1749265967,0.53110000,1567.85000000,0.5382
1749265967,0.53100000,32.94000000,0.5382
1749265967,0.53090000,18.80000000,0.5382
1749265967,0.53080000,1567.84000000,0.5382
1749265967,0.53070000,63803.36000000,0.5382
1749265967,0.53050000,242.59000000,0.5382
1749265967,0.53040000,1563.15000000,0.5382
1749265967,0.53010000,2044.95000000,0.5382
1749265967,0.52980000,1563.15000000,0.5382
1749265967,0.52960000,3018.32000000,0.5382
1749265967,0.52950000,1563.15000000,0.5382
1749265967,0.52920000,45.15000000,0.5382
1749265967,0.52910000,1549.04000000,0.5382
1749265967,0.52890000,14.11000000,0.5382
1749265967,0.52880000,1549.04000000,0.5382
1749265967,0.52860000,14.11000000,0.5382
1749265967,0.52850000,1549.04000000,0.5382
1749265967,0.52830000,34.52000000,0.5382
1749265967,0.52810000,86820.14000000,0.5382
1749265967,0.52800000,14.11000000,0.5382
1749265967,0.52790000,15.36000000,0.5382
1749265967,0.52770000,14.11000000,0.5382
1749265967,0.52760000,10.11000000,0.5382
1749265967,0.52750000,46.92000000,0.5382
1749265967,0.52740000,14.11000000,0.5382
1749265967,0.52710000,14.11000000,0.5382
1749265967,0.52680000,14.11000000,0.5382
1749265967,0.52670000,84088.51000000,0.5382
1749265967,0.52660000,56.96000000,0.5382
1749266273,0.53880000,459.56000000,0.5388
1749266273,0.53870000,743.88000000,0.5388
1749266273,0.53860000,1466.14000000,0.5388
1749266273,0.53850000,1502.41000000,0.5388
1749266273,0.53840000,3172.05000000,0.5388
1749266273,0.53830000,1739.73000000,0.5388
1749266273,0.53820000,2057.41000000,0.5388
1749266273,0.53810000,2708.06000000,0.5388
1749266273,0.53800000,3301.18000000,0.5388
1749266273,0.53790000,9368.43000000,0.5388
1749266273,0.53780000,10947.02000000,0.5388
1749266273,0.53770000,21489.46000000,0.5388
1749266273,0.53760000,5306.62000000,0.5388
1749266273,0.53750000,57596.23000000,0.5388
1749266273,0.53740000,15163.73000000,0.5388
1749266273,0.53730000,13082.93000000,0.5388
1749266273,0.53720000,1567.63000000,0.5388
1749266273,0.53710000,1082.13000000,0.5388
1749266273,0.53700000,1558.47000000,0.5388
1749266273,0.53690000,6231.89000000,0.5388
1749266273,0.53680000,8116.11000000,0.5388
1749266273,0.53670000,23829.68000000,0.5388
1749266273,0.53660000,22109.15000000,0.5388
1749266273,0.53650000,13665.86000000,0.5388
1749266273,0.53640000,1524.20000000,0.5388
1749266273,0.53630000,572.21000000,0.5388
1749266273,0.53620000,82880.93000000,0.5388
1749266273,0.53610000,2022.67000000,0.5388
1749266273,0.53600000,13084.47000000,0.5388
1749266273,0.53590000,930.55000000,0.5388
1749266273,0.53580000,2022.69000000,0.5388
1749266273,0.53570000,8828.33000000,0.5388
1749266273,0.53560000,126994.80000000,0.5388
1749266273,0.53550000,2117.19000000,0.5388
1749266273,0.53540000,174939.04000000,0.5388
1749266273,0.53530000,2484.77000000,0.5388
1749266273,0.53520000,2022.73000000,0.5388
1749266273,0.53510000,459.68000000,0.5388
1749266273,0.53500000,459.68000000,0.5388
1749266273,0.53490000,2022.73000000,0.5388
1749266273,0.53480000,459.68000000,0.5388
1749266273,0.53470000,2003.38000000,0.5388
1749266273,0.53460000,473.72000000,0.5388
1749266273,0.53450000,1567.74000000,0.5388
1749266273,0.53440000,42149.87000000,0.5388
1749266273,0.53430000,5148.51000000,0.5388
1749266273,0.53420000,65098.38000000,0.5388
1749266273,0.53410000,18.70000000,0.5388
1749266273,0.53400000,1738.21000000,0.5388
1749266273,0.53390000,18.72000000,0.5388
1749266273,0.53380000,1567.77000000,0.5388
1749266273,0.53370000,32.78000000,0.5388
1749266273,0.53360000,18.73000000,0.5388
1749266273,0.53350000,3751.23000000,0.5388
1749266273,0.53340000,3029.61000000,0.5388
1749266273,0.53330000,18.73000000,0.5388
1749266273,0.53320000,1567.79000000,0.5388
1749266273,0.53310000,42.81000000,0.5388
1749266273,0.53300000,18.75000000,0.5388
1749266273,0.53290000,4171.01000000,0.5388
1749266273,0.53280000,32.83000000,0.5388
1749266273,0.53270000,18.77000000,0.5388
1749266273,0.53260000,63789.20000000,0.5388
1749266273,0.53250000,1581.89000000,0.5388
1749266273,0.53240000,55.60000000,0.5388
1749266273,0.53230000,18.76000000,0.5388
1749266273,0.53220000,1581.90000000,0.5388
1749266273,0.53210000,18.53000000,0.5388
1749266273,0.53200000,18.53000000,0.5388
1749266273,0.53190000,1581.67000000,0.5388
1749266273,0.53180000,3024.36000000,0.5388
1749266273,0.53170000,18.54000000,0.5388
1749266273,0.53160000,274.73000000,0.5388
1749266273,0.53150000,18.54000000,0.5388
1749266273,0.53140000,2037.73000000,0.5388
1749266273,0.53130000,32.66000000,0.5388
1749266273,0.53120000,480.39000000,0.5388
1749266273,0.53110000,1549.04000000,0.5388
1749266273,0.53100000,14.12000000,0.5388
1749266273,0.53080000,1549.04000000,0.5388
1749266273,0.53070000,14.13000000,0.5388
1749266273,0.53050000,86820.14000000,0.5388
1749266273,0.53040000,1563.15000000,0.5388
1749266273,0.53010000,1563.15000000,0.5388
1749266273,0.52980000,1563.15000000,0.5388
1749266273,0.52950000,14.11000000,0.5388
1749266273,0.52920000,45.15000000,0.5388
1749266273,0.52890000,14.11000000,0.5388
1749266273,0.52880000,56.73000000,0.5388
1749266273,0.52860000,14.11000000,0.5388
1749266273,0.52830000,34.52000000,0.5388
1749266273,0.52800000,14.11000000,0.5388
1749266273,0.52790000,15.36000000,0.5388
1749266273,0.52770000,14.11000000,0.5388
1749266273,0.52760000,10.11000000,0.5388
1749266273,0.52750000,3077.25000000,0.5388
1749266273,0.52740000,14.11000000,0.5388
1749266273,0.52670000,84088.51000000,0.5388
1749266273,0.52650000,524.82000000,0.5388
1749266273,0.52620000,519.47000000,0.5388
1749266575,0.53700000,441.00000000,0.5369
1749266575,0.53690000,6674.05000000,0.5369
1749266575,0.53680000,18683.46000000,0.5369
1749266575,0.53670000,6319.07000000,0.5369
1749266575,0.53660000,5345.01000000,0.5369
1749266575,0.53650000,6169.36000000,0.5369
1749266575,0.53640000,11948.19000000,0.5369
1749266575,0.53630000,1704.77000000,0.5369
1749266575,0.53620000,3099.95000000,0.5369
1749266575,0.53610000,8823.09000000,0.5369
1749266575,0.53600000,13046.37000000,0.5369
1749266575,0.53590000,17294.55000000,0.5369
1749266575,0.53580000,9279.49000000,0.5369
1749266575,0.53570000,1675.28000000,0.5369
1749266575,0.53560000,86157.28000000,0.5369
1749266575,0.53550000,21062.64000000,0.5369
1749266575,0.53540000,25296.19000000,0.5369
1749266575,0.53530000,45305.54000000,0.5369
1749266575,0.53520000,130602.73000000,0.5369
1749266575,0.53510000,4081.08000000,0.5369
1749266575,0.53500000,459.68000000,0.5369
1749266575,0.53490000,2022.73000000,0.5369
1749266575,0.53480000,169867.21000000,0.5369
1749266575,0.53470000,571.83000000,0.5369
1749266575,0.53460000,5260.67000000,0.5369
1749266575,0.53450000,2008.74000000,0.5369
1749266575,0.53440000,42149.87000000,0.5369
1749266575,0.53430000,473.73000000,0.5369
1749266575,0.53420000,2008.74000000,0.5369
1749266575,0.53410000,872.78000000,0.5369
1749266575,0.53400000,473.73000000,0.5369
1749266575,0.53390000,835.75000000,0.5369
1749266575,0.53380000,2421.62000000,0.5369
1749266575,0.53370000,32.78000000,0.5369
1749266575,0.53360000,459.73000000,0.5369
1749266575,0.53350000,4158.89000000,0.5369
1749266575,0.53340000,473.80000000,0.5369
1749266575,0.53330000,13995.95000000,0.5369
1749266575,0.53320000,2008.79000000,0.5369
1749266575,0.53310000,42.81000000,0.5369
1749266575,0.53300000,13194.36000000,0.5369
1749266575,0.53290000,67133.59000000,0.5369
1749266575,0.53280000,32.83000000,0.5369
1749266575,0.53270000,18.77000000,0.5369
1749266575,0.53260000,67048.13000000,0.5369
1749266575,0.53250000,6713.42000000,0.5369
1749266575,0.53240000,45.18000000,0.5369
1749266575,0.53230000,18.76000000,0.5369
1749266575,0.53220000,2022.90000000,0.5369
1749266575,0.53210000,459.53000000,0.5369
1749266575,0.53200000,18.53000000,0.5369
1749266575,0.53190000,2022.67000000,0.5369
1749266575,0.53180000,18.53000000,0.5369
1749266575,0.53170000,1032.41000000,0.5369
1749266575,0.53160000,810.81000000,0.5369
1749266575,0.53150000,18.54000000,0.5369
1749266575,0.53140000,2478.73000000,0.5369
1749266575,0.53130000,32.66000000,0.5369
1749266575,0.53120000,18.55000000,0.5369
1749266575,0.53110000,1567.59000000,0.5369
1749266575,0.53100000,43.12000000,0.5369
1749266575,0.53090000,18.56000000,0.5369
1749266575,0.53080000,1567.61000000,0.5369
1749266575,0.53070000,32.70000000,0.5369
1749266575,0.53060000,18.57000000,0.5369
1749266575,0.53050000,89851.92000000,0.5369
1749266575,0.53040000,1581.73000000,0.5369
1749266575,0.53030000,18.58000000,0.5369
1749266575,0.53020000,18.58000000,0.5369
1749266575,0.53010000,1581.73000000,0.5369
1749266575,0.53000000,18.59000000,0.5369
1749266575,0.52990000,18.59000000,0.5369
1749266575,0.52980000,1581.75000000,0.5369
1749266575,0.52970000,18.60000000,0.5369
1749266575,0.52960000,18.60000000,0.5369
1749266575,0.52950000,32.72000000,0.5369
1749266575,0.52920000,45.15000000,0.5369
1749266575,0.52910000,482.81000000,0.5369
1749266575,0.52890000,14.11000000,0.5369
1749266575,0.52860000,3038.14000000,0.5369
1749266575,0.52830000,34.52000000,0.5369
1749266575,0.52800000,14.11000000,0.5369
1749266575,0.52790000,15.36000000,0.5369
1749266575,0.52770000,14.11000000,0.5369
1749266575,0.52760000,10.11000000,0.5369
1749266575,0.52740000,14.11000000,0.5369
1749266575,0.52670000,84088.51000000,0.5369
1749266575,0.52650000,524.82000000,0.5369
1749266575,0.52620000,519.47000000,0.5369
1749266575,0.52570000,57.05000000,0.5369
1749266575,0.52560000,47.09000000,0.5369
1749266575,0.52530000,3043.02000000,0.5369
1749266575,0.52520000,127468.98000000,0.5369
1749266575,0.52510000,26.42000000,0.5369
1749266575,0.52430000,75.26000000,0.5369
1749266575,0.52420000,803.60000000,0.5369
1749266575,0.52340000,10.00000000,0.5369
1749266575,0.52320000,31.40000000,0.5369
1749266575,0.52280000,776.58000000,0.5369
1749266575,0.52100000,10.11000000,0.5369
1749266876,0.53760000,359.25000000,0.5376
1749266876,0.53750000,1188.14000000,0.5376
1749266876,0.53740000,2191.12000000,0.5376
1749266876,0.53730000,1870.04000000,0.5376
1749266876,0.53720000,1736.44000000,0.5376
1749266876,0.53710000,2400.79000000,0.5376
1749266876,0.53700000,4903.91000000,0.5376
1749266876,0.53690000,7798.84000000,0.5376
1749266876,0.53680000,4325.61000000,0.5376
1749266876,0.53670000,3949.29000000,0.5376
1749266876,0.53660000,14137.23000000,0.5376
1749266876,0.53650000,22893.49000000,0.5376
1749266876,0.53640000,3251.51000000,0.5376
1749266876,0.53630000,4368.01000000,0.5376
1749266876,0.53620000,9559.49000000,0.5376
1749266876,0.53610000,28031.56000000,0.5376
1749266876,0.53600000,735.91000000,0.5376
1749266876,0.53590000,459.65000000,0.5376
1749266876,0.53580000,50626.37000000,0.5376
1749266876,0.53570000,49541.68000000,0.5376
1749266876,0.53560000,610.32000000,0.5376
1749266876,0.53550000,2022.70000000,0.5376
1749266876,0.53540000,83409.47000000,0.5376
1749266876,0.53530000,2484.77000000,0.5376
1749266876,0.53520000,133600.42000000,0.5376
1749266876,0.53510000,871.54000000,0.5376
1749266876,0.53500000,834.93000000,0.5376
1749266876,0.53490000,14689.19000000,0.5376
1749266876,0.53480000,169867.21000000,0.5376
1749266876,0.53470000,2003.05000000,0.5376
1749266876,0.53460000,473.72000000,0.5376
1749266876,0.53450000,2008.74000000,0.5376
1749266876,0.53440000,50977.57000000,0.5376
1749266876,0.53430000,5148.39000000,0.5376
1749266876,0.53420000,2008.74000000,0.5376
1749266876,0.53410000,459.70000000,0.5376
1749266876,0.53400000,473.73000000,0.5376
1749266876,0.53390000,459.72000000,0.5376
1749266876,0.53380000,3715.31000000,0.5376
1749266876,0.53370000,32.78000000,0.5376
1749266876,0.53360000,459.73000000,0.5376
1749266876,0.53350000,4192.23000000,0.5376
1749266876,0.53340000,32.80000000,0.5376
1749266876,0.53330000,18.73000000,0.5376
1749266876,0.53320000,1567.79000000,0.5376
1749266876,0.53310000,42.81000000,0.5376
1749266876,0.53300000,4705.44000000,0.5376
1749266876,0.53290000,66692.59000000,0.5376
1749266876,0.53280000,32.83000000,0.5376
1749266876,0.53270000,29.18000000,0.5376
1749266876,0.53260000,65524.76000000,0.5376
1749266876,0.53250000,1581.89000000,0.5376
1749266876,0.53240000,3047.62000000,0.5376
1749266876,0.53230000,18.76000000,0.5376
1749266876,0.53220000,1581.90000000,0.5376
1749266876,0.53210000,18.53000000,0.5376
1749266876,0.53200000,18.53000000,0.5376
1749266876,0.53190000,1581.67000000,0.5376
1749266876,0.53180000,18.53000000,0.5376
1749266876,0.53170000,586.29000000,0.5376
1749266876,0.53160000,369.81000000,0.5376
1749266876,0.53150000,18.54000000,0.5376
1749266876,0.53140000,1567.59000000,0.5376
1749266876,0.53130000,32.66000000,0.5376
1749266876,0.53120000,18.55000000,0.5376
1749266876,0.53110000,1567.59000000,0.5376
1749266876,0.53100000,220.67000000,0.5376
1749266876,0.53090000,18.56000000,0.5376
1749266876,0.53080000,1567.61000000,0.5376
1749266876,0.53070000,32.70000000,0.5376
1749266876,0.53060000,18.57000000,0.5376
1749266876,0.53050000,86838.71000000,0.5376
1749266876,0.53040000,1581.72000000,0.5376
1749266876,0.53030000,18.58000000,0.5376
1749266876,0.53020000,18.59000000,0.5376
1749266876,0.53010000,2063.54000000,0.5376
1749266876,0.53000000,3016.04000000,0.5376
1749266876,0.52980000,1563.15000000,0.5376
1749266876,0.52950000,14.11000000,0.5376
1749266876,0.52920000,45.15000000,0.5376
1749266876,0.52890000,14.11000000,0.5376
1749266876,0.52860000,14.11000000,0.5376
1749266876,0.52830000,34.52000000,0.5376
1749266876,0.52800000,14.11000000,0.5376
1749266876,0.52790000,15.36000000,0.5376
1749266876,0.52770000,61.02000000,0.5376
1749266876,0.52760000,10.11000000,0.5376
1749266876,0.52740000,14.11000000,0.5376
1749266876,0.52680000,3034.36000000,0.5376
1749266876,0.52670000,84088.51000000,0.5376
1749266876,0.52650000,524.82000000,0.5376
1749266876,0.52620000,519.47000000,0.5376
1749266876,0.52570000,57.05000000,0.5376
1749266876,0.52520000,127468.98000000,0.5376
1749266876,0.52510000,26.42000000,0.5376
1749266876,0.52500000,754.26000000,0.5376
1749266876,0.52430000,75.26000000,0.5376
1749266876,0.52340000,10.00000000,0.5376
1749266876,0.52320000,31.40000000,0.5376
1749266876,0.52280000,776.58000000,0.5376
1749267178,0.53710000,95.30000000,0.5371
1749267178,0.53700000,890.25000000,0.5371
1749267178,0.53690000,2629.03000000,0.5371
1749267178,0.53680000,2124.09000000,0.5371
1749267178,0.53670000,6093.10000000,0.5371
1749267178,0.53660000,18345.02000000,0.5371
1749267178,0.53650000,18756.44000000,0.5371
1749267178,0.53640000,5444.96000000,0.5371
1749267178,0.53630000,5764.36000000,0.5371
1749267178,0.53620000,21319.71000000,0.5371
1749267178,0.53610000,23790.53000000,0.5371
1749267178,0.53600000,4530.13000000,0.5371
1749267178,0.53590000,3208.54000000,0.5371
1749267178,0.53580000,28253.77000000,0.5371
1749267178,0.53570000,5136.78000000,0.5371
1749267178,0.53560000,93398.87000000,0.5371
1749267178,0.53550000,46932.52000000,0.5371
1749267178,0.53540000,9741.30000000,0.5371
1749267178,0.53530000,5561.69000000,0.5371
1749267178,0.53520000,129088.74000000,0.5371
1749267178,0.53510000,459.68000000,0.5371
1749267178,0.53500000,459.68000000,0.5371
1749267178,0.53490000,2435.19000000,0.5371
1749267178,0.53480000,169980.39000000,0.5371
1749267178,0.53470000,5244.41000000,0.5371
1749267178,0.53460000,473.72000000,0.5371
1749267178,0.53450000,2415.64000000,0.5371
1749267178,0.53440000,42149.87000000,0.5371
1749267178,0.53430000,473.73000000,0.5371
1749267178,0.53420000,2421.30000000,0.5371
1749267178,0.53410000,835.58000000,0.5371
1749267178,0.53400000,9316.30000000,0.5371
1749267178,0.53390000,459.72000000,0.5371
1749267178,0.53380000,3715.31000000,0.5371
1749267178,0.53370000,4713.45000000,0.5371
1749267178,0.53360000,459.73000000,0.5371
1749267178,0.53350000,4192.23000000,0.5371
1749267178,0.53340000,473.80000000,0.5371
1749267178,0.53330000,12743.76000000,0.5371
1749267178,0.53320000,2008.79000000,0.5371
1749267178,0.53310000,42.81000000,0.5371
1749267178,0.53300000,18.75000000,0.5371
1749267178,0.53290000,66692.59000000,0.5371
1749267178,0.53280000,473.83000000,0.5371
1749267178,0.53270000,113.71000000,0.5371
1749267178,0.53260000,70214.34000000,0.5371
1749267178,0.53250000,3572.20000000,0.5371
1749267178,0.53240000,486.18000000,0.5371
1749267178,0.53230000,18.76000000,0.5371
1749267178,0.53220000,2022.90000000,0.5371
1749267178,0.53210000,18.53000000,0.5371
1749267178,0.53200000,18.53000000,0.5371
1749267178,0.53190000,2210.34000000,0.5371
1749267178,0.53180000,18.53000000,0.5371
1749267178,0.53170000,586.29000000,0.5371
1749267178,0.53160000,274.73000000,0.5371
1749267178,0.53150000,18.54000000,0.5371
1749267178,0.53140000,1567.59000000,0.5371
1749267178,0.53130000,3041.32000000,0.5371
1749267178,0.53120000,18.55000000,0.5371
1749267178,0.53110000,1578.04000000,0.5371
1749267178,0.53100000,32.68000000,0.5371
1749267178,0.53090000,18.56000000,0.5371
1749267178,0.53080000,1567.61000000,0.5371
1749267178,0.53070000,32.70000000,0.5371
1749267178,0.53060000,18.57000000,0.5371
1749267178,0.53050000,86838.72000000,0.5371
1749267178,0.53040000,1581.73000000,0.5371
1749267178,0.53030000,18.58000000,0.5371
1749267178,0.53020000,18.58000000,0.5371
1749267178,0.53010000,1581.74000000,0.5371
1749267178,0.53000000,18.60000000,0.5371
1749267178,0.52990000,18.60000000,0.5371
1749267178,0.52980000,1581.75000000,0.5371
1749267178,0.52970000,18.60000000,0.5371
1749267178,0.52960000,500.91000000,0.5371
1749267178,0.52950000,14.11000000,0.5371
1749267178,0.52920000,45.15000000,0.5371
1749267178,0.52890000,14.11000000,0.5371
1749267178,0.52870000,3023.45000000,0.5371
1749267178,0.52860000,14.11000000,0.5371
1749267178,0.52830000,1908.45000000,0.5371
1749267178,0.52800000,14.11000000,0.5371
1749267178,0.52790000,15.36000000,0.5371
1749267178,0.52770000,14.11000000,0.5371
1749267178,0.52760000,10.11000000,0.5371
1749267178,0.52740000,14.11000000,0.5371
1749267178,0.52670000,84088.51000000,0.5371
1749267178,0.52650000,524.82000000,0.5371
1749267178,0.52640000,860.44000000,0.5371
1749267178,0.52620000,519.47000000,0.5371
1749267178,0.52600000,47.06000000,0.5371
1749267178,0.52570000,57.05000000,0.5371
1749267178,0.52530000,3043.02000000,0.5371
1749267178,0.52520000,127468.98000000,0.5371
1749267178,0.52510000,26.42000000,0.5371
1749267178,0.52430000,75.26000000,0.5371
1749267178,0.52340000,10.00000000,0.5371
1749267178,0.52320000,31.40000000,0.5371
1749267178,0.52280000,776.58000000,0.5371
1749267480,0.53800000,159.24000000,0.5381
1749267480,0.53790000,3059.29000000,0.5381
1749267480,0.53780000,5506.01000000,0.5381
1749267480,0.53770000,1918.95000000,0.5381
1749267480,0.53760000,4826.06000000,0.5381
1749267480,0.53750000,9653.14000000,0.5381
1749267480,0.53740000,7981.12000000,0.5381
1749267480,0.53730000,12237.01000000,0.5381
1749267480,0.53720000,23470.38000000,0.5381
1749267480,0.53710000,3429.54000000,0.5381
1749267480,0.53700000,7046.80000000,0.5381
1749267480,0.53690000,7254.71000000,0.5381
1749267480,0.53680000,6564.85000000,0.5381
1749267480,0.53670000,6955.71000000,0.5381
1749267480,0.53660000,1532.60000000,0.5381
1749267480,0.53650000,64908.69000000,0.5381
1749267480,0.53640000,11749.53000000,0.5381
1749267480,0.53630000,13885.67000000,0.5381
1749267480,0.53620000,7444.45000000,0.5381
1749267480,0.53610000,2022.67000000,0.5381
1749267480,0.53600000,459.65000000,0.5381
1749267480,0.53590000,459.65000000,0.5381
1749267480,0.53580000,6684.34000000,0.5381
1749267480,0.53570000,459.66000000,0.5381
1749267480,0.53560000,82514.91000000,0.5381
1749267480,0.53550000,2022.70000000,0.5381
1749267480,0.53540000,571.47000000,0.5381
1749267480,0.53530000,2598.73000000,0.5381
1749267480,0.53520000,128933.55000000,0.5381
1749267480,0.53510000,459.68000000,0.5381
1749267480,0.53500000,9785.35000000,0.5381
1749267480,0.53490000,2022.73000000,0.5381
1749267480,0.53480000,182538.45000000,0.5381
1749267480,0.53470000,5130.87000000,0.5381
1749267480,0.53460000,473.72000000,0.5381
1749267480,0.53450000,3552.64000000,0.5381
1749267480,0.53440000,42149.87000000,0.5381
1749267480,0.53430000,5148.49000000,0.5381
1749267480,0.53420000,2008.74000000,0.5381
1749267480,0.53410000,459.70000000,0.5381
1749267480,0.53400000,473.73000000,0.5381
1749267480,0.53390000,459.72000000,0.5381
1749267480,0.53380000,3715.31000000,0.5381
1749267480,0.53370000,32.78000000,0.5381
1749267480,0.53360000,18.73000000,0.5381
1749267480,0.53350000,3751.23000000,0.5381
1749267480,0.53340000,32.80000000,0.5381
1749267480,0.53330000,18.73000000,0.5381
1749267480,0.53320000,1567.79000000,0.5381
1749267480,0.53310000,42.81000000,0.5381
1749267480,0.53300000,303.08000000,0.5381
1749267480,0.53290000,66979.18000000,0.5381
1749267480,0.53280000,32.83000000,0.5381
1749267480,0.53270000,113.71000000,0.5381
1749267480,0.53260000,65535.18000000,0.5381
1749267480,0.53250000,1581.89000000,0.5381
1749267480,0.53240000,45.18000000,0.5381
1749267480,0.53230000,18.76000000,0.5381
1749267480,0.53220000,1581.90000000,0.5381
1749267480,0.53210000,18.53000000,0.5381
1749267480,0.53200000,18.53000000,0.5381
1749267480,0.53190000,1581.67000000,0.5381
1749267480,0.53180000,18.53000000,0.5381
1749267480,0.53170000,18.54000000,0.5381
1749267480,0.53160000,32.64000000,0.5381
1749267480,0.53150000,18.54000000,0.5381
1749267480,0.53140000,1567.59000000,0.5381
1749267480,0.53130000,3283.51000000,0.5381
1749267480,0.53120000,18.55000000,0.5381
1749267480,0.53110000,1567.59000000,0.5381
1749267480,0.53100000,32.68000000,0.5381
1749267480,0.53090000,18.56000000,0.5381
1749267480,0.53080000,1567.60000000,0.5381
1749267480,0.53070000,32.70000000,0.5381
1749267480,0.53060000,499.98000000,0.5381
1749267480,0.53050000,86838.72000000,0.5381
1749267480,0.53040000,1563.15000000,0.5381
1749267480,0.53010000,1563.15000000,0.5381
1749267480,0.52980000,1563.15000000,0.5381
1749267480,0.52970000,1868.98000000,0.5381
1749267480,0.52950000,14.11000000,0.5381
1749267480,0.52920000,45.15000000,0.5381
1749267480,0.52890000,14.11000000,0.5381
1749267480,0.52870000,3023.45000000,0.5381
1749267480,0.52860000,14.11000000,0.5381
1749267480,0.52830000,34.52000000,0.5381
1749267480,0.52800000,14.11000000,0.5381
1749267480,0.52790000,15.36000000,0.5381
1749267480,0.52770000,61.02000000,0.5381
1749267480,0.52760000,10.11000000,0.5381
1749267480,0.52740000,14.11000000,0.5381
1749267480,0.52690000,527.29000000,0.5381
1749267480,0.52680000,3034.36000000,0.5381
1749267480,0.52670000,84088.51000000,0.5381
1749267480,0.52650000,524.82000000,0.5381
1749267480,0.52620000,519.47000000,0.5381
1749267480,0.52570000,57.05000000,0.5381
1749267480,0.52520000,127468.98000000,0.5381
1749267480,0.52510000,26.42000000,0.5381
1749267480,0.52430000,75.26000000,0.5381
1749267781,0.53980000,170.24000000,0.5398
1749267781,0.53970000,1872.44000000,0.5398
1749267781,0.53960000,1830.45000000,0.5398
1749267781,0.53950000,2133.70000000,0.5398
1749267781,0.53940000,1789.36000000,0.5398
1749267781,0.53930000,2801.97000000,0.5398
1749267781,0.53920000,1328.04000000,0.5398
