timestamp,price,volume,current_price
1749254629,0.52310000,95.12000000,0.5231
1749254629,0.52300000,1779.93000000,0.5231
1749254629,0.52290000,3316.08000000,0.5231
1749254629,0.52280000,1106.85000000,0.5231
1749254629,0.52270000,2631.66000000,0.5231
1749254629,0.52260000,4405.02000000,0.5231
1749254629,0.52250000,3444.17000000,0.5231
1749254629,0.52240000,2693.60000000,0.5231
1749254629,0.52230000,5323.94000000,0.5231
1749254629,0.52220000,3682.39000000,0.5231
1749254629,0.52210000,5965.74000000,0.5231
1749254629,0.52200000,4836.03000000,0.5231
1749254629,0.52190000,18447.50000000,0.5231
1749254629,0.52180000,22067.94000000,0.5231
1749254629,0.52170000,3153.95000000,0.5231
1749254629,0.52160000,2341.96000000,0.5231
1749254629,0.52150000,46655.39000000,0.5231
1749254629,0.52140000,86838.00000000,0.5231
1749254629,0.52130000,2009.22000000,0.5231
1749254629,0.52120000,32363.30000000,0.5231
1749254629,0.52110000,171181.56000000,0.5231
1749254629,0.52100000,126346.33000000,0.5231
1749254629,0.52090000,460.19000000,0.5231
1749254629,0.52080000,522.37000000,0.5231
1749254629,0.52070000,2009.24000000,0.5231
1749254629,0.52060000,460.20000000,0.5231
1749254629,0.52050000,474.61000000,0.5231
1749254629,0.52040000,3986.62000000,0.5231
1749254629,0.52030000,55685.59000000,0.5231
1749254629,0.52020000,474.60000000,0.5231
1749254629,0.52010000,2009.23000000,0.5231
1749254629,0.52000000,65766.13000000,0.5231
1749254629,0.51990000,474.61000000,0.5231
1749254629,0.51980000,460.19000000,0.5231
1749254629,0.51970000,5266.12000000,0.5231
1749254629,0.51960000,81.43000000,0.5231
1749254629,0.51950000,2260.29000000,0.5231
1749254629,0.51940000,460.24000000,0.5231
1749254629,0.51930000,33.68000000,0.5231
1749254629,0.51920000,67.00000000,0.5231
1749254629,0.51910000,2238.50000000,0.5231
1749254629,0.51900000,2535.62000000,0.5231
1749254629,0.51890000,1568.28000000,0.5231
1749254629,0.51880000,460.24000000,0.5231
1749254629,0.51870000,474.69000000,0.5231
1749254629,0.51860000,29.24000000,0.5231
1749254629,0.51850000,19.24000000,0.5231
1749254629,0.51840000,44.31000000,0.5231
1749254629,0.51830000,2009.28000000,0.5231
1749254629,0.51820000,19.24000000,0.5231
1749254629,0.51810000,33.71000000,0.5231
1749254629,0.51800000,64356.33000000,0.5231
1749254629,0.51790000,2763.46000000,0.5231
1749254629,0.51780000,33.64000000,0.5231
1749254629,0.51770000,1848.43000000,0.5231
1749254629,0.51760000,555.31000000,0.5231
1749254629,0.51750000,33.47000000,0.5231
1749254629,0.51740000,84386.66000000,0.5231
1749254629,0.51730000,50.82000000,0.5231
1749254629,0.51720000,33.46000000,0.5231
1749254629,0.51710000,19.06000000,0.5231
1749254629,0.51700000,19.06000000,0.5231
1749254629,0.51690000,45.10000000,0.5231
1749254629,0.51680000,19.06000000,0.5231
1749254629,0.51670000,19.07000000,0.5231
1749254629,0.51660000,33.47000000,0.5231
1749254629,0.51650000,19.07000000,0.5231
1749254629,0.51640000,84.28000000,0.5231
1749254629,0.51630000,33.48000000,0.5231
1749254629,0.51620000,514.04000000,0.5231
1749254629,0.51610000,19.08000000,0.5231
1749254629,0.51600000,33.49000000,0.5231
1749254629,0.51590000,19.10000000,0.5231
1749254629,0.51580000,19.10000000,0.5231
1749254629,0.51570000,33.50000000,0.5231
1749254629,0.51560000,19.11000000,0.5231
1749254629,0.51540000,14.40000000,0.5231
1749254629,0.51510000,86.23000000,0.5231
1749254629,0.51500000,3038.79000000,0.5231
1749254629,0.51480000,14.40000000,0.5231
1749254629,0.51450000,353.78000000,0.5231
1749254629,0.51440000,3172.23000000,0.5231
1749254629,0.51430000,585.83000000,0.5231
1749254629,0.51420000,27.25000000,0.5231
1749254629,0.51410000,26.81000000,0.5231
1749254629,0.51400000,789.88000000,0.5231
1749254629,0.51390000,24.42000000,0.5231
1749254629,0.51360000,14.44000000,0.5231
1749254629,0.51330000,14.45000000,0.5231
1749254629,0.51300000,35.42000000,0.5231
1749254629,0.51290000,58.48000000,0.5231
1749254629,0.51280000,975.03000000,0.5231
1749254629,0.51270000,14.45000000,0.5231
1749254629,0.51250000,84050.45000000,0.5231
1749254629,0.51230000,519.47000000,0.5231
1749254629,0.51200000,42.79000000,0.5231
1749254629,0.51180000,513.13000000,0.5231
1749254629,0.51140000,32.12000000,0.5231
1749254629,0.51090000,26.42000000,0.5231
1749254629,0.51070000,95.34000000,0.5231
1749254930,0.52350000,536.30000000,0.5235
1749254930,0.52340000,1104.10000000,0.5235
1749254930,0.52330000,2385.51000000,0.5235
1749254930,0.52320000,1702.88000000,0.5235
1749254930,0.52310000,1874.14000000,0.5235
1749254930,0.52300000,1029.41000000,0.5235
1749254930,0.52290000,867.34000000,0.5235
1749254930,0.52280000,1475.42000000,0.5235
1749254930,0.52270000,2551.58000000,0.5235
1749254930,0.52260000,4539.25000000,0.5235
1749254930,0.52250000,3968.45000000,0.5235
1749254930,0.52240000,5299.50000000,0.5235
1749254930,0.52230000,6482.86000000,0.5235
1749254930,0.52220000,4212.10000000,0.5235
1749254930,0.52210000,11952.72000000,0.5235
1749254930,0.52200000,2071.30000000,0.5235
1749254930,0.52190000,2322.66000000,0.5235
1749254930,0.52180000,17327.05000000,0.5235
1749254930,0.52170000,474.53000000,0.5235
1749254930,0.52160000,6845.73000000,0.5235
1749254930,0.52150000,42339.46000000,0.5235
1749254930,0.52140000,86838.00000000,0.5235
1749254930,0.52130000,43414.97000000,0.5235
1749254930,0.52120000,620.32000000,0.5235
1749254930,0.52110000,171182.51000000,0.5235
1749254930,0.52100000,124766.23000000,0.5235
1749254930,0.52090000,460.19000000,0.5235
1749254930,0.52080000,522.29000000,0.5235
1749254930,0.52070000,2009.24000000,0.5235
1749254930,0.52060000,460.20000000,0.5235
1749254930,0.52050000,9536.35000000,0.5235
1749254930,0.52040000,8786.67000000,0.5235
1749254930,0.52030000,41810.96000000,0.5235
1749254930,0.52020000,474.60000000,0.5235
1749254930,0.52010000,2009.23000000,0.5235
1749254930,0.52000000,65766.06000000,0.5235
1749254930,0.51990000,474.61000000,0.5235
1749254930,0.51980000,460.19000000,0.5235
1749254930,0.51970000,460.23000000,0.5235
1749254930,0.51960000,5329.56000000,0.5235
1749254930,0.51950000,2260.29000000,0.5235
1749254930,0.51940000,19.24000000,0.5235
1749254930,0.51930000,33.68000000,0.5235
1749254930,0.51920000,67.00000000,0.5235
1749254930,0.51910000,2238.50000000,0.5235
1749254930,0.51900000,2094.62000000,0.5235
1749254930,0.51890000,1568.28000000,0.5235
1749254930,0.51880000,67.00000000,0.5235
1749254930,0.51870000,33.69000000,0.5235
1749254930,0.51860000,29.24000000,0.5235
1749254930,0.51850000,19.24000000,0.5235
1749254930,0.51840000,92.07000000,0.5235
1749254930,0.51830000,1568.28000000,0.5235
1749254930,0.51820000,19.24000000,0.5235
1749254930,0.51810000,33.71000000,0.5235
1749254930,0.51800000,64356.33000000,0.5235
1749254930,0.51790000,2763.46000000,0.5235
1749254930,0.51780000,33.64000000,0.5235
1749254930,0.51770000,2132.06000000,0.5235
1749254930,0.51760000,267.66000000,0.5235
1749254930,0.51750000,33.47000000,0.5235
1749254930,0.51740000,84386.66000000,0.5235
1749254930,0.51730000,50.82000000,0.5235
1749254930,0.51720000,33.46000000,0.5235
1749254930,0.51710000,19.06000000,0.5235
1749254930,0.51700000,19.06000000,0.5235
1749254930,0.51690000,539.31000000,0.5235
1749254930,0.51680000,19.06000000,0.5235
1749254930,0.51670000,19.07000000,0.5235
1749254930,0.51660000,33.47000000,0.5235
1749254930,0.51650000,19.07000000,0.5235
1749254930,0.51640000,84.27000000,0.5235
1749254930,0.51630000,33.48000000,0.5235
1749254930,0.51620000,19.08000000,0.5235
1749254930,0.51610000,19.08000000,0.5235
1749254930,0.51600000,33.48000000,0.5235
1749254930,0.51570000,14.40000000,0.5235
1749254930,0.51550000,3100.87000000,0.5235
1749254930,0.51540000,14.40000000,0.5235
1749254930,0.51510000,86.23000000,0.5235
1749254930,0.51500000,3038.79000000,0.5235
1749254930,0.51480000,14.40000000,0.5235
1749254930,0.51450000,353.78000000,0.5235
1749254930,0.51440000,102.39000000,0.5235
1749254930,0.51430000,585.83000000,0.5235
1749254930,0.51420000,27.25000000,0.5235
1749254930,0.51410000,26.81000000,0.5235
1749254930,0.51400000,789.88000000,0.5235
1749254930,0.51390000,24.42000000,0.5235
1749254930,0.51360000,14.44000000,0.5235
1749254930,0.51330000,14.45000000,0.5235
1749254930,0.51300000,35.42000000,0.5235
1749254930,0.51290000,58.48000000,0.5235
1749254930,0.51280000,975.03000000,0.5235
1749254930,0.51270000,14.45000000,0.5235
1749254930,0.51250000,87131.67000000,0.5235
1749254930,0.51230000,519.47000000,0.5235
1749254930,0.51200000,42.79000000,0.5235
1749254930,0.51180000,513.13000000,0.5235
1749254930,0.51140000,32.12000000,0.5235
