timestamp,price,volume,current_price
1749254627,14.95000000,108.51000000,14.96
1749254627,14.94000000,523.44000000,14.96
1749254627,14.93000000,945.57000000,14.96
1749254627,14.92000000,767.24000000,14.96
1749254627,14.91000000,163.80000000,14.96
1749254627,14.90000000,128.23000000,14.96
1749254627,14.89000000,135.89000000,14.96
1749254627,14.88000000,138.64000000,14.96
1749254627,14.87000000,94.54000000,14.96
1749254627,14.86000000,204.08000000,14.96
1749254627,14.85000000,21.59000000,14.96
1749254627,14.84000000,19.92000000,14.96
1749254627,14.83000000,56.80000000,14.96
1749254627,14.82000000,19.92000000,14.96
1749254627,14.81000000,54.41000000,14.96
1749254627,14.80000000,30.10000000,14.96
1749254627,14.79000000,200.46000000,14.96
1749254627,14.78000000,19.41000000,14.96
1749254627,14.77000000,175.50000000,14.96
1749254627,14.76000000,19.41000000,14.96
1749254627,14.75000000,87.08000000,14.96
1749254627,14.74000000,19.41000000,14.96
1749254627,14.73000000,27.39000000,14.96
1749254627,14.72000000,72.31000000,14.96
1749254627,14.71000000,22.55000000,14.96
1749254627,14.70000000,23.10000000,14.96
1749254627,14.69000000,39.40000000,14.96
1749254627,14.68000000,19.41000000,14.96
1749254627,14.67000000,19.41000000,14.96
1749254627,14.66000000,1.01000000,14.96
1749254627,14.65000000,1.62000000,14.96
1749254627,14.64000000,20.44000000,14.96
1749254627,14.63000000,19.41000000,14.96
1749254627,14.62000000,34.19000000,14.96
1749254627,14.61000000,19.90000000,14.96
1749254627,14.60000000,70.02000000,14.96
1749254627,14.57000000,3.19000000,14.96
1749254627,14.55000000,22.47000000,14.96
1749254627,14.53000000,0.98000000,14.96
1749254627,14.50000000,1.00000000,14.96
1749254627,14.47000000,1.45000000,14.96
1749254627,14.46000000,18.90000000,14.96
1749254627,14.45000000,27.71000000,14.96
1749254627,14.44000000,1.10000000,14.96
1749254627,14.43000000,1.67000000,14.96
1749254627,14.41000000,3.19000000,14.96
1749254627,14.40000000,69.62000000,14.96
1749254627,14.38000000,28.71000000,14.96
1749254627,14.37000000,70.40000000,14.96
1749254627,14.34000000,0.70000000,14.96
1749254627,14.33000000,0.55000000,14.96
1749254627,14.30000000,61.66000000,14.96
1749254627,14.28000000,0.57000000,14.96
1749254627,14.27000000,17.48000000,14.96
1749254627,14.26000000,11.77000000,14.96
1749254627,14.25000000,4.26000000,14.96
1749254627,14.23000000,22.49000000,14.96
1749254627,14.22000000,0.42000000,14.96
1749254627,14.21000000,2.34000000,14.96
1749254627,14.20000000,82.90000000,14.96
1749254627,14.17000000,37.80000000,14.96
1749254627,14.15000000,2.04000000,14.96
1749254627,14.14000000,1.00000000,14.96
1749254627,14.11000000,7.87000000,14.96
1749254627,14.10000000,12.72000000,14.96
1749254627,14.09000000,2.53000000,14.96
1749254627,14.08000000,1.00000000,14.96
1749254627,14.06000000,36.01000000,14.96
1749254627,14.05000000,2.00000000,14.96
1749254627,14.04000000,0.53000000,14.96
1749254627,14.03000000,3.09000000,14.96
1749254627,14.01000000,143.01000000,14.96
1749254627,14.00000000,350.35000000,14.96
1749254627,13.99000000,4.50000000,14.96
1749254627,13.98000000,1.14000000,14.96
1749254627,13.97000000,8.52000000,14.96
1749254627,13.92000000,1.43000000,14.96
1749254627,13.90000000,12.69000000,14.96
1749254627,13.89000000,3.27000000,14.96
1749254627,13.88000000,1.44000000,14.96
1749254627,13.87000000,4.33000000,14.96
1749254627,13.85000000,20.00000000,14.96
1749254627,13.82000000,3.19000000,14.96
1749254627,13.81000000,0.72000000,14.96
1749254627,13.80000000,16.00000000,14.96
1749254627,13.79000000,43.08000000,14.96
1749254627,13.78000000,0.41000000,14.96
1749254627,13.77000000,11.87000000,14.96
1749254627,13.76000000,44.41000000,14.96
1749254627,13.75000000,76.13000000,14.96
1749254627,13.70000000,11.94000000,14.96
1749254627,13.68000000,1.71000000,14.96
1749254627,13.67000000,16.28000000,14.96
1749254627,13.65000000,0.95000000,14.96
1749254627,13.61000000,2.98000000,14.96
1749254627,13.56000000,1.00000000,14.96
1749254627,13.55000000,0.59000000,14.96
1749254627,13.54000000,19.24000000,14.96
1749254627,13.53000000,3.19000000,14.96
1749254627,13.50000000,107.19000000,14.96
1749254929,14.96000000,107.19000000,14.97
1749254929,14.95000000,544.18000000,14.97
1749254929,14.94000000,711.68000000,14.97
1749254929,14.93000000,825.94000000,14.97
1749254929,14.92000000,70.73000000,14.97
1749254929,14.91000000,121.96000000,14.97
1749254929,14.90000000,123.82000000,14.97
1749254929,14.89000000,108.14000000,14.97
1749254929,14.88000000,306.82000000,14.97
1749254929,14.87000000,74.54000000,14.97
1749254929,14.86000000,34.00000000,14.97
1749254929,14.85000000,19.92000000,14.97
1749254929,14.84000000,46.16000000,14.97
1749254929,14.83000000,30.63000000,14.97
1749254929,14.82000000,19.92000000,14.97
1749254929,14.81000000,119.68000000,14.97
1749254929,14.80000000,30.10000000,14.97
1749254929,14.79000000,135.05000000,14.97
1749254929,14.78000000,91.49000000,14.97
1749254929,14.77000000,178.19000000,14.97
1749254929,14.76000000,19.41000000,14.97
1749254929,14.75000000,136.89000000,14.97
1749254929,14.74000000,19.41000000,14.97
1749254929,14.73000000,19.41000000,14.97
1749254929,14.72000000,22.60000000,14.97
1749254929,14.71000000,22.55000000,14.97
1749254929,14.70000000,23.10000000,14.97
1749254929,14.69000000,39.40000000,14.97
1749254929,14.68000000,19.41000000,14.97
1749254929,14.67000000,19.41000000,14.97
1749254929,14.66000000,69.82000000,14.97
1749254929,14.65000000,35.64000000,14.97
1749254929,14.64000000,20.44000000,14.97
1749254929,14.63000000,19.41000000,14.97
1749254929,14.61000000,19.90000000,14.97
1749254929,14.60000000,1.00000000,14.97
1749254929,14.57000000,3.19000000,14.97
1749254929,14.56000000,18.90000000,14.97
1749254929,14.55000000,3.57000000,14.97
1749254929,14.53000000,0.98000000,14.97
1749254929,14.50000000,1.00000000,14.97
1749254929,14.47000000,1.45000000,14.97
1749254929,14.45000000,8.81000000,14.97
1749254929,14.44000000,1.10000000,14.97
1749254929,14.43000000,1.67000000,14.97
1749254929,14.41000000,3.19000000,14.97
1749254929,14.40000000,140.02000000,14.97
1749254929,14.38000000,28.71000000,14.97
1749254929,14.34000000,0.70000000,14.97
1749254929,14.33000000,0.55000000,14.97
1749254929,14.30000000,61.66000000,14.97
1749254929,14.28000000,0.57000000,14.97
1749254929,14.27000000,17.48000000,14.97
1749254929,14.26000000,11.77000000,14.97
1749254929,14.25000000,4.26000000,14.97
1749254929,14.23000000,22.49000000,14.97
1749254929,14.22000000,0.42000000,14.97
1749254929,14.21000000,2.34000000,14.97
1749254929,14.20000000,82.90000000,14.97
1749254929,14.17000000,37.80000000,14.97
1749254929,14.15000000,2.04000000,14.97
1749254929,14.14000000,1.00000000,14.97
1749254929,14.11000000,7.87000000,14.97
1749254929,14.10000000,12.72000000,14.97
1749254929,14.09000000,2.53000000,14.97
1749254929,14.08000000,1.00000000,14.97
1749254929,14.06000000,36.01000000,14.97
1749254929,14.05000000,2.00000000,14.97
1749254929,14.04000000,0.53000000,14.97
1749254929,14.03000000,3.09000000,14.97
1749254929,14.01000000,150.55000000,14.97
1749254929,14.00000000,350.35000000,14.97
1749254929,13.99000000,4.50000000,14.97
1749254929,13.98000000,1.14000000,14.97
1749254929,13.97000000,8.52000000,14.97
1749254929,13.92000000,1.43000000,14.97
1749254929,13.90000000,12.69000000,14.97
1749254929,13.89000000,3.27000000,14.97
1749254929,13.88000000,1.44000000,14.97
1749254929,13.87000000,4.33000000,14.97
1749254929,13.85000000,20.00000000,14.97
1749254929,13.82000000,3.19000000,14.97
1749254929,13.81000000,0.72000000,14.97
1749254929,13.80000000,16.00000000,14.97
1749254929,13.79000000,43.08000000,14.97
1749254929,13.78000000,0.41000000,14.97
1749254929,13.77000000,11.87000000,14.97
1749254929,13.76000000,44.41000000,14.97
1749254929,13.75000000,76.13000000,14.97
1749254929,13.70000000,11.94000000,14.97
1749254929,13.68000000,1.71000000,14.97
1749254929,13.67000000,16.28000000,14.97
1749254929,13.65000000,0.95000000,14.97
1749254929,13.61000000,2.98000000,14.97
1749254929,13.56000000,1.00000000,14.97
1749254929,13.55000000,0.59000000,14.97
1749254929,13.54000000,19.24000000,14.97
1749254929,13.53000000,3.19000000,14.97
1749254929,13.50000000,107.19000000,14.97
1749254929,13.48000000,7.41000000,14.97
