timestamp,price,volume,current_price
1749258387,1.42600000,8450.63000000,1.427
1749258387,1.42500000,27361.67000000,1.427
1749258387,1.42400000,30064.85000000,1.427
1749258387,1.42300000,11627.16000000,1.427
1749258387,1.42200000,5568.96000000,1.427
1749258387,1.42100000,7880.74000000,1.427
1749258387,1.42000000,7276.08000000,1.427
1749258387,1.41900000,6348.07000000,1.427
1749258387,1.41800000,3271.41000000,1.427
1749258387,1.41700000,10872.97000000,1.427
1749258387,1.41600000,3570.78000000,1.427
1749258387,1.41500000,7434.43000000,1.427
1749258387,1.41400000,2724.63000000,1.427
1749258387,1.41300000,2599.35000000,1.427
1749258387,1.41200000,1840.53000000,1.427
1749258387,1.41100000,1985.31000000,1.427
1749258387,1.41000000,748.92000000,1.427
1749258387,1.40900000,6043.25000000,1.427
1749258387,1.40800000,16773.67000000,1.427
1749258387,1.40700000,14331.03000000,1.427
1749258387,1.40600000,2078.85000000,1.427
1749258387,1.40500000,3514.87000000,1.427
1749258387,1.40400000,990.23000000,1.427
1749258387,1.40300000,467.84000000,1.427
1749258387,1.40200000,1096.61000000,1.427
1749258387,1.40100000,7415.43000000,1.427
1749258387,1.40000000,166.85000000,1.427
1749258387,1.39900000,181.04000000,1.427
1749258387,1.39800000,202.31000000,1.427
1749258387,1.39700000,4364.91000000,1.427
1749258387,1.39600000,150.42000000,1.427
1749258387,1.39500000,205.74000000,1.427
1749258387,1.39400000,312.95000000,1.427
1749258387,1.39300000,70.31000000,1.427
1749258387,1.39200000,1123.70000000,1.427
1749258387,1.39100000,78.35000000,1.427
1749258387,1.39000000,228.01000000,1.427
1749258387,1.38900000,90.63000000,1.427
1749258387,1.38800000,201.32000000,1.427
1749258387,1.38700000,7.20000000,1.427
1749258387,1.38600000,199.59000000,1.427
1749258387,1.38500000,79.28000000,1.427
1749258387,1.38400000,261.76000000,1.427
1749258387,1.38300000,3431.99000000,1.427
1749258387,1.38200000,1295.56000000,1.427
1749258387,1.38100000,28.93000000,1.427
1749258387,1.38000000,89.25000000,1.427
1749258387,1.37900000,152.01000000,1.427
1749258387,1.37800000,79.70000000,1.427
1749258387,1.37700000,20.46000000,1.427
1749258387,1.37600000,7.27000000,1.427
1749258387,1.37500000,19.44000000,1.427
1749258387,1.37400000,7.28000000,1.427
1749258387,1.37300000,1449.37000000,1.427
1749258387,1.37200000,518.59000000,1.427
1749258387,1.37100000,12.96000000,1.427
1749258387,1.37000000,13.69000000,1.427
1749258387,1.36900000,172.01000000,1.427
1749258387,1.36800000,7.31000000,1.427
1749258387,1.36700000,14.13000000,1.427
1749258387,1.36600000,192.61000000,1.427
1749258387,1.36500000,132.80000000,1.427
1749258387,1.36400000,1147.95000000,1.427
1749258387,1.36300000,7.13000000,1.427
1749258387,1.36200000,19.62000000,1.427
1749258387,1.36100000,13.24000000,1.427
1749258387,1.36000000,19.30000000,1.427
1749258387,1.35900000,7.13000000,1.427
1749258387,1.35800000,17.93000000,1.427
1749258387,1.35700000,13.95000000,1.427
1749258387,1.35600000,113.50000000,1.427
1749258387,1.35500000,1016.59000000,1.427
1749258387,1.35400000,12.67000000,1.427
1749258387,1.35300000,440.58000000,1.427
1749258387,1.35200000,13.82000000,1.427
1749258387,1.35100000,15.81000000,1.427
1749258387,1.35000000,537.53000000,1.427
1749258387,1.34800000,437.10000000,1.427
1749258387,1.34600000,18.99000000,1.427
1749258387,1.34500000,12.20000000,1.427
1749258387,1.34300000,241.04000000,1.427
1749258387,1.34200000,100.03000000,1.427
1749258387,1.34100000,6.82000000,1.427
1749258387,1.34000000,248.55000000,1.427
1749258387,1.33800000,313.37000000,1.427
1749258387,1.33700000,12.06000000,1.427
1749258387,1.33600000,260.51000000,1.427
1749258387,1.33500000,257.97000000,1.427
1749258387,1.33300000,190.43000000,1.427
1749258387,1.33200000,12.17000000,1.427
1749258387,1.33100000,6.82000000,1.427
1749258387,1.33000000,8110.18000000,1.427
1749258387,1.32900000,100.03000000,1.427
1749258387,1.32800000,5.67000000,1.427
1749258387,1.32700000,243.88000000,1.427
1749258387,1.32600000,6.82000000,1.427
1749258387,1.32500000,113.20000000,1.427
1749258387,1.32400000,6.97000000,1.427
1749258387,1.32300000,359.03000000,1.427
1749258387,1.32200000,64.68000000,1.427
1749258703,1.42300000,2456.27000000,1.423
1749258703,1.42200000,14396.32000000,1.423
1749258703,1.42100000,32407.34000000,1.423
1749258703,1.42000000,31354.84000000,1.423
1749258703,1.41900000,9138.08000000,1.423
1749258703,1.41800000,3404.82000000,1.423
1749258703,1.41700000,5840.87000000,1.423
1749258703,1.41600000,3213.50000000,1.423
1749258703,1.41500000,10859.92000000,1.423
1749258703,1.41400000,2786.07000000,1.423
1749258703,1.41300000,6873.79000000,1.423
1749258703,1.41200000,1014.67000000,1.423
1749258703,1.41100000,7663.23000000,1.423
1749258703,1.41000000,5490.96000000,1.423
1749258703,1.40900000,5991.31000000,1.423
1749258703,1.40800000,1184.48000000,1.423
1749258703,1.40700000,2712.23000000,1.423
1749258703,1.40600000,23573.47000000,1.423
1749258703,1.40500000,396.12000000,1.423
1749258703,1.40400000,4175.73000000,1.423
1749258703,1.40300000,1668.59000000,1.423
1749258703,1.40200000,532.29000000,1.423
1749258703,1.40100000,2288.42000000,1.423
1749258703,1.40000000,473.55000000,1.423
1749258703,1.39900000,511.02000000,1.423
1749258703,1.39800000,608.35000000,1.423
1749258703,1.39700000,12899.72000000,1.423
1749258703,1.39600000,265.57000000,1.423
1749258703,1.39500000,221.99000000,1.423
1749258703,1.39400000,176.48000000,1.423
1749258703,1.39300000,70.31000000,1.423
1749258703,1.39200000,258.06000000,1.423
1749258703,1.39100000,7.18000000,1.423
1749258703,1.39000000,13.17000000,1.423
1749258703,1.38900000,90.63000000,1.423
1749258703,1.38800000,1139.30000000,1.423
1749258703,1.38700000,151.14000000,1.423
1749258703,1.38600000,707.35000000,1.423
1749258703,1.38500000,79.28000000,1.423
1749258703,1.38400000,75.90000000,1.423
1749258703,1.38300000,135.73000000,1.423
1749258703,1.38200000,1151.10000000,1.423
1749258703,1.38100000,332.50000000,1.423
1749258703,1.38000000,2568.78000000,1.423
1749258703,1.37900000,586.29000000,1.423
1749258703,1.37800000,7.26000000,1.423
1749258703,1.37700000,20.46000000,1.423
1749258703,1.37600000,7.27000000,1.423
1749258703,1.37500000,19.44000000,1.423
1749258703,1.37400000,7.28000000,1.423
1749258703,1.37300000,7.28000000,1.423
1749258703,1.37200000,515.27000000,1.423
1749258703,1.37100000,12.96000000,1.423
1749258703,1.37000000,13.69000000,1.423
1749258703,1.36900000,172.01000000,1.423
1749258703,1.36800000,7.31000000,1.423
1749258703,1.36700000,14.13000000,1.423
1749258703,1.36600000,192.61000000,1.423
1749258703,1.36500000,132.80000000,1.423
1749258703,1.36400000,1147.95000000,1.423
1749258703,1.36300000,7.13000000,1.423
1749258703,1.36200000,19.62000000,1.423
1749258703,1.36100000,13.24000000,1.423
1749258703,1.36000000,19.30000000,1.423
1749258703,1.35900000,7.13000000,1.423
1749258703,1.35800000,17.93000000,1.423
1749258703,1.35700000,13.95000000,1.423
1749258703,1.35600000,113.50000000,1.423
1749258703,1.35500000,1016.59000000,1.423
1749258703,1.35400000,12.67000000,1.423
1749258703,1.35300000,440.58000000,1.423
1749258703,1.35200000,13.82000000,1.423
1749258703,1.35100000,15.81000000,1.423
1749258703,1.35000000,544.54000000,1.423
1749258703,1.34900000,7.02000000,1.423
1749258703,1.34800000,444.12000000,1.423
1749258703,1.34600000,18.99000000,1.423
1749258703,1.34500000,12.20000000,1.423
1749258703,1.34300000,241.04000000,1.423
1749258703,1.34200000,351.32000000,1.423
1749258703,1.34100000,6.82000000,1.423
1749258703,1.34000000,250.66000000,1.423
1749258703,1.33800000,64.68000000,1.423
1749258703,1.33700000,12.06000000,1.423
1749258703,1.33600000,258.23000000,1.423
1749258703,1.33500000,257.97000000,1.423
1749258703,1.33300000,190.43000000,1.423
1749258703,1.33200000,12.17000000,1.423
1749258703,1.33100000,6.82000000,1.423
1749258703,1.33000000,8110.18000000,1.423
1749258703,1.32900000,100.03000000,1.423
1749258703,1.32800000,5.67000000,1.423
1749258703,1.32700000,243.88000000,1.423
1749258703,1.32600000,6.82000000,1.423
1749258703,1.32500000,113.20000000,1.423
1749258703,1.32400000,6.97000000,1.423
1749258703,1.32300000,359.03000000,1.423
1749258703,1.32200000,364.68000000,1.423
1749258703,1.32100000,2019.86000000,1.423
1749258703,1.32000000,4613.98000000,1.423
1749259004,1.41700000,8136.50000000,1.418
1749259004,1.41600000,27574.69000000,1.418
1749259004,1.41500000,28247.63000000,1.418
1749259004,1.41400000,10696.92000000,1.418
1749259004,1.41300000,6569.70000000,1.418
1749259004,1.41200000,6682.84000000,1.418
1749259004,1.41100000,11895.72000000,1.418
1749259004,1.41000000,4063.57000000,1.418
1749259004,1.40900000,1893.06000000,1.418
1749259004,1.40800000,1938.39000000,1.418
1749259004,1.40700000,2394.21000000,1.418
1749259004,1.40600000,5949.65000000,1.418
1749259004,1.40500000,8522.96000000,1.418
1749259004,1.40400000,5369.43000000,1.418
1749259004,1.40300000,5886.38000000,1.418
1749259004,1.40200000,13390.48000000,1.418
1749259004,1.40100000,1739.95000000,1.418
1749259004,1.40000000,660.72000000,1.418
1749259004,1.39900000,782.60000000,1.418
1749259004,1.39800000,43.18000000,1.418
1749259004,1.39700000,5392.20000000,1.418
1749259004,1.39600000,2522.01000000,1.418
1749259004,1.39500000,28.79000000,1.418
1749259004,1.39400000,84.16000000,1.418
1749259004,1.39300000,159.14000000,1.418
1749259004,1.39200000,275.64000000,1.418
1749259004,1.39100000,7.18000000,1.418
1749259004,1.39000000,83.57000000,1.418
1749259004,1.38900000,250.79000000,1.418
1749259004,1.38800000,147.84000000,1.418
1749259004,1.38700000,367.05000000,1.418
1749259004,1.38600000,55.55000000,1.418
1749259004,1.38500000,895.20000000,1.418
1749259004,1.38400000,148.02000000,1.418
1749259004,1.38300000,257.83000000,1.418
1749259004,1.38200000,1150.50000000,1.418
1749259004,1.38100000,151.80000000,1.418
1749259004,1.38000000,2825.93000000,1.418
1749259004,1.37900000,586.34000000,1.418
1749259004,1.37800000,79.70000000,1.418
1749259004,1.37700000,165.44000000,1.418
1749259004,1.37600000,79.81000000,1.418
1749259004,1.37500000,19.44000000,1.418
1749259004,1.37400000,223.43000000,1.418
1749259004,1.37300000,408.61000000,1.418
1749259004,1.37200000,116.97000000,1.418
1749259004,1.37100000,12.96000000,1.418
1749259004,1.37000000,13.69000000,1.418
1749259004,1.36900000,172.01000000,1.418
1749259004,1.36800000,7.31000000,1.418
1749259004,1.36700000,14.13000000,1.418
1749259004,1.36600000,192.61000000,1.418
1749259004,1.36500000,132.80000000,1.418
1749259004,1.36400000,1147.95000000,1.418
1749259004,1.36300000,7.13000000,1.418
1749259004,1.36200000,19.62000000,1.418
1749259004,1.36100000,13.24000000,1.418
1749259004,1.36000000,19.30000000,1.418
1749259004,1.35900000,7.13000000,1.418
1749259004,1.35800000,17.93000000,1.418
1749259004,1.35700000,13.95000000,1.418
1749259004,1.35600000,113.50000000,1.418
1749259004,1.35500000,1016.59000000,1.418
1749259004,1.35400000,12.67000000,1.418
1749259004,1.35300000,71.68000000,1.418
1749259004,1.35200000,13.82000000,1.418
1749259004,1.35100000,15.81000000,1.418
1749259004,1.35000000,544.54000000,1.418
1749259004,1.34900000,7.02000000,1.418
1749259004,1.34800000,444.12000000,1.418
1749259004,1.34700000,7.03000000,1.418
1749259004,1.34600000,26.03000000,1.418
1749259004,1.34500000,19.24000000,1.418
1749259004,1.34400000,7.04000000,1.418
1749259004,1.34300000,248.09000000,1.418
1749259004,1.34200000,107.08000000,1.418
1749259004,1.34100000,6.82000000,1.418
1749259004,1.34000000,255.61000000,1.418
1749259004,1.33800000,64.68000000,1.418
1749259004,1.33700000,12.06000000,1.418
1749259004,1.33600000,258.23000000,1.418
1749259004,1.33500000,257.97000000,1.418
1749259004,1.33400000,250.13000000,1.418
1749259004,1.33300000,190.43000000,1.418
1749259004,1.33200000,12.17000000,1.418
1749259004,1.33100000,6.82000000,1.418
1749259004,1.33000000,8110.18000000,1.418
1749259004,1.32900000,100.03000000,1.418
1749259004,1.32800000,5.67000000,1.418
1749259004,1.32700000,243.88000000,1.418
1749259004,1.32600000,6.82000000,1.418
1749259004,1.32500000,113.20000000,1.418
1749259004,1.32400000,6.97000000,1.418
1749259004,1.32300000,359.03000000,1.418
1749259004,1.32200000,364.68000000,1.418
1749259004,1.32100000,2019.86000000,1.418
1749259004,1.32000000,4613.98000000,1.418
1749259004,1.31900000,245.32000000,1.418
1749259004,1.31800000,24.84000000,1.418
1749259004,1.31600000,100.03000000,1.418
