timestamp,price,volume,current_price
1749254618,1.38700000,460.67000000,1.387
1749254618,1.38600000,14612.32000000,1.387
1749254618,1.38500000,41617.56000000,1.387
1749254618,1.38400000,37579.83000000,1.387
1749254618,1.38300000,8166.97000000,1.387
1749254618,1.38200000,4525.13000000,1.387
1749254618,1.38100000,11439.46000000,1.387
1749254618,1.38000000,4870.43000000,1.387
1749254618,1.37900000,1712.22000000,1.387
1749254618,1.37800000,9899.10000000,1.387
1749254618,1.37700000,5823.80000000,1.387
1749254618,1.37600000,2601.81000000,1.387
1749254618,1.37500000,1752.62000000,1.387
1749254618,1.37400000,5444.17000000,1.387
1749254618,1.37300000,6052.45000000,1.387
1749254618,1.37200000,2466.10000000,1.387
1749254618,1.37100000,1324.30000000,1.387
1749254618,1.37000000,24135.67000000,1.387
1749254618,1.36900000,919.70000000,1.387
1749254618,1.36800000,2695.37000000,1.387
1749254618,1.36700000,491.75000000,1.387
1749254618,1.36600000,576.10000000,1.387
1749254618,1.36500000,1806.73000000,1.387
1749254618,1.36400000,2950.30000000,1.387
1749254618,1.36300000,12.56000000,1.387
1749254618,1.36200000,1420.12000000,1.387
1749254618,1.36100000,7553.99000000,1.387
1749254618,1.36000000,3720.70000000,1.387
1749254618,1.35900000,595.96000000,1.387
1749254618,1.35800000,474.88000000,1.387
1749254618,1.35700000,19.40000000,1.387
1749254618,1.35600000,567.44000000,1.387
1749254618,1.35500000,1016.73000000,1.387
1749254618,1.35400000,12.80000000,1.387
1749254618,1.35300000,71.81000000,1.387
1749254618,1.35200000,18.05000000,1.387
1749254618,1.35100000,729.35000000,1.387
1749254618,1.35000000,3619.44000000,1.387
1749254618,1.34900000,7.13000000,1.387
1749254618,1.34800000,448.33000000,1.387
1749254618,1.34700000,534.53000000,1.387
1749254618,1.34600000,497.06000000,1.387
1749254618,1.34500000,19.33000000,1.387
1749254618,1.34400000,84.89000000,1.387
1749254618,1.34300000,2636.65000000,1.387
1749254618,1.34200000,107.16000000,1.387
1749254618,1.34100000,13.95000000,1.387
1749254618,1.34000000,7.13000000,1.387
1749254618,1.33900000,7.13000000,1.387
1749254618,1.33800000,71.81000000,1.387
1749254618,1.33700000,108.42000000,1.387
1749254618,1.33600000,426.40000000,1.387
1749254618,1.33500000,265.10000000,1.387
1749254618,1.33400000,7.13000000,1.387
1749254618,1.33300000,197.56000000,1.387
1749254618,1.33200000,19.30000000,1.387
1749254618,1.33100000,13.95000000,1.387
1749254618,1.33000000,8117.31000000,1.387
1749254618,1.32900000,107.15000000,1.387
1749254618,1.32800000,12.79000000,1.387
1749254618,1.32700000,251.01000000,1.387
1749254618,1.32600000,13.95000000,1.387
1749254618,1.32500000,1131.34000000,1.387
1749254618,1.32400000,391.75000000,1.387
1749254618,1.32300000,366.17000000,1.387
1749254618,1.32200000,71.83000000,1.387
1749254618,1.32100000,2027.02000000,1.387
1749254618,1.32000000,7352.84000000,1.387
1749254618,1.31900000,252.49000000,1.387
1749254618,1.31800000,32.01000000,1.387
1749254618,1.31700000,7.18000000,1.387
1749254618,1.31600000,107.21000000,1.387
1749254618,1.31500000,21.51000000,1.387
1749254618,1.31400000,7.20000000,1.387
1749254618,1.31300000,7.20000000,1.387
1749254618,1.31200000,267.66000000,1.387
1749254618,1.31100000,252.45000000,1.387
1749254618,1.31000000,9025.58000000,1.387
1749254618,1.30800000,8537.99000000,1.387
1749254618,1.30700000,103.11000000,1.387
1749254618,1.30600000,2557.87000000,1.387
1749254618,1.30500000,96.20000000,1.387
1749254618,1.30400000,260.43000000,1.387
1749254618,1.30300000,100.03000000,1.387
1749254618,1.30200000,17.19000000,1.387
1749254618,1.30100000,1349.06000000,1.387
1749254618,1.30000000,13776.19000000,1.387
1749254618,1.29800000,24.34000000,1.387
1749254618,1.29600000,249.75000000,1.387
1749254618,1.29500000,142.01000000,1.387
1749254618,1.29400000,105.25000000,1.387
1749254618,1.29300000,2645.65000000,1.387
1749254618,1.29100000,2549.18000000,1.387
1749254618,1.29000000,28096.66000000,1.387
1749254618,1.28900000,164.51000000,1.387
1749254618,1.28800000,251.27000000,1.387
1749254618,1.28500000,5.67000000,1.387
1749254618,1.28000000,4948.50000000,1.387
1749254618,1.27800000,354.14000000,1.387
1749254618,1.27700000,124.84000000,1.387
1749254925,1.38400000,3846.88000000,1.385
1749254925,1.38300000,20382.92000000,1.385
1749254925,1.38200000,48624.66000000,1.385
1749254925,1.38100000,29567.02000000,1.385
1749254925,1.38000000,10410.15000000,1.385
1749254925,1.37900000,8118.28000000,1.385
1749254925,1.37800000,10388.65000000,1.385
1749254925,1.37700000,3679.64000000,1.385
1749254925,1.37600000,2170.32000000,1.385
1749254925,1.37500000,2054.65000000,1.385
1749254925,1.37400000,4861.83000000,1.385
1749254925,1.37300000,7105.38000000,1.385
1749254925,1.37200000,3334.03000000,1.385
1749254925,1.37100000,1666.32000000,1.385
1749254925,1.37000000,10240.57000000,1.385
1749254925,1.36900000,908.72000000,1.385
1749254925,1.36800000,16695.37000000,1.385
1749254925,1.36700000,397.62000000,1.385
1749254925,1.36600000,576.10000000,1.385
1749254925,1.36500000,1806.73000000,1.385
1749254925,1.36400000,2899.68000000,1.385
1749254925,1.36300000,500.41000000,1.385
1749254925,1.36200000,1420.12000000,1.385
1749254925,1.36100000,396.67000000,1.385
1749254925,1.36000000,11025.48000000,1.385
1749254925,1.35900000,577.74000000,1.385
1749254925,1.35800000,401.38000000,1.385
1749254925,1.35700000,19.40000000,1.385
1749254925,1.35600000,3363.64000000,1.385
1749254925,1.35500000,1090.40000000,1.385
1749254925,1.35400000,12.80000000,1.385
1749254925,1.35300000,71.81000000,1.385
1749254925,1.35200000,18.05000000,1.385
1749254925,1.35100000,729.35000000,1.385
1749254925,1.35000000,290.65000000,1.385
1749254925,1.34900000,7.13000000,1.385
1749254925,1.34800000,992.62000000,1.385
1749254925,1.34700000,534.53000000,1.385
1749254925,1.34600000,26.12000000,1.385
1749254925,1.34500000,19.33000000,1.385
1749254925,1.34400000,84.89000000,1.385
1749254925,1.34300000,2710.97000000,1.385
1749254925,1.34200000,107.16000000,1.385
1749254925,1.34100000,13.95000000,1.385
1749254925,1.34000000,7.13000000,1.385
1749254925,1.33900000,7.13000000,1.385
1749254925,1.33800000,71.81000000,1.385
1749254925,1.33700000,520.56000000,1.385
1749254925,1.33600000,13.95000000,1.385
1749254925,1.33500000,265.10000000,1.385
1749254925,1.33400000,7.13000000,1.385
1749254925,1.33300000,197.56000000,1.385
1749254925,1.33200000,19.30000000,1.385
1749254925,1.33100000,13.95000000,1.385
1749254925,1.33000000,8117.31000000,1.385
1749254925,1.32900000,107.15000000,1.385
1749254925,1.32800000,12.79000000,1.385
1749254925,1.32700000,251.01000000,1.385
1749254925,1.32600000,13.95000000,1.385
1749254925,1.32500000,1131.34000000,1.385
1749254925,1.32400000,391.75000000,1.385
1749254925,1.32300000,366.17000000,1.385
1749254925,1.32200000,71.83000000,1.385
1749254925,1.32100000,2027.02000000,1.385
1749254925,1.32000000,7352.84000000,1.385
1749254925,1.31900000,252.49000000,1.385
1749254925,1.31800000,32.01000000,1.385
1749254925,1.31700000,7.18000000,1.385
1749254925,1.31600000,107.21000000,1.385
1749254925,1.31500000,21.51000000,1.385
1749254925,1.31400000,7.20000000,1.385
1749254925,1.31300000,7.20000000,1.385
1749254925,1.31200000,7.20000000,1.385
1749254925,1.31100000,259.66000000,1.385
1749254925,1.31000000,9032.79000000,1.385
1749254925,1.30900000,7.22000000,1.385
1749254925,1.30800000,8535.71000000,1.385
1749254925,1.30700000,103.11000000,1.385
1749254925,1.30600000,2557.87000000,1.385
1749254925,1.30500000,96.20000000,1.385
1749254925,1.30400000,519.96000000,1.385
1749254925,1.30300000,100.03000000,1.385
1749254925,1.30200000,17.19000000,1.385
1749254925,1.30100000,1440.00000000,1.385
1749254925,1.30000000,13776.19000000,1.385
1749254925,1.29800000,24.34000000,1.385
1749254925,1.29600000,249.75000000,1.385
1749254925,1.29500000,142.01000000,1.385
1749254925,1.29400000,105.25000000,1.385
1749254925,1.29300000,2645.65000000,1.385
1749254925,1.29100000,2549.18000000,1.385
1749254925,1.29000000,28096.66000000,1.385
1749254925,1.28900000,164.51000000,1.385
1749254925,1.28800000,251.27000000,1.385
1749254925,1.28500000,5.67000000,1.385
1749254925,1.28000000,4948.50000000,1.385
1749254925,1.27800000,666.59000000,1.385
1749254925,1.27700000,124.84000000,1.385
1749254925,1.27500000,196.07000000,1.385
1749254925,1.27400000,139.06000000,1.385
