timestamp,price,volume,current_price
1749254561,0.29770000,19061.98000000,0.2978
1749254561,0.29760000,49849.21000000,0.2978
1749254561,0.29750000,123487.46000000,0.2978
1749254561,0.29740000,130226.10000000,0.2978
1749254561,0.29730000,120826.97000000,0.2978
1749254561,0.29720000,277766.34000000,0.2978
1749254561,0.29710000,197960.35000000,0.2978
1749254561,0.29700000,26000.27000000,0.2978
1749254561,0.29690000,189952.54000000,0.2978
1749254561,0.29680000,31891.02000000,0.2978
1749254561,0.29670000,20441.12000000,0.2978
1749254561,0.29660000,97914.08000000,0.2978
1749254561,0.29650000,51101.90000000,0.2978
1749254561,0.29640000,142230.57000000,0.2978
1749254561,0.29630000,33258.87000000,0.2978
1749254561,0.29620000,15601.79000000,0.2978
1749254561,0.29610000,35649.04000000,0.2978
1749254561,0.29600000,27622.28000000,0.2978
1749254561,0.29590000,160533.61000000,0.2978
1749254561,0.29580000,30238.34000000,0.2978
1749254561,0.29570000,32720.85000000,0.2978
1749254561,0.29560000,10995.90000000,0.2978
1749254561,0.29550000,22746.83000000,0.2978
1749254561,0.29540000,18066.81000000,0.2978
1749254561,0.29530000,15905.28000000,0.2978
1749254561,0.29520000,200794.24000000,0.2978
1749254561,0.29510000,31918.68000000,0.2978
1749254561,0.29500000,310974.51000000,0.2978
1749254561,0.29490000,23301.93000000,0.2978
1749254561,0.29480000,22033.95000000,0.2978
1749254561,0.29470000,15928.87000000,0.2978
1749254561,0.29460000,80141.34000000,0.2978
1749254561,0.29450000,23463.36000000,0.2978
1749254561,0.29440000,8952.61000000,0.2978
1749254561,0.29430000,9149.83000000,0.2978
1749254561,0.29420000,13926.27000000,0.2978
1749254561,0.29410000,14915.44000000,0.2978
1749254561,0.29400000,10822.81000000,0.2978
1749254561,0.29390000,68527.87000000,0.2978
1749254561,0.29380000,5619.52000000,0.2978
1749254561,0.29370000,68256.11000000,0.2978
1749254561,0.29360000,105.22000000,0.2978
1749254561,0.29350000,1983.72000000,0.2978
1749254561,0.29340000,89.15000000,0.2978
1749254561,0.29330000,8976.28000000,0.2978
1749254561,0.29320000,50387.50000000,0.2978
1749254561,0.29310000,169.50000000,0.2978
1749254561,0.29300000,2813.37000000,0.2978
1749254561,0.29290000,55.35000000,0.2978
1749254561,0.29280000,7244.21000000,0.2978
1749254561,0.29270000,19316.48000000,0.2978
1749254561,0.29260000,2737.26000000,0.2978
1749254561,0.29250000,100267.14000000,0.2978
1749254561,0.29240000,33.59000000,0.2978
1749254561,0.29230000,25809.09000000,0.2978
1749254561,0.29220000,33.59000000,0.2978
1749254561,0.29210000,8571.43000000,0.2978
1749254561,0.29200000,10534.18000000,0.2978
1749254561,0.29190000,142.18000000,0.2978
1749254561,0.29180000,293.77000000,0.2978
1749254561,0.29170000,11033.54000000,0.2978
1749254561,0.29160000,596.97000000,0.2978
1749254561,0.29150000,1261.43000000,0.2978
1749254561,0.29140000,130.32000000,0.2978
1749254561,0.29130000,291.46000000,0.2978
1749254561,0.29120000,52799.42000000,0.2978
1749254561,0.29110000,470.16000000,0.2978
1749254561,0.29100000,5965.01000000,0.2978
1749254561,0.29090000,154.29000000,0.2978
1749254561,0.29080000,13300.44000000,0.2978
1749254561,0.29070000,217.42000000,0.2978
1749254561,0.29060000,369.16000000,0.2978
1749254561,0.29050000,3604.34000000,0.2978
1749254561,0.29040000,4654.36000000,0.2978
1749254561,0.29030000,186.57000000,0.2978
1749254561,0.29020000,116.05000000,0.2978
1749254561,0.29010000,4156.28000000,0.2978
1749254561,0.29000000,58900.20000000,0.2978
1749254561,0.28990000,133.06000000,0.2978
1749254561,0.28980000,19616.43000000,0.2978
1749254561,0.28960000,11498.41000000,0.2978
1749254561,0.28950000,261.01000000,0.2978
1749254561,0.28930000,28.33000000,0.2978
1749254561,0.28910000,86.82000000,0.2978
1749254561,0.28900000,3135.73000000,0.2978
1749254561,0.28890000,5000.00000000,0.2978
1749254561,0.28880000,1819.89000000,0.2978
1749254561,0.28870000,57.25000000,0.2978
1749254561,0.28860000,11533.57000000,0.2978
1749254561,0.28850000,1140.70000000,0.2978
1749254561,0.28840000,27933.28000000,0.2978
1749254561,0.28830000,127.67000000,0.2978
1749254561,0.28820000,2297.55000000,0.2978
1749254561,0.28810000,15746.16000000,0.2978
1749254561,0.28800000,14701.43000000,0.2978
1749254561,0.28790000,22.82000000,0.2978
1749254561,0.28780000,3606.67000000,0.2978
1749254561,0.28770000,348.18000000,0.2978
1749254561,0.28760000,1846.66000000,0.2978
1749254561,0.28750000,40476.94000000,0.2978
1749254872,0.29870000,26013.03000000,0.2987
1749254872,0.29860000,37777.06000000,0.2987
1749254872,0.29850000,66470.96000000,0.2987
1749254872,0.29840000,119827.35000000,0.2987
1749254872,0.29830000,106546.11000000,0.2987
1749254872,0.29820000,189611.17000000,0.2987
1749254872,0.29810000,245485.92000000,0.2987
1749254872,0.29800000,234206.99000000,0.2987
1749254872,0.29790000,134222.09000000,0.2987
1749254872,0.29780000,34923.27000000,0.2987
1749254872,0.29770000,124623.84000000,0.2987
1749254872,0.29760000,28011.36000000,0.2987
1749254872,0.29750000,80065.68000000,0.2987
1749254872,0.29740000,42941.11000000,0.2987
1749254872,0.29730000,35721.70000000,0.2987
1749254872,0.29720000,160919.76000000,0.2987
1749254872,0.29710000,44682.26000000,0.2987
1749254872,0.29700000,50544.73000000,0.2987
1749254872,0.29690000,26739.64000000,0.2987
1749254872,0.29680000,145446.01000000,0.2987
1749254872,0.29670000,37058.71000000,0.2987
1749254872,0.29660000,31271.75000000,0.2987
1749254872,0.29650000,172172.41000000,0.2987
1749254872,0.29640000,22772.89000000,0.2987
1749254872,0.29630000,25573.86000000,0.2987
1749254872,0.29620000,189672.68000000,0.2987
1749254872,0.29610000,30715.64000000,0.2987
1749254872,0.29600000,23584.06000000,0.2987
1749254872,0.29590000,17023.02000000,0.2987
1749254872,0.29580000,31084.99000000,0.2987
1749254872,0.29570000,32772.28000000,0.2987
1749254872,0.29560000,4960.57000000,0.2987
1749254872,0.29550000,15745.14000000,0.2987
1749254872,0.29540000,11296.33000000,0.2987
1749254872,0.29530000,9132.51000000,0.2987
1749254872,0.29520000,18666.08000000,0.2987
1749254872,0.29510000,25348.89000000,0.2987
1749254872,0.29500000,121205.25000000,0.2987
1749254872,0.29490000,16519.98000000,0.2987
1749254872,0.29480000,15249.69000000,0.2987
1749254872,0.29470000,9142.31000000,0.2987
1749254872,0.29460000,73337.94000000,0.2987
1749254872,0.29450000,8649.85000000,0.2987
1749254872,0.29440000,7684.36000000,0.2987
1749254872,0.29430000,2070.37000000,0.2987
1749254872,0.29420000,7009.25000000,0.2987
1749254872,0.29410000,2017.39000000,0.2987
1749254872,0.29400000,3740.45000000,0.2987
1749254872,0.29390000,64190.51000000,0.2987
1749254872,0.29380000,2539.01000000,0.2987
1749254872,0.29370000,52356.73000000,0.2987
1749254872,0.29360000,50609.22000000,0.2987
1749254872,0.29350000,1374.57000000,0.2987
1749254872,0.29340000,89.15000000,0.2987
1749254872,0.29330000,8976.28000000,0.2987
1749254872,0.29320000,75.50000000,0.2987
1749254872,0.29310000,169.50000000,0.2987
1749254872,0.29300000,2813.37000000,0.2987
1749254872,0.29290000,55.35000000,0.2987
1749254872,0.29280000,7244.21000000,0.2987
1749254872,0.29270000,19316.48000000,0.2987
1749254872,0.29260000,1917.14000000,0.2987
1749254872,0.29250000,100267.14000000,0.2987
1749254872,0.29240000,33.59000000,0.2987
1749254872,0.29230000,25809.09000000,0.2987
1749254872,0.29220000,33.59000000,0.2987
1749254872,0.29210000,8571.43000000,0.2987
1749254872,0.29200000,10534.18000000,0.2987
1749254872,0.29190000,142.18000000,0.2987
1749254872,0.29180000,293.77000000,0.2987
1749254872,0.29170000,98.41000000,0.2987
1749254872,0.29160000,53222.83000000,0.2987
1749254872,0.29150000,1261.43000000,0.2987
1749254872,0.29140000,130.32000000,0.2987
1749254872,0.29130000,291.46000000,0.2987
1749254872,0.29120000,101.27000000,0.2987
1749254872,0.29110000,436.70000000,0.2987
1749254872,0.29100000,5931.54000000,0.2987
1749254872,0.29090000,120.81000000,0.2987
1749254872,0.29080000,13266.95000000,0.2987
1749254872,0.29070000,183.92000000,0.2987
1749254872,0.29060000,335.65000000,0.2987
1749254872,0.29050000,3570.83000000,0.2987
1749254872,0.29040000,4620.82000000,0.2987
1749254872,0.29030000,153.02000000,0.2987
1749254872,0.29020000,82.49000000,0.2987
1749254872,0.29010000,4156.28000000,0.2987
1749254872,0.29000000,59363.58000000,0.2987
1749254872,0.28990000,133.06000000,0.2987
1749254872,0.28980000,19616.43000000,0.2987
1749254872,0.28960000,12539.43000000,0.2987
1749254872,0.28950000,261.01000000,0.2987
1749254872,0.28930000,28.33000000,0.2987
1749254872,0.28910000,86.82000000,0.2987
1749254872,0.28900000,3135.73000000,0.2987
1749254872,0.28890000,5000.00000000,0.2987
1749254872,0.28880000,1819.89000000,0.2987
1749254872,0.28870000,57.25000000,0.2987
1749254872,0.28860000,11533.57000000,0.2987
1749254872,0.28850000,1140.70000000,0.2987
