timestamp,price,volume,current_price
1749258333,0.30510000,46764.40000000,0.3053
1749258333,0.30500000,72241.67000000,0.3053
1749258333,0.30490000,149362.44000000,0.3053
1749258333,0.30480000,193709.23000000,0.3053
1749258333,0.30470000,176648.21000000,0.3053
1749258333,0.30460000,221576.23000000,0.3053
1749258333,0.30450000,143757.44000000,0.3053
1749258333,0.30440000,85940.03000000,0.3053
1749258333,0.30430000,52808.57000000,0.3053
1749258333,0.30420000,62550.56000000,0.3053
1749258333,0.30410000,158360.33000000,0.3053
1749258333,0.30400000,45103.57000000,0.3053
1749258333,0.30390000,35810.26000000,0.3053
1749258333,0.30380000,138243.73000000,0.3053
1749258333,0.30370000,105413.87000000,0.3053
1749258333,0.30360000,184416.95000000,0.3053
1749258333,0.30350000,25246.91000000,0.3053
1749258333,0.30340000,36310.97000000,0.3053
1749258333,0.30330000,48135.86000000,0.3053
1749258333,0.30320000,145339.51000000,0.3053
1749258333,0.30310000,25250.22000000,0.3053
1749258333,0.30300000,20996.27000000,0.3053
1749258333,0.30290000,32540.04000000,0.3053
1749258333,0.30280000,39242.10000000,0.3053
1749258333,0.30270000,38574.32000000,0.3053
1749258333,0.30260000,14272.49000000,0.3053
1749258333,0.30250000,184284.83000000,0.3053
1749258333,0.30240000,224966.50000000,0.3053
1749258333,0.30230000,12406.74000000,0.3053
1749258333,0.30220000,7100.15000000,0.3053
1749258333,0.30210000,68649.34000000,0.3053
1749258333,0.30200000,9416.03000000,0.3053
1749258333,0.30190000,59461.39000000,0.3053
1749258333,0.30180000,18909.57000000,0.3053
1749258333,0.30170000,138429.09000000,0.3053
1749258333,0.30160000,7081.22000000,0.3053
1749258333,0.30150000,12918.73000000,0.3053
1749258333,0.30140000,8123.03000000,0.3053
1749258333,0.30130000,9029.84000000,0.3053
1749258333,0.30120000,10955.91000000,0.3053
1749258333,0.30110000,6335.43000000,0.3053
1749258333,0.30100000,18808.62000000,0.3053
1749258333,0.30090000,62929.85000000,0.3053
1749258333,0.30080000,9305.27000000,0.3053
1749258333,0.30070000,4819.52000000,0.3053
1749258333,0.30060000,124.94000000,0.3053
1749258333,0.30050000,10561.31000000,0.3053
1749258333,0.30040000,64138.44000000,0.3053
1749258333,0.30030000,5676.24000000,0.3053
1749258333,0.30020000,12370.93000000,0.3053
1749258333,0.30010000,5371.78000000,0.3053
1749258333,0.30000000,23877.51000000,0.3053
1749258333,0.29990000,51.92000000,0.3053
1749258333,0.29980000,1329.16000000,0.3053
1749258333,0.29970000,12399.20000000,0.3053
1749258333,0.29960000,94.33000000,0.3053
1749258333,0.29950000,117.86000000,0.3053
1749258333,0.29940000,53.14000000,0.3053
1749258333,0.29930000,395.08000000,0.3053
1749258333,0.29920000,33.40000000,0.3053
1749258333,0.29910000,124.58000000,0.3053
1749258333,0.29900000,7772.09000000,0.3053
1749258333,0.29890000,617.73000000,0.3053
1749258333,0.29880000,175.87000000,0.3053
1749258333,0.29870000,68817.29000000,0.3053
1749258333,0.29860000,113.89000000,0.3053
1749258333,0.29850000,433.75000000,0.3053
1749258333,0.29840000,120.97000000,0.3053
1749258333,0.29830000,87.91000000,0.3053
1749258333,0.29820000,1440.33000000,0.3053
1749258333,0.29810000,32.69000000,0.3053
1749258333,0.29800000,361.88000000,0.3053
1749258333,0.29790000,82.40000000,0.3053
1749258333,0.29780000,119.06000000,0.3053
1749258333,0.29770000,32.74000000,0.3053
1749258333,0.29760000,24913.86000000,0.3053
1749258333,0.29750000,244.65000000,0.3053
1749258333,0.29740000,26.67000000,0.3053
1749258333,0.29730000,65.02000000,0.3053
1749258333,0.29720000,2543.96000000,0.3053
1749258333,0.29710000,37.31000000,0.3053
1749258333,0.29700000,544.11000000,0.3053
1749258333,0.29690000,406.30000000,0.3053
1749258333,0.29680000,354.59000000,0.3053
1749258333,0.29670000,84.32000000,0.3053
1749258333,0.29660000,729.03000000,0.3053
1749258333,0.29650000,226.90000000,0.3053
1749258333,0.29640000,33.73000000,0.3053
1749258333,0.29630000,25254.04000000,0.3053
1749258333,0.29620000,43.04000000,0.3053
1749258333,0.29610000,65.02000000,0.3053
1749258333,0.29600000,125.05000000,0.3053
1749258333,0.29590000,5321.91000000,0.3053
1749258333,0.29580000,100.34000000,0.3053
1749258333,0.29570000,18587.27000000,0.3053
1749258333,0.29560000,165.91000000,0.3053
1749258333,0.29540000,272.63000000,0.3053
1749258333,0.29520000,4234.89000000,0.3053
1749258333,0.29510000,28.96000000,0.3053
1749258333,0.29500000,10887.70000000,0.3053
1749258634,0.30460000,22792.29000000,0.3047
1749258634,0.30450000,52818.92000000,0.3047
1749258634,0.30440000,140191.30000000,0.3047
1749258634,0.30430000,157250.52000000,0.3047
1749258634,0.30420000,166914.62000000,0.3047
1749258634,0.30410000,130049.93000000,0.3047
1749258634,0.30400000,91473.29000000,0.3047
1749258634,0.30390000,104564.74000000,0.3047
1749258634,0.30380000,125876.84000000,0.3047
1749258634,0.30370000,57158.31000000,0.3047
1749258634,0.30360000,257427.69000000,0.3047
1749258634,0.30350000,140140.00000000,0.3047
1749258634,0.30340000,37407.93000000,0.3047
1749258634,0.30330000,31895.00000000,0.3047
1749258634,0.30320000,149394.65000000,0.3047
1749258634,0.30310000,28217.39000000,0.3047
1749258634,0.30300000,39878.16000000,0.3047
1749258634,0.30290000,44708.08000000,0.3047
1749258634,0.30280000,28489.32000000,0.3047
1749258634,0.30270000,40261.03000000,0.3047
1749258634,0.30260000,27985.98000000,0.3047
1749258634,0.30250000,28734.18000000,0.3047
1749258634,0.30240000,18931.74000000,0.3047
1749258634,0.30230000,108666.80000000,0.3047
1749258634,0.30220000,7100.15000000,0.3047
1749258634,0.30210000,68649.34000000,0.3047
1749258634,0.30200000,192048.51000000,0.3047
1749258634,0.30190000,249443.51000000,0.3047
1749258634,0.30180000,21792.80000000,0.3047
1749258634,0.30170000,29748.10000000,0.3047
1749258634,0.30160000,23493.68000000,0.3047
1749258634,0.30150000,15769.33000000,0.3047
1749258634,0.30140000,11408.25000000,0.3047
1749258634,0.30130000,9361.15000000,0.3047
1749258634,0.30120000,70881.96000000,0.3047
1749258634,0.30110000,9673.88000000,0.3047
1749258634,0.30100000,23834.86000000,0.3047
1749258634,0.30090000,11442.80000000,0.3047
1749258634,0.30080000,94903.16000000,0.3047
1749258634,0.30070000,6317.98000000,0.3047
1749258634,0.30060000,4369.79000000,0.3047
1749258634,0.30050000,4141.35000000,0.3047
1749258634,0.30040000,59.19000000,0.3047
1749258634,0.30030000,5343.83000000,0.3047
1749258634,0.30020000,12703.45000000,0.3047
1749258634,0.30010000,3539.11000000,0.3047
1749258634,0.30000000,10650.13000000,0.3047
1749258634,0.29990000,384.78000000,0.3047
1749258634,0.29980000,833.83000000,0.3047
1749258634,0.29970000,1569.86000000,0.3047
1749258634,0.29960000,16783.24000000,0.3047
1749258634,0.29950000,117.86000000,0.3047
1749258634,0.29940000,1451.82000000,0.3047
1749258634,0.29930000,395.08000000,0.3047
1749258634,0.29920000,33.40000000,0.3047
1749258634,0.29910000,124.58000000,0.3047
1749258634,0.29900000,7772.09000000,0.3047
1749258634,0.29890000,283.76000000,0.3047
1749258634,0.29880000,175.87000000,0.3047
1749258634,0.29870000,68483.10000000,0.3047
1749258634,0.29860000,113.89000000,0.3047
1749258634,0.29850000,25922.09000000,0.3047
1749258634,0.29840000,678.52000000,0.3047
1749258634,0.29830000,87.08000000,0.3047
1749258634,0.29820000,1439.47000000,0.3047
1749258634,0.29810000,32.69000000,0.3047
1749258634,0.29800000,361.88000000,0.3047
1749258634,0.29790000,82.40000000,0.3047
1749258634,0.29780000,119.06000000,0.3047
1749258634,0.29770000,137.77000000,0.3047
1749258634,0.29760000,66.35000000,0.3047
1749258634,0.29750000,277.41000000,0.3047
1749258634,0.29740000,730.74000000,0.3047
1749258634,0.29730000,1106.88000000,0.3047
1749258634,0.29720000,3138.87000000,0.3047
1749258634,0.29710000,70.11000000,0.3047
1749258634,0.29700000,208.00000000,0.3047
1749258634,0.29690000,406.30000000,0.3047
1749258634,0.29680000,18.26000000,0.3047
1749258634,0.29670000,84.32000000,0.3047
1749258634,0.29660000,729.03000000,0.3047
1749258634,0.29650000,226.90000000,0.3047
1749258634,0.29640000,33.73000000,0.3047
1749258634,0.29630000,386.09000000,0.3047
1749258634,0.29620000,26296.10000000,0.3047
1749258634,0.29610000,65.02000000,0.3047
1749258634,0.29600000,125.05000000,0.3047
1749258634,0.29590000,4984.55000000,0.3047
1749258634,0.29580000,100.34000000,0.3047
1749258634,0.29570000,18587.27000000,0.3047
1749258634,0.29560000,165.91000000,0.3047
1749258634,0.29550000,4275.62000000,0.3047
1749258634,0.29540000,1666.18000000,0.3047
1749258634,0.29520000,4234.89000000,0.3047
1749258634,0.29510000,28.96000000,0.3047
1749258634,0.29500000,10887.70000000,0.3047
1749258634,0.29490000,19.75000000,0.3047
1749258634,0.29480000,54.84000000,0.3047
1749258634,0.29470000,34.95000000,0.3047
1749258634,0.29460000,17434.93000000,0.3047
1749258966,0.30320000,12607.27000000,0.3033
1749258966,0.30310000,100327.21000000,0.3033
1749258966,0.30300000,121656.97000000,0.3033
1749258966,0.30290000,111319.54000000,0.3033
1749258966,0.30280000,145456.19000000,0.3033
1749258966,0.30270000,251634.57000000,0.3033
1749258966,0.30260000,181906.11000000,0.3033
1749258966,0.30250000,68647.43000000,0.3033
1749258966,0.30240000,48757.13000000,0.3033
1749258966,0.30230000,101860.31000000,0.3033
1749258966,0.30220000,68146.68000000,0.3033
1749258966,0.30210000,40955.84000000,0.3033
1749258966,0.30200000,125010.80000000,0.3033
1749258966,0.30190000,47713.59000000,0.3033
1749258966,0.30180000,36117.29000000,0.3033
1749258966,0.30170000,169185.17000000,0.3033
1749258966,0.30160000,28215.19000000,0.3033
1749258966,0.30150000,51097.67000000,0.3033
1749258966,0.30140000,70189.29000000,0.3033
1749258966,0.30130000,15972.70000000,0.3033
1749258966,0.30120000,24196.65000000,0.3033
1749258966,0.30110000,19895.70000000,0.3033
1749258966,0.30100000,23859.61000000,0.3033
1749258966,0.30090000,36266.24000000,0.3033
1749258966,0.30080000,15753.09000000,0.3033
1749258966,0.30070000,298025.39000000,0.3033
1749258966,0.30060000,17033.78000000,0.3033
1749258966,0.30050000,243952.58000000,0.3033
1749258966,0.30040000,60247.52000000,0.3033
1749258966,0.30030000,7385.29000000,0.3033
1749258966,0.30020000,7585.86000000,0.3033
1749258966,0.30010000,11735.94000000,0.3033
1749258966,0.30000000,38034.56000000,0.3033
1749258966,0.29990000,12756.16000000,0.3033
1749258966,0.29980000,7035.77000000,0.3033
1749258966,0.29970000,9678.20000000,0.3033
1749258966,0.29960000,96273.35000000,0.3033
1749258966,0.29950000,22205.47000000,0.3033
1749258966,0.29940000,10927.43000000,0.3033
1749258966,0.29930000,7545.29000000,0.3033
1749258966,0.29920000,15660.00000000,0.3033
1749258966,0.29910000,5338.02000000,0.3033
1749258966,0.29900000,5233.21000000,0.3033
1749258966,0.29890000,617.73000000,0.3033
1749258966,0.29880000,6788.53000000,0.3033
1749258966,0.29870000,69620.68000000,0.3033
1749258966,0.29860000,113.89000000,0.3033
1749258966,0.29850000,25922.09000000,0.3033
1749258966,0.29840000,9332.17000000,0.3033
1749258966,0.29830000,87.08000000,0.3033
1749258966,0.29820000,1439.47000000,0.3033
1749258966,0.29810000,32.69000000,0.3033
1749258966,0.29800000,278.82000000,0.3033
1749258966,0.29790000,82.40000000,0.3033
1749258966,0.29780000,119.06000000,0.3033
1749258966,0.29770000,6123.66000000,0.3033
1749258966,0.29760000,8452.19000000,0.3033
1749258966,0.29750000,277.41000000,0.3033
1749258966,0.29740000,395.09000000,0.3033
1749258966,0.29730000,1106.88000000,0.3033
1749258966,0.29720000,3138.87000000,0.3033
1749258966,0.29710000,294.10000000,0.3033
1749258966,0.29700000,324.15000000,0.3033
1749258966,0.29690000,439.12000000,0.3033
1749258966,0.29680000,51.09000000,0.3033
1749258966,0.29670000,117.15000000,0.3033
1749258966,0.29660000,761.88000000,0.3033
1749258966,0.29650000,259.78000000,0.3033
1749258966,0.29640000,66.61000000,0.3033
1749258966,0.29630000,469.51000000,0.3033
1749258966,0.29620000,26329.00000000,0.3033
1749258966,0.29610000,97.93000000,0.3033
1749258966,0.29600000,157.97000000,0.3033
1749258966,0.29590000,5354.84000000,0.3033
1749258966,0.29580000,133.28000000,0.3033
1749258966,0.29570000,18957.80000000,0.3033
1749258966,0.29560000,165.91000000,0.3033
1749258966,0.29550000,3937.81000000,0.3033
1749258966,0.29540000,1328.25000000,0.3033
1749258966,0.29520000,4234.89000000,0.3033
1749258966,0.29510000,28.96000000,0.3033
1749258966,0.29500000,10887.70000000,0.3033
1749258966,0.29490000,19.75000000,0.3033
1749258966,0.29480000,54.84000000,0.3033
1749258966,0.29470000,34.95000000,0.3033
1749258966,0.29460000,16393.91000000,0.3033
1749258966,0.29450000,19.45000000,0.3033
1749258966,0.29430000,1609.17000000,0.3033
1749258966,0.29420000,199.11000000,0.3033
1749258966,0.29410000,275.59000000,0.3033
1749258966,0.29400000,3680.02000000,0.3033
1749258966,0.29390000,14629.81000000,0.3033
1749258966,0.29380000,39.06000000,0.3033
1749258966,0.29370000,1713.44000000,0.3033
1749258966,0.29360000,101.98000000,0.3033
1749258966,0.29350000,17.37000000,0.3033
1749258966,0.29340000,55.56000000,0.3033
1749258966,0.29330000,787.56000000,0.3033
1749258966,0.29320000,1921.29000000,0.3033
1749258966,0.29310000,33.56000000,0.3033
1749259274,0.30190000,34629.91000000,0.302
1749259274,0.30180000,99129.12000000,0.302
1749259274,0.30170000,114554.41000000,0.302
1749259274,0.30160000,130007.08000000,0.302
1749259274,0.30150000,99638.17000000,0.302
1749259274,0.30140000,89847.15000000,0.302
1749259274,0.30130000,161344.56000000,0.302
1749259274,0.30120000,218813.94000000,0.302
1749259274,0.30110000,19565.36000000,0.302
1749259274,0.30100000,32354.65000000,0.302
1749259274,0.30090000,43655.62000000,0.302
1749259274,0.30080000,306655.29000000,0.302
1749259274,0.30070000,24839.13000000,0.302
1749259274,0.30060000,74634.90000000,0.302
1749259274,0.30050000,33163.99000000,0.302
1749259274,0.30040000,42543.45000000,0.302
1749259274,0.30030000,40616.62000000,0.302
1749259274,0.30020000,39233.37000000,0.302
1749259274,0.30010000,24403.39000000,0.302
1749259274,0.30000000,22507.35000000,0.302
1749259274,0.29990000,106644.18000000,0.302
1749259274,0.29980000,23718.49000000,0.302
1749259274,0.29970000,9678.20000000,0.302
1749259274,0.29960000,25790.67000000,0.302
1749259274,0.29950000,12145.48000000,0.302
1749259274,0.29940000,201776.46000000,0.302
1749259274,0.29930000,181409.88000000,0.302
1749259274,0.29920000,23942.67000000,0.302
1749259274,0.29910000,13210.03000000,0.302
1749259274,0.29900000,8906.84000000,0.302
1749259274,0.29890000,7297.43000000,0.302
1749259274,0.29880000,15022.10000000,0.302
1749259274,0.29870000,72754.58000000,0.302
1749259274,0.29860000,4290.47000000,0.302
1749259274,0.29850000,4567.61000000,0.302
1749259274,0.29840000,92904.32000000,0.302
1749259274,0.29830000,4364.21000000,0.302
1749259274,0.29820000,64401.63000000,0.302
1749259274,0.29810000,25954.71000000,0.302
1749259274,0.29800000,6261.33000000,0.302
1749259274,0.29790000,4697.45000000,0.302
1749259274,0.29780000,119.06000000,0.302
1749259274,0.29770000,6788.75000000,0.302
1749259274,0.29760000,17989.49000000,0.302
1749259274,0.29750000,27114.43000000,0.302
1749259274,0.29740000,59.44000000,0.302
1749259274,0.29730000,1106.88000000,0.302
1749259274,0.29720000,15196.28000000,0.302
1749259274,0.29710000,70.11000000,0.302
1749259274,0.29700000,50326.81000000,0.302
1749259274,0.29690000,439.12000000,0.302
1749259274,0.29680000,338.34000000,0.302
1749259274,0.29670000,925.86000000,0.302
1749259274,0.29660000,26617.89000000,0.302
1749259274,0.29650000,6269.89000000,0.302
1749259274,0.29640000,291.13000000,0.302
1749259274,0.29630000,755.88000000,0.302
1749259274,0.29620000,75.94000000,0.302
1749259274,0.29610000,11043.95000000,0.302
1749259274,0.29600000,8589.14000000,0.302
1749259274,0.29590000,5017.48000000,0.302
1749259274,0.29580000,470.75000000,0.302
1749259274,0.29570000,18620.22000000,0.302
1749259274,0.29560000,113.94000000,0.302
1749259274,0.29550000,3970.78000000,0.302
1749259274,0.29540000,1361.23000000,0.302
1749259274,0.29530000,33.00000000,0.302
1749259274,0.29520000,4318.62000000,0.302
1749259274,0.29510000,400.24000000,0.302
1749259274,0.29500000,10920.73000000,0.302
1749259274,0.29490000,52.79000000,0.302
1749259274,0.29480000,426.50000000,0.302
1749259274,0.29470000,68.01000000,0.302
1749259274,0.29460000,16426.98000000,0.302
1749259274,0.29450000,52.53000000,0.302
1749259274,0.29440000,33.09000000,0.302
1749259274,0.29430000,3322.11000000,0.302
1749259274,0.29420000,199.11000000,0.302
1749259274,0.29410000,445.31000000,0.302
1749259274,0.29400000,3680.02000000,0.302
1749259274,0.29390000,14629.81000000,0.302
1749259274,0.29380000,39.06000000,0.302
1749259274,0.29370000,27966.50000000,0.302
1749259274,0.29360000,441.98000000,0.302
1749259274,0.29350000,17.37000000,0.302
1749259274,0.29340000,395.79000000,0.302
1749259274,0.29330000,89.69000000,0.302
1749259274,0.29320000,41.91000000,0.302
1749259274,0.29310000,33.56000000,0.302
1749259274,0.29300000,12537.86000000,0.302
1749259274,0.29290000,21.76000000,0.302
1749259274,0.29280000,1213.08000000,0.302
1749259274,0.29270000,19282.89000000,0.302
1749259274,0.29260000,35.55000000,0.302
1749259274,0.29250000,100233.55000000,0.302
1749259274,0.29230000,38.66000000,0.302
1749259274,0.29220000,15974.83000000,0.302
1749259274,0.29210000,7263.60000000,0.302
1749259274,0.29200000,10483.36000000,0.302
1749259274,0.29190000,2389.64000000,0.302
