timestamp,price,volume,current_price
1749260735,0.30130000,1389.28000000,0.3013
1749260735,0.30120000,62365.85000000,0.3013
1749260735,0.30110000,83843.94000000,0.3013
1749260735,0.30100000,142316.34000000,0.3013
1749260735,0.30090000,291088.43000000,0.3013
1749260735,0.30080000,177754.33000000,0.3013
1749260735,0.30070000,317834.00000000,0.3013
1749260735,0.30060000,141617.76000000,0.3013
1749260735,0.30050000,60113.64000000,0.3013
1749260735,0.30040000,141038.94000000,0.3013
1749260735,0.30030000,49407.97000000,0.3013
1749260735,0.30020000,34887.07000000,0.3013
1749260735,0.30010000,76354.06000000,0.3013
1749260735,0.30000000,110263.13000000,0.3013
1749260735,0.29990000,26096.94000000,0.3013
1749260735,0.29980000,136555.00000000,0.3013
1749260735,0.29970000,151696.98000000,0.3013
1749260735,0.29960000,32883.27000000,0.3013
1749260735,0.29950000,25071.70000000,0.3013
1749260735,0.29940000,32381.91000000,0.3013
1749260735,0.29930000,28953.83000000,0.3013
1749260735,0.29920000,42274.14000000,0.3013
1749260735,0.29910000,25130.08000000,0.3013
1749260735,0.29900000,19876.51000000,0.3013
1749260735,0.29890000,138705.92000000,0.3013
1749260735,0.29880000,32936.35000000,0.3013
1749260735,0.29870000,202872.82000000,0.3013
1749260735,0.29860000,29501.35000000,0.3013
1749260735,0.29850000,193830.29000000,0.3013
1749260735,0.29840000,17803.29000000,0.3013
1749260735,0.29830000,13610.46000000,0.3013
1749260735,0.29820000,15100.66000000,0.3013
1749260735,0.29810000,21926.66000000,0.3013
1749260735,0.29800000,118505.18000000,0.3013
1749260735,0.29790000,17027.77000000,0.3013
1749260735,0.29780000,70161.10000000,0.3013
1749260735,0.29770000,10752.19000000,0.3013
1749260735,0.29760000,17035.90000000,0.3013
1749260735,0.29750000,17324.88000000,0.3013
1749260735,0.29740000,16694.87000000,0.3013
1749260735,0.29730000,5398.20000000,0.3013
1749260735,0.29720000,3157.47000000,0.3013
1749260735,0.29710000,18773.83000000,0.3013
1749260735,0.29700000,12326.98000000,0.3013
1749260735,0.29690000,1239.12000000,0.3013
1749260735,0.29680000,3433.07000000,0.3013
1749260735,0.29670000,50466.15000000,0.3013
1749260735,0.29660000,7493.17000000,0.3013
1749260735,0.29650000,63946.39000000,0.3013
1749260735,0.29640000,6679.27000000,0.3013
1749260735,0.29630000,418.98000000,0.3013
1749260735,0.29620000,1116.96000000,0.3013
1749260735,0.29610000,3441.39000000,0.3013
1749260735,0.29600000,9038.96000000,0.3013
1749260735,0.29590000,103500.31000000,0.3013
1749260735,0.29580000,3001.81000000,0.3013
1749260735,0.29570000,18908.05000000,0.3013
1749260735,0.29560000,113.94000000,0.3013
1749260735,0.29550000,3970.78000000,0.3013
1749260735,0.29540000,2173.44000000,0.3013
1749260735,0.29530000,52613.36000000,0.3013
1749260735,0.29520000,4351.75000000,0.3013
1749260735,0.29510000,61.97000000,0.3013
1749260735,0.29500000,11564.76000000,0.3013
1749260735,0.29490000,6095.52000000,0.3013
1749260735,0.29480000,87.90000000,0.3013
1749260735,0.29470000,68.02000000,0.3013
1749260735,0.29460000,17581.33000000,0.3013
1749260735,0.29450000,52.53000000,0.3013
1749260735,0.29440000,372.15000000,0.3013
1749260735,0.29430000,25255.98000000,0.3013
1749260735,0.29420000,232.23000000,0.3013
1749260735,0.29410000,308.72000000,0.3013
1749260735,0.29400000,3406.36000000,0.3013
1749260735,0.29390000,1923.60000000,0.3013
1749260735,0.29380000,72.22000000,0.3013
1749260735,0.29370000,1713.44000000,0.3013
1749260735,0.29360000,101.98000000,0.3013
1749260735,0.29350000,17.37000000,0.3013
1749260735,0.29340000,55.56000000,0.3013
1749260735,0.29330000,89.69000000,0.3013
1749260735,0.29320000,96.37000000,0.3013
1749260735,0.29310000,33.56000000,0.3013
1749260735,0.29300000,4841.01000000,0.3013
1749260735,0.29290000,21.76000000,0.3013
1749260735,0.29280000,1213.08000000,0.3013
1749260735,0.29270000,19282.89000000,0.3013
1749260735,0.29260000,35.55000000,0.3013
1749260735,0.29250000,100233.55000000,0.3013
1749260735,0.29230000,38.66000000,0.3013
1749260735,0.29210000,2611.85000000,0.3013
1749260735,0.29200000,36402.28000000,0.3013
1749260735,0.29190000,108.81000000,0.3013
1749260735,0.29180000,49.07000000,0.3013
1749260735,0.29170000,65.02000000,0.3013
1749260735,0.29160000,272.77000000,0.3013
1749260735,0.29150000,2063.48000000,0.3013
1749260735,0.29140000,96.89000000,0.3013
1749260735,0.29130000,258.03000000,0.3013
1749260735,0.29120000,67.82000000,0.3013
1749261055,0.30080000,16926.12000000,0.3009
1749261055,0.30070000,61775.55000000,0.3009
1749261055,0.30060000,94941.10000000,0.3009
1749261055,0.30050000,171461.44000000,0.3009
1749261055,0.30040000,139382.02000000,0.3009
1749261055,0.30030000,117748.28000000,0.3009
1749261055,0.30020000,168907.68000000,0.3009
1749261055,0.30010000,179115.52000000,0.3009
1749261055,0.30000000,136594.86000000,0.3009
1749261055,0.29990000,20739.98000000,0.3009
1749261055,0.29980000,41896.33000000,0.3009
1749261055,0.29970000,30604.66000000,0.3009
1749261055,0.29960000,151815.96000000,0.3009
1749261055,0.29950000,41557.23000000,0.3009
1749261055,0.29940000,160726.08000000,0.3009
1749261055,0.29930000,72231.21000000,0.3009
1749261055,0.29920000,18034.19000000,0.3009
1749261055,0.29910000,36014.88000000,0.3009
1749261055,0.29900000,25400.73000000,0.3009
1749261055,0.29890000,22233.15000000,0.3009
1749261055,0.29880000,22619.01000000,0.3009
1749261055,0.29870000,25684.51000000,0.3009
1749261055,0.29860000,12016.24000000,0.3009
1749261055,0.29850000,117949.76000000,0.3009
1749261055,0.29840000,12071.41000000,0.3009
1749261055,0.29830000,20434.65000000,0.3009
1749261055,0.29820000,261807.56000000,0.3009
1749261055,0.29810000,25483.91000000,0.3009
1749261055,0.29800000,193940.16000000,0.3009
1749261055,0.29790000,13722.86000000,0.3009
1749261055,0.29780000,56996.70000000,0.3009
1749261055,0.29770000,10752.19000000,0.3009
1749261055,0.29760000,12930.08000000,0.3009
1749261055,0.29750000,9602.27000000,0.3009
1749261055,0.29740000,14317.04000000,0.3009
1749261055,0.29730000,5398.20000000,0.3009
1749261055,0.29720000,13205.25000000,0.3009
1749261055,0.29710000,27656.65000000,0.3009
1749261055,0.29700000,16622.58000000,0.3009
1749261055,0.29690000,70620.31000000,0.3009
1749261055,0.29680000,7203.38000000,0.3009
1749261055,0.29670000,117.15000000,0.3009
1749261055,0.29660000,4127.52000000,0.3009
1749261055,0.29650000,2659.78000000,0.3009
1749261055,0.29640000,66.61000000,0.3009
1749261055,0.29630000,418.98000000,0.3009
1749261055,0.29620000,53651.64000000,0.3009
1749261055,0.29610000,3441.39000000,0.3009
1749261055,0.29600000,9849.55000000,0.3009
1749261055,0.29590000,53069.31000000,0.3009
1749261055,0.29580000,50383.28000000,0.3009
1749261055,0.29570000,18908.05000000,0.3009
1749261055,0.29560000,113.94000000,0.3009
1749261055,0.29550000,3970.78000000,0.3009
1749261055,0.29540000,1361.23000000,0.3009
1749261055,0.29530000,80.50000000,0.3009
1749261055,0.29520000,4351.75000000,0.3009
1749261055,0.29510000,61.97000000,0.3009
1749261055,0.29500000,17774.92000000,0.3009
1749261055,0.29490000,52.80000000,0.3009
1749261055,0.29480000,87.90000000,0.3009
1749261055,0.29470000,25855.97000000,0.3009
1749261055,0.29460000,16426.98000000,0.3009
1749261055,0.29450000,52.53000000,0.3009
1749261055,0.29440000,33.09000000,0.3009
1749261055,0.29430000,104.36000000,0.3009
1749261055,0.29420000,232.23000000,0.3009
1749261055,0.29410000,308.72000000,0.3009
1749261055,0.29400000,3406.36000000,0.3009
1749261055,0.29390000,1923.61000000,0.3009
1749261055,0.29380000,72.23000000,0.3009
1749261055,0.29370000,1746.61000000,0.3009
1749261055,0.29360000,135.16000000,0.3009
1749261055,0.29350000,50.57000000,0.3009
1749261055,0.29340000,88.76000000,0.3009
1749261055,0.29330000,122.90000000,0.3009
1749261055,0.29320000,96.37000000,0.3009
1749261055,0.29310000,33.56000000,0.3009
1749261055,0.29300000,2779.78000000,0.3009
1749261055,0.29290000,21.76000000,0.3009
1749261055,0.29280000,1213.08000000,0.3009
1749261055,0.29270000,19282.89000000,0.3009
1749261055,0.29260000,35.55000000,0.3009
1749261055,0.29250000,102281.24000000,0.3009
1749261055,0.29240000,25100.51000000,0.3009
1749261055,0.29230000,38.66000000,0.3009
1749261055,0.29210000,74.29000000,0.3009
1749261055,0.29200000,10645.00000000,0.3009
1749261055,0.29190000,108.81000000,0.3009
1749261055,0.29180000,49.07000000,0.3009
1749261055,0.29170000,65.02000000,0.3009
1749261055,0.29160000,272.77000000,0.3009
1749261055,0.29150000,1022.46000000,0.3009
1749261055,0.29140000,96.89000000,0.3009
1749261055,0.29130000,258.03000000,0.3009
1749261055,0.29120000,67.82000000,0.3009
1749261055,0.29110000,436.70000000,0.3009
1749261055,0.29100000,5856.70000000,0.3009
1749261055,0.29090000,120.81000000,0.3009
1749261055,0.29080000,13266.95000000,0.3009
1749261360,0.30070000,81735.80000000,0.3008
1749261360,0.30060000,44837.39000000,0.3008
1749261360,0.30050000,94021.56000000,0.3008
1749261360,0.30040000,168800.82000000,0.3008
1749261360,0.30030000,163512.26000000,0.3008
1749261360,0.30020000,128488.44000000,0.3008
1749261360,0.30010000,96494.37000000,0.3008
1749261360,0.30000000,109196.31000000,0.3008
1749261360,0.29990000,121222.40000000,0.3008
1749261360,0.29980000,190964.61000000,0.3008
1749261360,0.29970000,70846.98000000,0.3008
1749261360,0.29960000,23627.35000000,0.3008
1749261360,0.29950000,39740.88000000,0.3008
1749261360,0.29940000,86178.41000000,0.3008
1749261360,0.29930000,136367.96000000,0.3008
1749261360,0.29920000,18073.09000000,0.3008
1749261360,0.29910000,54302.62000000,0.3008
1749261360,0.29900000,50631.34000000,0.3008
1749261360,0.29890000,146361.67000000,0.3008
1749261360,0.29880000,31674.35000000,0.3008
1749261360,0.29870000,98608.64000000,0.3008
1749261360,0.29860000,19021.94000000,0.3008
1749261360,0.29850000,26813.31000000,0.3008
1749261360,0.29840000,30456.80000000,0.3008
1749261360,0.29830000,25531.06000000,0.3008
1749261360,0.29820000,196341.74000000,0.3008
1749261360,0.29810000,37061.95000000,0.3008
1749261360,0.29800000,25875.43000000,0.3008
1749261360,0.29790000,25514.62000000,0.3008
1749261360,0.29780000,184934.64000000,0.3008
1749261360,0.29770000,114834.22000000,0.3008
1749261360,0.29760000,69519.03000000,0.3008
1749261360,0.29750000,17599.77000000,0.3008
1749261360,0.29740000,17062.04000000,0.3008
1749261360,0.29730000,8143.20000000,0.3008
1749261360,0.29720000,15951.67000000,0.3008
1749261360,0.29710000,11547.71000000,0.3008
1749261360,0.29700000,14472.38000000,0.3008
1749261360,0.29690000,84339.96000000,0.3008
1749261360,0.29680000,4366.71000000,0.3008
1749261360,0.29670000,4417.03000000,0.3008
1749261360,0.29660000,761.88000000,0.3008
1749261360,0.29650000,2659.78000000,0.3008
1749261360,0.29640000,3419.39000000,0.3008
1749261360,0.29630000,418.98000000,0.3008
1749261360,0.29620000,1116.96000000,0.3008
1749261360,0.29610000,3441.39000000,0.3008
1749261360,0.29600000,59285.96000000,0.3008
1749261360,0.29590000,5886.84000000,0.3008
1749261360,0.29580000,10547.80000000,0.3008
1749261360,0.29570000,18783.28000000,0.3008
1749261360,0.29560000,1530.60000000,0.3008
1749261360,0.29550000,3970.78000000,0.3008
1749261360,0.29540000,1193.65000000,0.3008
1749261360,0.29530000,52613.36000000,0.3008
1749261360,0.29520000,4267.90000000,0.3008
1749261360,0.29510000,4872.36000000,0.3008
1749261360,0.29500000,18588.21000000,0.3008
1749261360,0.29490000,52.80000000,0.3008
1749261360,0.29480000,52709.86000000,0.3008
1749261360,0.29470000,25855.97000000,0.3008
1749261360,0.29460000,16716.42000000,0.3008
1749261360,0.29450000,52.53000000,0.3008
1749261360,0.29440000,66.82000000,0.3008
1749261360,0.29430000,104.36000000,0.3008
1749261360,0.29420000,316.36000000,0.3008
1749261360,0.29410000,308.72000000,0.3008
1749261360,0.29400000,3406.36000000,0.3008
1749261360,0.29390000,1923.61000000,0.3008
1749261360,0.29380000,72.23000000,0.3008
1749261360,0.29370000,1746.61000000,0.3008
1749261360,0.29360000,135.17000000,0.3008
1749261360,0.29350000,50.56000000,0.3008
1749261360,0.29340000,88.76000000,0.3008
1749261360,0.29330000,122.89000000,0.3008
1749261360,0.29320000,129.60000000,0.3008
1749261360,0.29310000,33.56000000,0.3008
1749261360,0.29300000,2779.78000000,0.3008
1749261360,0.29290000,21.76000000,0.3008
1749261360,0.29280000,1213.08000000,0.3008
1749261360,0.29270000,19282.89000000,0.3008
1749261360,0.29260000,35.55000000,0.3008
1749261360,0.29250000,100233.55000000,0.3008
1749261360,0.29240000,27165.97000000,0.3008
1749261360,0.29230000,38.66000000,0.3008
1749261360,0.29210000,7263.60000000,0.3008
1749261360,0.29200000,10645.00000000,0.3008
1749261360,0.29190000,108.81000000,0.3008
1749261360,0.29180000,49.07000000,0.3008
1749261360,0.29170000,65.02000000,0.3008
1749261360,0.29160000,272.77000000,0.3008
1749261360,0.29150000,1022.46000000,0.3008
1749261360,0.29140000,96.89000000,0.3008
1749261360,0.29130000,258.03000000,0.3008
1749261360,0.29120000,67.82000000,0.3008
1749261360,0.29110000,436.70000000,0.3008
1749261360,0.29100000,5856.70000000,0.3008
1749261360,0.29090000,120.81000000,0.3008
1749261360,0.29080000,13266.95000000,0.3008
1749261360,0.29070000,183.92000000,0.3008
1749261662,0.30100000,18305.11000000,0.301
1749261662,0.30090000,57960.68000000,0.301
1749261662,0.30080000,124220.91000000,0.301
1749261662,0.30070000,258815.23000000,0.301
1749261662,0.30060000,277903.04000000,0.301
1749261662,0.30050000,154281.67000000,0.301
1749261662,0.30040000,266259.36000000,0.301
1749261662,0.30030000,152075.28000000,0.301
1749261662,0.30020000,125585.47000000,0.301
1749261662,0.30010000,109565.19000000,0.301
1749261662,0.30000000,49361.14000000,0.301
1749261662,0.29990000,27479.65000000,0.301
1749261662,0.29980000,107804.47000000,0.301
1749261662,0.29970000,141599.01000000,0.301
1749261662,0.29960000,44036.93000000,0.301
1749261662,0.29950000,66382.41000000,0.301
1749261662,0.29940000,78403.47000000,0.301
1749261662,0.29930000,29398.06000000,0.301
1749261662,0.29920000,30659.89000000,0.301
1749261662,0.29910000,36019.51000000,0.301
1749261662,0.29900000,47929.90000000,0.301
1749261662,0.29890000,146159.96000000,0.301
1749261662,0.29880000,27978.66000000,0.301
1749261662,0.29870000,81499.91000000,0.301
1749261662,0.29860000,12016.24000000,0.301
1749261662,0.29850000,31356.70000000,0.301
1749261662,0.29840000,186140.86000000,0.301
1749261662,0.29830000,187796.62000000,0.301
1749261662,0.29820000,67122.64000000,0.301
1749261662,0.29810000,25508.90000000,0.301
1749261662,0.29800000,22567.09000000,0.301
1749261662,0.29790000,15691.41000000,0.301
1749261662,0.29780000,10456.03000000,0.301
1749261662,0.29770000,110921.55000000,0.301
1749261662,0.29760000,12184.55000000,0.301
1749261662,0.29750000,12932.34000000,0.301
1749261662,0.29740000,14317.04000000,0.301
1749261662,0.29730000,20507.95000000,0.301
1749261662,0.29720000,13206.67000000,0.301
1749261662,0.29710000,12571.48000000,0.301
1749261662,0.29700000,16338.47000000,0.301
1749261662,0.29690000,64912.83000000,0.301
1749261662,0.29680000,6796.45000000,0.301
1749261662,0.29670000,11556.49000000,0.301
1749261662,0.29660000,761.88000000,0.301
1749261662,0.29650000,1834.76000000,0.301
1749261662,0.29640000,3594.71000000,0.301
1749261662,0.29630000,418.98000000,0.301
1749261662,0.29620000,1116.96000000,0.301
1749261662,0.29610000,3441.39000000,0.301
1749261662,0.29600000,60096.55000000,0.301
1749261662,0.29590000,642.97000000,0.301
1749261662,0.29580000,10547.80000000,0.301
1749261662,0.29570000,18620.22000000,0.301
1749261662,0.29560000,52593.48000000,0.301
1749261662,0.29550000,3970.78000000,0.301
1749261662,0.29540000,1193.65000000,0.301
1749261662,0.29530000,52613.36000000,0.301
1749261662,0.29520000,4267.90000000,0.301
1749261662,0.29510000,4956.23000000,0.301
1749261662,0.29500000,17774.92000000,0.301
1749261662,0.29490000,52.80000000,0.301
1749261662,0.29480000,87.90000000,0.301
1749261662,0.29470000,25855.97000000,0.301
1749261662,0.29460000,16716.42000000,0.301
1749261662,0.29450000,52.53000000,0.301
1749261662,0.29440000,66.82000000,0.301
1749261662,0.29430000,104.36000000,0.301
1749261662,0.29420000,232.23000000,0.301
1749261662,0.29410000,308.72000000,0.301
1749261662,0.29400000,3406.36000000,0.301
1749261662,0.29390000,1923.61000000,0.301
1749261662,0.29380000,72.23000000,0.301
1749261662,0.29370000,106.73000000,0.301
1749261662,0.29360000,135.16000000,0.301
1749261662,0.29350000,50.56000000,0.301
1749261662,0.29340000,55.56000000,0.301
1749261662,0.29330000,89.69000000,0.301
1749261662,0.29320000,96.37000000,0.301
1749261662,0.29310000,33.56000000,0.301
1749261662,0.29300000,2779.78000000,0.301
1749261662,0.29290000,21.76000000,0.301
1749261662,0.29280000,1213.08000000,0.301
1749261662,0.29270000,19282.89000000,0.301
1749261662,0.29260000,35.55000000,0.301
1749261662,0.29250000,100233.55000000,0.301
1749261662,0.29240000,25100.51000000,0.301
1749261662,0.29230000,38.66000000,0.301
1749261662,0.29210000,1333.91000000,0.301
1749261662,0.29200000,10645.00000000,0.301
1749261662,0.29190000,108.81000000,0.301
1749261662,0.29180000,49.07000000,0.301
1749261662,0.29170000,65.02000000,0.301
1749261662,0.29160000,272.77000000,0.301
1749261662,0.29150000,1022.46000000,0.301
1749261662,0.29140000,96.89000000,0.301
1749261662,0.29130000,1299.05000000,0.301
1749261662,0.29120000,67.82000000,0.301
1749261662,0.29110000,436.70000000,0.301
1749261662,0.29100000,5856.70000000,0.301
1749261973,0.30010000,17642.26000000,0.3001
1749261973,0.30000000,181961.65000000,0.3001
1749261973,0.29990000,146722.70000000,0.3001
1749261973,0.29980000,129096.85000000,0.3001
1749261973,0.29970000,238181.92000000,0.3001
1749261973,0.29960000,289644.90000000,0.3001
1749261973,0.29950000,313925.57000000,0.3001
1749261973,0.29940000,161907.08000000,0.3001
1749261973,0.29930000,152151.21000000,0.3001
1749261973,0.29920000,99809.26000000,0.3001
1749261973,0.29910000,36051.46000000,0.3001
1749261973,0.29900000,52171.19000000,0.3001
1749261973,0.29890000,23849.20000000,0.3001
1749261973,0.29880000,31595.96000000,0.3001
1749261973,0.29870000,105574.58000000,0.3001
1749261973,0.29860000,161387.07000000,0.3001
1749261973,0.29850000,31672.81000000,0.3001
1749261973,0.29840000,30459.12000000,0.3001
1749261973,0.29830000,25535.71000000,0.3001
1749261973,0.29820000,22113.34000000,0.3001
1749261973,0.29810000,34403.06000000,0.3001
1749261973,0.29800000,18878.92000000,0.3001
1749261973,0.29790000,20581.22000000,0.3001
1749261973,0.29780000,22020.72000000,0.3001
1749261973,0.29770000,113234.24000000,0.3001
1749261973,0.29760000,67056.41000000,0.3001
1749261973,0.29750000,362124.08000000,0.3001
1749261973,0.29740000,17062.04000000,0.3001
1749261973,0.29730000,9095.05000000,0.3001
1749261973,0.29720000,13206.67000000,0.3001
1749261973,0.29710000,8368.14000000,0.3001
1749261973,0.29700000,16771.70000000,0.3001
1749261973,0.29690000,70011.28000000,0.3001
1749261973,0.29680000,7731.52000000,0.3001
1749261973,0.29670000,16192.82000000,0.3001
1749261973,0.29660000,20208.60000000,0.3001
1749261973,0.29650000,6162.52000000,0.3001
1749261973,0.29640000,4549.57000000,0.3001
1749261973,0.29630000,4724.59000000,0.3001
1749261973,0.29620000,5424.00000000,0.3001
1749261973,0.29610000,10615.49000000,0.3001
1749261973,0.29600000,57168.51000000,0.3001
1749261973,0.29590000,2058.19000000,0.3001
1749261973,0.29580000,10710.81000000,0.3001
1749261973,0.29570000,18620.22000000,0.3001
1749261973,0.29560000,113.94000000,0.3001
1749261973,0.29550000,4075.68000000,0.3001
1749261973,0.29540000,1193.65000000,0.3001
1749261973,0.29530000,52613.36000000,0.3001
1749261973,0.29520000,54697.90000000,0.3001
1749261973,0.29510000,4872.36000000,0.3001
1749261973,0.29500000,71852.45000000,0.3001
1749261973,0.29490000,52.80000000,0.3001
1749261973,0.29480000,8829.67000000,0.3001
1749261973,0.29470000,25855.97000000,0.3001
1749261973,0.29460000,16716.42000000,0.3001
1749261973,0.29450000,52.53000000,0.3001
1749261973,0.29440000,66.82000000,0.3001
1749261973,0.29430000,104.36000000,0.3001
1749261973,0.29420000,316.36000000,0.3001
1749261973,0.29410000,308.72000000,0.3001
1749261973,0.29400000,3406.36000000,0.3001
1749261973,0.29390000,2263.26000000,0.3001
1749261973,0.29380000,72.23000000,0.3001
1749261973,0.29370000,106.73000000,0.3001
1749261973,0.29360000,63.53000000,0.3001
1749261973,0.29350000,50.56000000,0.3001
1749261973,0.29340000,88.76000000,0.3001
1749261973,0.29330000,122.90000000,0.3001
1749261973,0.29320000,129.58000000,0.3001
1749261973,0.29310000,66.80000000,0.3001
1749261973,0.29300000,2792.56000000,0.3001
1749261973,0.29290000,55.02000000,0.3001
1749261973,0.29280000,1246.35000000,0.3001
1749261973,0.29270000,19316.17000000,0.3001
1749261973,0.29260000,68.84000000,0.3001
1749261973,0.29250000,102298.30000000,0.3001
1749261973,0.29240000,25100.51000000,0.3001
1749261973,0.29230000,38.66000000,0.3001
1749261973,0.29210000,7263.60000000,0.3001
1749261973,0.29200000,10645.00000000,0.3001
1749261973,0.29190000,108.81000000,0.3001
1749261973,0.29180000,49.07000000,0.3001
1749261973,0.29170000,65.02000000,0.3001
1749261973,0.29160000,272.77000000,0.3001
1749261973,0.29150000,1022.46000000,0.3001
1749261973,0.29140000,519.84000000,0.3001
1749261973,0.29130000,1299.05000000,0.3001
1749261973,0.29120000,67.82000000,0.3001
1749261973,0.29110000,436.70000000,0.3001
1749261973,0.29100000,5836.09000000,0.3001
1749261973,0.29090000,120.81000000,0.3001
1749261973,0.29080000,13266.95000000,0.3001
1749261973,0.29070000,207.66000000,0.3001
1749261973,0.29060000,335.65000000,0.3001
1749261973,0.29050000,2359.87000000,0.3001
1749261973,0.29040000,4620.82000000,0.3001
1749261973,0.29030000,153.02000000,0.3001
1749261973,0.29020000,12780.96000000,0.3001
1749261973,0.29010000,4363.10000000,0.3001
1749262275,0.30100000,17887.45000000,0.3011
1749262275,0.30090000,74168.09000000,0.3011
1749262275,0.30080000,144528.02000000,0.3011
1749262275,0.30070000,199394.24000000,0.3011
1749262275,0.30060000,138456.68000000,0.3011
1749262275,0.30050000,238197.04000000,0.3011
1749262275,0.30040000,154101.49000000,0.3011
1749262275,0.30030000,171839.58000000,0.3011
1749262275,0.30020000,40948.06000000,0.3011
1749262275,0.30010000,69649.06000000,0.3011
1749262275,0.30000000,25223.43000000,0.3011
1749262275,0.29990000,76740.44000000,0.3011
1749262275,0.29980000,26436.53000000,0.3011
1749262275,0.29970000,34599.71000000,0.3011
1749262275,0.29960000,23200.97000000,0.3011
1749262275,0.29950000,118041.31000000,0.3011
1749262275,0.29940000,89407.93000000,0.3011
1749262275,0.29930000,146122.57000000,0.3011
1749262275,0.29920000,29277.48000000,0.3011
1749262275,0.29910000,30796.02000000,0.3011
1749262275,0.29900000,40387.92000000,0.3011
1749262275,0.29890000,15257.56000000,0.3011
1749262275,0.29880000,21431.89000000,0.3011
1749262275,0.29870000,33218.72000000,0.3011
1749262275,0.29860000,136108.15000000,0.3011
1749262275,0.29850000,23054.48000000,0.3011
1749262275,0.29840000,186199.20000000,0.3011
1749262275,0.29830000,20434.65000000,0.3011
1749262275,0.29820000,186600.23000000,0.3011
1749262275,0.29810000,40748.88000000,0.3011
1749262275,0.29800000,16133.92000000,0.3011
1749262275,0.29790000,11002.86000000,0.3011
1749262275,0.29780000,7711.03000000,0.3011
1749262275,0.29770000,110489.24000000,0.3011
1749262275,0.29760000,64743.86000000,0.3011
1749262275,0.29750000,14878.51000000,0.3011
1749262275,0.29740000,64514.04000000,0.3011
1749262275,0.29730000,4389.12000000,0.3011
1749262275,0.29720000,13206.67000000,0.3011
1749262275,0.29710000,8368.14000000,0.3011
1749262275,0.29700000,16338.47000000,0.3011
1749262275,0.29690000,65712.83000000,0.3011
1749262275,0.29680000,15204.90000000,0.3011
1749262275,0.29670000,117.15000000,0.3011
1749262275,0.29660000,761.88000000,0.3011
1749262275,0.29650000,1834.76000000,0.3011
1749262275,0.29640000,3613.31000000,0.3011
1749262275,0.29630000,418.98000000,0.3011
1749262275,0.29620000,1116.96000000,0.3011
1749262275,0.29610000,6307.02000000,0.3011
1749262275,0.29600000,4043.91000000,0.3011
1749262275,0.29590000,9357.39000000,0.3011
1749262275,0.29580000,10547.80000000,0.3011
1749262275,0.29570000,71082.02000000,0.3011
1749262275,0.29560000,113.94000000,0.3011
1749262275,0.29550000,4075.68000000,0.3011
1749262275,0.29540000,2005.86000000,0.3011
1749262275,0.29530000,52613.36000000,0.3011
1749262275,0.29520000,55088.64000000,0.3011
1749262275,0.29510000,4956.23000000,0.3011
1749262275,0.29500000,18452.88000000,0.3011
1749262275,0.29490000,52.80000000,0.3011
1749262275,0.29480000,87.90000000,0.3011
1749262275,0.29470000,25855.97000000,0.3011
1749262275,0.29460000,16426.98000000,0.3011
1749262275,0.29450000,8526.64000000,0.3011
1749262275,0.29440000,66.82000000,0.3011
1749262275,0.29430000,104.36000000,0.3011
1749262275,0.29420000,232.23000000,0.3011
1749262275,0.29410000,308.72000000,0.3011
1749262275,0.29400000,3406.36000000,0.3011
1749262275,0.29390000,1923.61000000,0.3011
1749262275,0.29380000,72.23000000,0.3011
1749262275,0.29370000,106.73000000,0.3011
1749262275,0.29360000,63.53000000,0.3011
1749262275,0.29350000,50.56000000,0.3011
1749262275,0.29340000,55.56000000,0.3011
1749262275,0.29330000,89.69000000,0.3011
1749262275,0.29320000,96.37000000,0.3011
1749262275,0.29310000,33.56000000,0.3011
1749262275,0.29300000,2759.31000000,0.3011
1749262275,0.29290000,21.76000000,0.3011
1749262275,0.29280000,3275.72000000,0.3011
1749262275,0.29270000,19282.89000000,0.3011
1749262275,0.29260000,35.55000000,0.3011
1749262275,0.29250000,100233.55000000,0.3011
1749262275,0.29240000,25100.51000000,0.3011
1749262275,0.29230000,38.66000000,0.3011
1749262275,0.29210000,7263.60000000,0.3011
1749262275,0.29200000,10645.00000000,0.3011
1749262275,0.29190000,108.81000000,0.3011
1749262275,0.29180000,49.07000000,0.3011
1749262275,0.29170000,65.02000000,0.3011
1749262275,0.29160000,272.77000000,0.3011
1749262275,0.29150000,1022.46000000,0.3011
1749262275,0.29140000,519.84000000,0.3011
1749262275,0.29130000,1299.05000000,0.3011
1749262275,0.29120000,67.82000000,0.3011
1749262275,0.29110000,436.70000000,0.3011
1749262275,0.29100000,5836.09000000,0.3011
1749262576,0.30230000,11595.07000000,0.3024
1749262576,0.30220000,50300.04000000,0.3024
1749262576,0.30210000,55730.03000000,0.3024
1749262576,0.30200000,141212.72000000,0.3024
1749262576,0.30190000,252056.11000000,0.3024
1749262576,0.30180000,178595.27000000,0.3024
1749262576,0.30170000,169538.88000000,0.3024
1749262576,0.30160000,193084.97000000,0.3024
1749262576,0.30150000,206476.48000000,0.3024
1749262576,0.30140000,171147.20000000,0.3024
1749262576,0.30130000,84943.90000000,0.3024
1749262576,0.30120000,96024.12000000,0.3024
1749262576,0.30110000,38274.57000000,0.3024
1749262576,0.30100000,31103.16000000,0.3024
1749262576,0.30090000,79112.34000000,0.3024
1749262576,0.30080000,95353.52000000,0.3024
1749262576,0.30070000,35722.85000000,0.3024
1749262576,0.30060000,37503.86000000,0.3024
1749262576,0.30050000,28295.54000000,0.3024
1749262576,0.30040000,105160.91000000,0.3024
1749262576,0.30030000,61712.81000000,0.3024
1749262576,0.30020000,24947.65000000,0.3024
1749262576,0.30010000,176783.29000000,0.3024
1749262576,0.30000000,24605.36000000,0.3024
1749262576,0.29990000,39376.60000000,0.3024
1749262576,0.29980000,146044.84000000,0.3024
1749262576,0.29970000,371277.39000000,0.3024
1749262576,0.29960000,16938.07000000,0.3024
1749262576,0.29950000,22050.96000000,0.3024
1749262576,0.29940000,15681.11000000,0.3024
1749262576,0.29930000,6722.45000000,0.3024
1749262576,0.29920000,34151.27000000,0.3024
1749262576,0.29910000,18156.80000000,0.3024
1749262576,0.29900000,65957.08000000,0.3024
1749262576,0.29890000,9306.16000000,0.3024
1749262576,0.29880000,15080.49000000,0.3024
1749262576,0.29870000,129766.54000000,0.3024
1749262576,0.29860000,12016.24000000,0.3024
1749262576,0.29850000,17103.08000000,0.3024
1749262576,0.29840000,8765.08000000,0.3024
1749262576,0.29830000,13945.10000000,0.3024
1749262576,0.29820000,11228.71000000,0.3024
1749262576,0.29810000,19789.14000000,0.3024
1749262576,0.29800000,8521.21000000,0.3024
1749262576,0.29790000,12436.56000000,0.3024
1749262576,0.29780000,10175.31000000,0.3024
1749262576,0.29770000,2121.57000000,0.3024
1749262576,0.29760000,6697.51000000,0.3024
1749262576,0.29750000,5337.53000000,0.3024
1749262576,0.29740000,52240.24000000,0.3024
1749262576,0.29730000,597.29000000,0.3024
1749262576,0.29720000,4710.14000000,0.3024
1749262576,0.29710000,13851.78000000,0.3024
1749262576,0.29700000,12042.87000000,0.3024
1749262576,0.29690000,68247.28000000,0.3024
1749262576,0.29680000,52605.96000000,0.3024
1749262576,0.29670000,925.86000000,0.3024
1749262576,0.29660000,761.88000000,0.3024
1749262576,0.29650000,259.78000000,0.3024
1749262576,0.29640000,226.80000000,0.3024
1749262576,0.29630000,418.98000000,0.3024
1749262576,0.29620000,7133.16000000,0.3024
1749262576,0.29610000,97.93000000,0.3024
1749262576,0.29600000,4127.53000000,0.3024
1749262576,0.29590000,52567.46000000,0.3024
1749262576,0.29580000,10547.80000000,0.3024
1749262576,0.29570000,18620.22000000,0.3024
1749262576,0.29560000,113.94000000,0.3024
1749262576,0.29550000,4075.68000000,0.3024
1749262576,0.29540000,1193.65000000,0.3024
1749262576,0.29530000,80.50000000,0.3024
1749262576,0.29520000,4267.90000000,0.3024
1749262576,0.29510000,4872.36000000,0.3024
1749262576,0.29500000,12412.21000000,0.3024
1749262576,0.29490000,52.80000000,0.3024
1749262576,0.29480000,87.90000000,0.3024
1749262576,0.29470000,25822.90000000,0.3024
1749262576,0.29460000,16393.91000000,0.3024
1749262576,0.29450000,19.45000000,0.3024
1749262576,0.29440000,33.73000000,0.3024
1749262576,0.29430000,71.26000000,0.3024
1749262576,0.29420000,199.11000000,0.3024
1749262576,0.29410000,275.59000000,0.3024
1749262576,0.29400000,3373.22000000,0.3024
1749262576,0.29390000,1890.45000000,0.3024
1749262576,0.29380000,39.06000000,0.3024
1749262576,0.29370000,73.56000000,0.3024
1749262576,0.29360000,2087.37000000,0.3024
1749262576,0.29350000,17.37000000,0.3024
1749262576,0.29340000,55.56000000,0.3024
1749262576,0.29330000,89.69000000,0.3024
1749262576,0.29320000,96.37000000,0.3024
1749262576,0.29310000,33.56000000,0.3024
1749262576,0.29300000,2759.31000000,0.3024
1749262576,0.29290000,21.76000000,0.3024
1749262576,0.29280000,1213.08000000,0.3024
1749262576,0.29270000,19282.89000000,0.3024
1749262576,0.29260000,35.55000000,0.3024
1749262576,0.29250000,100233.55000000,0.3024
1749262576,0.29240000,25100.51000000,0.3024
1749262882,0.30080000,7878.86000000,0.3009
1749262882,0.30070000,126686.59000000,0.3009
1749262882,0.30060000,117589.25000000,0.3009
1749262882,0.30050000,130031.81000000,0.3009
1749262882,0.30040000,305353.71000000,0.3009
1749262882,0.30030000,279292.43000000,0.3009
1749262882,0.30020000,196552.30000000,0.3009
1749262882,0.30010000,179445.15000000,0.3009
1749262882,0.30000000,158011.25000000,0.3009
1749262882,0.29990000,106484.21000000,0.3009
1749262882,0.29980000,33443.27000000,0.3009
1749262882,0.29970000,31491.84000000,0.3009
1749262882,0.29960000,181140.07000000,0.3009
1749262882,0.29950000,61729.67000000,0.3009
1749262882,0.29940000,75760.93000000,0.3009
1749262882,0.29930000,31357.83000000,0.3009
1749262882,0.29920000,34828.62000000,0.3009
1749262882,0.29910000,30063.48000000,0.3009
1749262882,0.29900000,65975.48000000,0.3009
1749262882,0.29890000,16279.44000000,0.3009
1749262882,0.29880000,15080.49000000,0.3009
1749262882,0.29870000,130298.09000000,0.3009
1749262882,0.29860000,23884.26000000,0.3009
1749262882,0.29850000,13867.73000000,0.3009
1749262882,0.29840000,15586.99000000,0.3009
1749262882,0.29830000,187796.62000000,0.3009
1749262882,0.29820000,197599.94000000,0.3009
1749262882,0.29810000,5293.57000000,0.3009
1749262882,0.29800000,21178.66000000,0.3009
1749262882,0.29790000,10977.86000000,0.3009
1749262882,0.29780000,4403.28000000,0.3009
1749262882,0.29770000,6407.21000000,0.3009
1749262882,0.29760000,10983.15000000,0.3009
1749262882,0.29750000,9626.01000000,0.3009
1749262882,0.29740000,76886.59000000,0.3009
1749262882,0.29730000,4389.12000000,0.3009
1749262882,0.29720000,71937.36000000,0.3009
1749262882,0.29710000,14941.69000000,0.3009
1749262882,0.29700000,16341.32000000,0.3009
1749262882,0.29690000,5049.13000000,0.3009
1749262882,0.29680000,9465.36000000,0.3009
1749262882,0.29670000,117.15000000,0.3009
1749262882,0.29660000,51015.88000000,0.3009
1749262882,0.29650000,259.78000000,0.3009
1749262882,0.29640000,226.80000000,0.3009
1749262882,0.29630000,1832.29000000,0.3009
1749262882,0.29620000,7133.16000000,0.3009
1749262882,0.29610000,97.93000000,0.3009
1749262882,0.29600000,12743.19000000,0.3009
1749262882,0.29590000,52567.46000000,0.3009
1749262882,0.29580000,11049.82000000,0.3009
1749262882,0.29570000,18620.22000000,0.3009
1749262882,0.29560000,113.94000000,0.3009
1749262882,0.29550000,4075.68000000,0.3009
1749262882,0.29540000,1193.65000000,0.3009
1749262882,0.29530000,80.50000000,0.3009
1749262882,0.29520000,56818.55000000,0.3009
1749262882,0.29510000,4956.23000000,0.3009
1749262882,0.29500000,12412.21000000,0.3009
1749262882,0.29490000,25079.20000000,0.3009
1749262882,0.29480000,87.90000000,0.3009
1749262882,0.29470000,68.01000000,0.3009
1749262882,0.29460000,16426.98000000,0.3009
1749262882,0.29450000,52.53000000,0.3009
1749262882,0.29440000,66.82000000,0.3009
1749262882,0.29430000,104.36000000,0.3009
1749262882,0.29420000,232.23000000,0.3009
1749262882,0.29410000,308.71000000,0.3009
1749262882,0.29400000,3406.36000000,0.3009
1749262882,0.29390000,1923.60000000,0.3009
1749262882,0.29380000,72.22000000,0.3009
1749262882,0.29370000,106.74000000,0.3009
1749262882,0.29360000,63.53000000,0.3009
1749262882,0.29350000,50.56000000,0.3009
1749262882,0.29340000,88.76000000,0.3009
1749262882,0.29330000,122.90000000,0.3009
1749262882,0.29320000,96.37000000,0.3009
1749262882,0.29310000,33.56000000,0.3009
1749262882,0.29300000,4820.54000000,0.3009
1749262882,0.29290000,21.76000000,0.3009
1749262882,0.29280000,1213.08000000,0.3009
1749262882,0.29270000,45086.17000000,0.3009
1749262882,0.29260000,35.55000000,0.3009
1749262882,0.29250000,100233.55000000,0.3009
1749262882,0.29230000,38.66000000,0.3009
1749262882,0.29210000,7263.60000000,0.3009
1749262882,0.29200000,10645.00000000,0.3009
1749262882,0.29190000,108.81000000,0.3009
1749262882,0.29180000,49.07000000,0.3009
1749262882,0.29170000,65.02000000,0.3009
1749262882,0.29160000,272.77000000,0.3009
1749262882,0.29150000,1022.46000000,0.3009
1749262882,0.29140000,519.84000000,0.3009
1749262882,0.29130000,1299.05000000,0.3009
1749262882,0.29120000,67.82000000,0.3009
1749262882,0.29110000,436.70000000,0.3009
1749262882,0.29100000,5836.09000000,0.3009
1749262882,0.29090000,120.81000000,0.3009
1749262882,0.29080000,13266.95000000,0.3009
1749262882,0.29070000,207.66000000,0.3009
1749263184,0.30170000,10201.12000000,0.3018
1749263184,0.30160000,63507.46000000,0.3018
1749263184,0.30150000,98494.50000000,0.3018
1749263184,0.30140000,133821.78000000,0.3018
1749263184,0.30130000,197530.53000000,0.3018
1749263184,0.30120000,220912.98000000,0.3018
1749263184,0.30110000,229947.15000000,0.3018
1749263184,0.30100000,224864.51000000,0.3018
1749263184,0.30090000,195640.72000000,0.3018
1749263184,0.30080000,267523.48000000,0.3018
1749263184,0.30070000,85812.74000000,0.3018
1749263184,0.30060000,25149.82000000,0.3018
1749263184,0.30050000,110973.19000000,0.3018
1749263184,0.30040000,42031.09000000,0.3018
1749263184,0.30030000,60674.49000000,0.3018
1749263184,0.30020000,41250.93000000,0.3018
1749263184,0.30010000,173196.65000000,0.3018
1749263184,0.30000000,37252.85000000,0.3018
1749263184,0.29990000,28292.15000000,0.3018
1749263184,0.29980000,33427.57000000,0.3018
1749263184,0.29970000,31498.77000000,0.3018
1749263184,0.29960000,140437.94000000,0.3018
1749263184,0.29950000,16407.09000000,0.3018
1749263184,0.29940000,15681.11000000,0.3018
1749263184,0.29930000,27283.95000000,0.3018
1749263184,0.29920000,192659.88000000,0.3018
1749263184,0.29910000,18156.80000000,0.3018
1749263184,0.29900000,254871.45000000,0.3018
1749263184,0.29890000,9306.16000000,0.3018
1749263184,0.29880000,15080.49000000,0.3018
1749263184,0.29870000,127553.09000000,0.3018
1749263184,0.29860000,14999.28000000,0.3018
1749263184,0.29850000,11122.73000000,0.3018
1749263184,0.29840000,6020.08000000,0.3018
1749263184,0.29830000,12806.41000000,0.3018
1749263184,0.29820000,34564.73000000,0.3018
1749263184,0.29810000,4315.49000000,0.3018
1749263184,0.29800000,19449.72000000,0.3018
1749263184,0.29790000,10980.70000000,0.3018
1749263184,0.29780000,119.06000000,0.3018
1749263184,0.29770000,2121.57000000,0.3018
1749263184,0.29760000,6697.51000000,0.3018
1749263184,0.29750000,5337.53000000,0.3018
1749263184,0.29740000,55656.73000000,0.3018
1749263184,0.29730000,3455.52000000,0.3018
1749263184,0.29720000,68200.36000000,0.3018
1749263184,0.29710000,4886.28000000,0.3018
1749263184,0.29700000,12542.87000000,0.3018
1749263184,0.29690000,3773.57000000,0.3018
1749263184,0.29680000,2738.60000000,0.3018
1749263184,0.29670000,52402.13000000,0.3018
1749263184,0.29660000,761.88000000,0.3018
1749263184,0.29650000,259.78000000,0.3018
1749263184,0.29640000,226.80000000,0.3018
1749263184,0.29630000,418.98000000,0.3018
1749263184,0.29620000,7133.16000000,0.3018
1749263184,0.29610000,181.52000000,0.3018
1749263184,0.29600000,21174.36000000,0.3018
1749263184,0.29590000,50624.12000000,0.3018
1749263184,0.29580000,62991.86000000,0.3018
1749263184,0.29570000,18620.22000000,0.3018
1749263184,0.29560000,113.94000000,0.3018
1749263184,0.29550000,4075.68000000,0.3018
1749263184,0.29540000,1193.65000000,0.3018
1749263184,0.29530000,80.50000000,0.3018
1749263184,0.29520000,4267.90000000,0.3018
1749263184,0.29510000,4872.36000000,0.3018
1749263184,0.29500000,12412.21000000,0.3018
1749263184,0.29490000,25079.20000000,0.3018
1749263184,0.29480000,87.90000000,0.3018
1749263184,0.29470000,68.01000000,0.3018
1749263184,0.29460000,16426.98000000,0.3018
1749263184,0.29450000,52.53000000,0.3018
1749263184,0.29440000,66.82000000,0.3018
1749263184,0.29430000,104.36000000,0.3018
1749263184,0.29420000,232.23000000,0.3018
1749263184,0.29410000,275.59000000,0.3018
1749263184,0.29400000,3373.22000000,0.3018
1749263184,0.29390000,1890.45000000,0.3018
1749263184,0.29380000,39.06000000,0.3018
1749263184,0.29370000,73.56000000,0.3018
1749263184,0.29360000,30.35000000,0.3018
1749263184,0.29350000,17.37000000,0.3018
1749263184,0.29340000,55.56000000,0.3018
1749263184,0.29330000,89.69000000,0.3018
1749263184,0.29320000,96.37000000,0.3018
1749263184,0.29310000,33.56000000,0.3018
1749263184,0.29300000,39349.87000000,0.3018
1749263184,0.29290000,21.76000000,0.3018
1749263184,0.29280000,1213.08000000,0.3018
1749263184,0.29270000,45086.17000000,0.3018
1749263184,0.29260000,35.55000000,0.3018
1749263184,0.29250000,100233.55000000,0.3018
1749263184,0.29230000,38.66000000,0.3018
1749263184,0.29210000,7263.60000000,0.3018
1749263184,0.29200000,10645.00000000,0.3018
1749263184,0.29190000,108.81000000,0.3018
1749263184,0.29180000,49.07000000,0.3018
1749263184,0.29170000,65.02000000,0.3018
1749263184,0.29160000,272.77000000,0.3018
1749263490,0.30110000,6181.39000000,0.3011
1749263490,0.30100000,38934.75000000,0.3011
1749263490,0.30090000,85070.43000000,0.3011
1749263490,0.30080000,177461.50000000,0.3011
1749263490,0.30070000,202158.71000000,0.3011
1749263490,0.30060000,214125.85000000,0.3011
1749263490,0.30050000,378012.29000000,0.3011
1749263490,0.30040000,250243.94000000,0.3011
1749263490,0.30030000,110421.04000000,0.3011
1749263490,0.30020000,26785.59000000,0.3011
1749263490,0.30010000,180945.38000000,0.3011
1749263490,0.30000000,129652.60000000,0.3011
1749263490,0.29990000,28986.34000000,0.3011
1749263490,0.29980000,25687.74000000,0.3011
1749263490,0.29970000,180833.25000000,0.3011
1749263490,0.29960000,32628.62000000,0.3011
1749263490,0.29950000,35290.80000000,0.3011
1749263490,0.29940000,33541.56000000,0.3011
1749263490,0.29930000,30966.28000000,0.3011
1749263490,0.29920000,25302.52000000,0.3011
1749263490,0.29910000,27022.68000000,0.3011
1749263490,0.29900000,14074.29000000,0.3011
1749263490,0.29890000,59289.16000000,0.3011
1749263490,0.29880000,78523.99000000,0.3011
1749263490,0.29870000,130298.09000000,0.3011
1749263490,0.29860000,21255.29000000,0.3011
1749263490,0.29850000,200674.44000000,0.3011
1749263490,0.29840000,182834.53000000,0.3011
1749263490,0.29830000,11949.99000000,0.3011
1749263490,0.29820000,15510.05000000,0.3011
1749263490,0.29810000,4647.59000000,0.3011
1749263490,0.29800000,16155.26000000,0.3011
1749263490,0.29790000,10980.70000000,0.3011
1749263490,0.29780000,4406.12000000,0.3011
1749263490,0.29770000,6410.05000000,0.3011
1749263490,0.29760000,10988.83000000,0.3011
1749263490,0.29750000,24728.44000000,0.3011
1749263490,0.29740000,65266.21000000,0.3011
1749263490,0.29730000,4391.97000000,0.3011
1749263490,0.29720000,72514.56000000,0.3011
1749263490,0.29710000,4886.28000000,0.3011
1749263490,0.29700000,12542.87000000,0.3011
1749263490,0.29690000,3773.57000000,0.3011
1749263490,0.29680000,2738.60000000,0.3011
1749263490,0.29670000,117.15000000,0.3011
1749263490,0.29660000,761.88000000,0.3011
1749263490,0.29650000,259.78000000,0.3011
1749263490,0.29640000,226.80000000,0.3011
1749263490,0.29630000,418.98000000,0.3011
1749263490,0.29620000,7943.21000000,0.3011
1749263490,0.29610000,61197.43000000,0.3011
1749263490,0.29600000,4043.91000000,0.3011
1749263490,0.29590000,141.12000000,0.3011
1749263490,0.29580000,62991.86000000,0.3011
1749263490,0.29570000,18620.22000000,0.3011
1749263490,0.29560000,113.94000000,0.3011
1749263490,0.29550000,4075.68000000,0.3011
1749263490,0.29540000,1193.65000000,0.3011
1749263490,0.29530000,80.50000000,0.3011
1749263490,0.29520000,4351.75000000,0.3011
1749263490,0.29510000,61.97000000,0.3011
1749263490,0.29500000,13090.17000000,0.3011
1749263490,0.29490000,25079.20000000,0.3011
1749263490,0.29480000,87.89000000,0.3011
1749263490,0.29470000,68.01000000,0.3011
1749263490,0.29460000,16426.98000000,0.3011
1749263490,0.29450000,52.53000000,0.3011
1749263490,0.29440000,66.82000000,0.3011
1749263490,0.29430000,104.36000000,0.3011
1749263490,0.29420000,232.23000000,0.3011
1749263490,0.29410000,308.72000000,0.3011
1749263490,0.29400000,3406.36000000,0.3011
1749263490,0.29390000,1923.60000000,0.3011
1749263490,0.29380000,72.22000000,0.3011
1749263490,0.29370000,106.73000000,0.3011
1749263490,0.29360000,63.53000000,0.3011
1749263490,0.29350000,17.37000000,0.3011
1749263490,0.29340000,55.56000000,0.3011
1749263490,0.29330000,89.69000000,0.3011
1749263490,0.29320000,96.37000000,0.3011
1749263490,0.29310000,33.56000000,0.3011
1749263490,0.29300000,39349.87000000,0.3011
1749263490,0.29290000,21.76000000,0.3011
1749263490,0.29280000,1213.08000000,0.3011
1749263490,0.29270000,45086.17000000,0.3011
1749263490,0.29260000,35.55000000,0.3011
1749263490,0.29250000,100233.55000000,0.3011
1749263490,0.29230000,38.66000000,0.3011
1749263490,0.29210000,7263.60000000,0.3011
1749263490,0.29200000,10645.00000000,0.3011
1749263490,0.29190000,108.81000000,0.3011
1749263490,0.29180000,49.07000000,0.3011
1749263490,0.29170000,65.02000000,0.3011
1749263490,0.29160000,272.77000000,0.3011
1749263490,0.29150000,1022.46000000,0.3011
1749263490,0.29140000,519.84000000,0.3011
1749263490,0.29130000,2001.70000000,0.3011
1749263490,0.29120000,67.82000000,0.3011
1749263490,0.29110000,436.70000000,0.3011
1749263490,0.29100000,5836.09000000,0.3011
1749263796,0.30150000,2221.53000000,0.3015
1749263796,0.30140000,57144.26000000,0.3015
1749263796,0.30130000,82498.45000000,0.3015
1749263796,0.30120000,102960.25000000,0.3015
1749263796,0.30110000,244659.25000000,0.3015
1749263796,0.30100000,104040.57000000,0.3015
1749263796,0.30090000,72896.93000000,0.3015
1749263796,0.30080000,135790.29000000,0.3015
1749263796,0.30070000,210612.13000000,0.3015
1749263796,0.30060000,26301.68000000,0.3015
1749263796,0.30050000,28365.05000000,0.3015
1749263796,0.30040000,36541.01000000,0.3015
1749263796,0.30030000,106563.15000000,0.3015
1749263796,0.30020000,25574.62000000,0.3015
1749263796,0.30010000,196263.21000000,0.3015
1749263796,0.30000000,138645.47000000,0.3015
1749263796,0.29990000,28981.72000000,0.3015
1749263796,0.29980000,29185.77000000,0.3015
1749263796,0.29970000,161344.53000000,0.3015
1749263796,0.29960000,16090.66000000,0.3015
1749263796,0.29950000,36295.52000000,0.3015
1749263796,0.29940000,33543.87000000,0.3015
1749263796,0.29930000,27453.52000000,0.3015
1749263796,0.29920000,18329.24000000,0.3015
1749263796,0.29910000,27022.68000000,0.3015
1749263796,0.29900000,14074.29000000,0.3015
1749263796,0.29890000,239936.15000000,0.3015
1749263796,0.29880000,252418.67000000,0.3015
1749263796,0.29870000,130298.09000000,0.3015
1749263796,0.29860000,8709.91000000,0.3015
1749263796,0.29850000,26663.28000000,0.3015
1749263796,0.29840000,8765.08000000,0.3015
1749263796,0.29830000,12315.09000000,0.3015
1749263796,0.29820000,15510.05000000,0.3015
1749263796,0.29810000,4315.49000000,0.3015
1749263796,0.29800000,14483.28000000,0.3015
1749263796,0.29790000,10980.70000000,0.3015
1749263796,0.29780000,4406.12000000,0.3015
1749263796,0.29770000,21499.50000000,0.3015
1749263796,0.29760000,13837.75000000,0.3015
1749263796,0.29750000,13133.34000000,0.3015
1749263796,0.29740000,57616.87000000,0.3015
1749263796,0.29730000,97.80000000,0.3015
1749263796,0.29720000,68218.96000000,0.3015
1749263796,0.29710000,4886.28000000,0.3015
1749263796,0.29700000,12542.87000000,0.3015
1749263796,0.29690000,3773.57000000,0.3015
1749263796,0.29680000,2738.60000000,0.3015
1749263796,0.29670000,117.15000000,0.3015
1749263796,0.29660000,761.88000000,0.3015
1749263796,0.29650000,259.78000000,0.3015
1749263796,0.29640000,1432.95000000,0.3015
1749263796,0.29630000,418.98000000,0.3015
1749263796,0.29620000,7943.21000000,0.3015
1749263796,0.29610000,61197.43000000,0.3015
1749263796,0.29600000,4043.91000000,0.3015
1749263796,0.29590000,141.12000000,0.3015
1749263796,0.29580000,62991.86000000,0.3015
1749263796,0.29570000,18620.22000000,0.3015
1749263796,0.29560000,113.94000000,0.3015
1749263796,0.29550000,4075.68000000,0.3015
1749263796,0.29540000,1193.65000000,0.3015
1749263796,0.29530000,80.50000000,0.3015
1749263796,0.29520000,4351.75000000,0.3015
1749263796,0.29510000,61.97000000,0.3015
1749263796,0.29500000,12412.21000000,0.3015
1749263796,0.29490000,25079.20000000,0.3015
1749263796,0.29480000,87.89000000,0.3015
1749263796,0.29470000,68.01000000,0.3015
1749263796,0.29460000,16426.98000000,0.3015
1749263796,0.29450000,52.53000000,0.3015
1749263796,0.29440000,66.82000000,0.3015
1749263796,0.29430000,104.36000000,0.3015
1749263796,0.29420000,232.23000000,0.3015
1749263796,0.29410000,308.72000000,0.3015
1749263796,0.29400000,3406.36000000,0.3015
1749263796,0.29390000,1890.45000000,0.3015
1749263796,0.29380000,39.06000000,0.3015
1749263796,0.29370000,73.56000000,0.3015
1749263796,0.29360000,30.35000000,0.3015
1749263796,0.29350000,17.37000000,0.3015
1749263796,0.29340000,55.56000000,0.3015
1749263796,0.29330000,89.69000000,0.3015
1749263796,0.29320000,96.37000000,0.3015
1749263796,0.29310000,33.56000000,0.3015
1749263796,0.29300000,39349.87000000,0.3015
1749263796,0.29290000,21.76000000,0.3015
1749263796,0.29280000,1213.08000000,0.3015
1749263796,0.29270000,45086.17000000,0.3015
1749263796,0.29260000,35.55000000,0.3015
1749263796,0.29250000,100233.55000000,0.3015
1749263796,0.29230000,38.66000000,0.3015
1749263796,0.29210000,7263.60000000,0.3015
1749263796,0.29200000,10645.00000000,0.3015
1749263796,0.29190000,108.81000000,0.3015
1749263796,0.29180000,49.07000000,0.3015
1749263796,0.29170000,65.02000000,0.3015
1749263796,0.29160000,272.77000000,0.3015
1749263796,0.29150000,1022.46000000,0.3015
1749263796,0.29140000,519.84000000,0.3015
1749264098,0.30160000,20618.03000000,0.3017
1749264098,0.30150000,45015.44000000,0.3017
1749264098,0.30140000,122466.56000000,0.3017
1749264098,0.30130000,153776.26000000,0.3017
1749264098,0.30120000,176167.85000000,0.3017
1749264098,0.30110000,86420.19000000,0.3017
1749264098,0.30100000,52912.72000000,0.3017
1749264098,0.30090000,86693.23000000,0.3017
1749264098,0.30080000,103174.25000000,0.3017
1749264098,0.30070000,31327.37000000,0.3017
1749264098,0.30060000,109739.20000000,0.3017
1749264098,0.30050000,199895.07000000,0.3017
1749264098,0.30040000,31689.39000000,0.3017
1749264098,0.30030000,30576.42000000,0.3017
1749264098,0.30020000,17949.65000000,0.3017
1749264098,0.30010000,27964.35000000,0.3017
1749264098,0.30000000,189553.08000000,0.3017
1749264098,0.29990000,23304.92000000,0.3017
1749264098,0.29980000,18534.59000000,0.3017
1749264098,0.29970000,152022.18000000,0.3017
1749264098,0.29960000,20585.41000000,0.3017
1749264098,0.29950000,23911.07000000,0.3017
1749264098,0.29940000,78480.11000000,0.3017
1749264098,0.29930000,29342.52000000,0.3017
1749264098,0.29920000,18329.24000000,0.3017
1749264098,0.29910000,18156.80000000,0.3017
1749264098,0.29900000,199312.83000000,0.3017
1749264098,0.29890000,66099.65000000,0.3017
1749264098,0.29880000,188975.17000000,0.3017
1749264098,0.29870000,130298.09000000,0.3017
1749264098,0.29860000,8709.91000000,0.3017
1749264098,0.29850000,26663.28000000,0.3017
1749264098,0.29840000,8767.91000000,0.3017
1749264098,0.29830000,12806.69000000,0.3017
1749264098,0.29820000,15510.05000000,0.3017
1749264098,0.29810000,7060.49000000,0.3017
1749264098,0.29800000,14481.86000000,0.3017
1749264098,0.29790000,10982.12000000,0.3017
1749264098,0.29780000,4406.12000000,0.3017
1749264098,0.29770000,21499.50000000,0.3017
1749264098,0.29760000,14090.72000000,0.3017
1749264098,0.29750000,5337.53000000,0.3017
1749264098,0.29740000,7419.87000000,0.3017
1749264098,0.29730000,97.80000000,0.3017
1749264098,0.29720000,68218.96000000,0.3017
1749264098,0.29710000,2053.91000000,0.3017
1749264098,0.29700000,12542.87000000,0.3017
1749264098,0.29690000,3773.57000000,0.3017
1749264098,0.29680000,54765.04000000,0.3017
1749264098,0.29670000,117.15000000,0.3017
1749264098,0.29660000,761.88000000,0.3017
1749264098,0.29650000,259.78000000,0.3017
1749264098,0.29640000,53770.85000000,0.3017
1749264098,0.29630000,418.98000000,0.3017
1749264098,0.29620000,7216.72000000,0.3017
1749264098,0.29610000,97.93000000,0.3017
1749264098,0.29600000,12808.78000000,0.3017
1749264098,0.29590000,141.12000000,0.3017
1749264098,0.29580000,62991.86000000,0.3017
1749264098,0.29570000,18620.22000000,0.3017
1749264098,0.29560000,113.94000000,0.3017
1749264098,0.29550000,3970.78000000,0.3017
1749264098,0.29540000,1193.65000000,0.3017
1749264098,0.29530000,80.50000000,0.3017
1749264098,0.29520000,4267.90000000,0.3017
1749264098,0.29510000,61.97000000,0.3017
1749264098,0.29500000,12412.21000000,0.3017
1749264098,0.29490000,25079.20000000,0.3017
1749264098,0.29480000,87.89000000,0.3017
1749264098,0.29470000,68.01000000,0.3017
1749264098,0.29460000,16426.99000000,0.3017
1749264098,0.29450000,52.53000000,0.3017
1749264098,0.29440000,66.82000000,0.3017
1749264098,0.29430000,104.35000000,0.3017
1749264098,0.29420000,232.23000000,0.3017
1749264098,0.29410000,308.72000000,0.3017
1749264098,0.29400000,3373.22000000,0.3017
1749264098,0.29390000,1890.45000000,0.3017
1749264098,0.29380000,39.06000000,0.3017
1749264098,0.29370000,73.56000000,0.3017
1749264098,0.29360000,30.35000000,0.3017
1749264098,0.29350000,17.37000000,0.3017
1749264098,0.29340000,55.56000000,0.3017
1749264098,0.29330000,89.69000000,0.3017
1749264098,0.29320000,96.37000000,0.3017
1749264098,0.29310000,33.56000000,0.3017
1749264098,0.29300000,39349.87000000,0.3017
1749264098,0.29290000,21.76000000,0.3017
1749264098,0.29280000,1213.08000000,0.3017
1749264098,0.29270000,45086.17000000,0.3017
1749264098,0.29260000,35.55000000,0.3017
1749264098,0.29250000,100233.55000000,0.3017
1749264098,0.29230000,38.66000000,0.3017
1749264098,0.29210000,7263.60000000,0.3017
1749264098,0.29200000,10645.00000000,0.3017
1749264098,0.29190000,108.81000000,0.3017
1749264098,0.29180000,49.07000000,0.3017
1749264098,0.29170000,65.02000000,0.3017
1749264098,0.29160000,272.77000000,0.3017
1749264098,0.29150000,1022.46000000,0.3017
1749264404,0.30130000,15622.66000000,0.3014
1749264404,0.30120000,77757.54000000,0.3014
1749264404,0.30110000,94714.64000000,0.3014
1749264404,0.30100000,137628.91000000,0.3014
1749264404,0.30090000,141369.20000000,0.3014
1749264404,0.30080000,163445.79000000,0.3014
1749264404,0.30070000,203139.86000000,0.3014
1749264404,0.30060000,126265.49000000,0.3014
1749264404,0.30050000,29136.65000000,0.3014
1749264404,0.30040000,31613.17000000,0.3014
1749264404,0.30030000,28327.39000000,0.3014
1749264404,0.30020000,24920.61000000,0.3014
1749264404,0.30010000,144438.88000000,0.3014
1749264404,0.30000000,174007.28000000,0.3014
1749264404,0.29990000,29033.76000000,0.3014
1749264404,0.29980000,29247.13000000,0.3014
1749264404,0.29970000,150292.34000000,0.3014
1749264404,0.29960000,49941.05000000,0.3014
1749264404,0.29950000,35815.43000000,0.3014
1749264404,0.29940000,48446.00000000,0.3014
1749264404,0.29930000,24226.82000000,0.3014
1749264404,0.29920000,23312.52000000,0.3014
1749264404,0.29910000,29671.23000000,0.3014
1749264404,0.29900000,17628.99000000,0.3014
1749264404,0.29890000,66099.65000000,0.3014
1749264404,0.29880000,366102.18000000,0.3014
1749264404,0.29870000,179487.98000000,0.3014
1749264404,0.29860000,12360.24000000,0.3014
1749264404,0.29850000,26663.28000000,0.3014
1749264404,0.29840000,8767.91000000,0.3014
1749264404,0.29830000,9122.23000000,0.3014
1749264404,0.29820000,15510.05000000,0.3014
1749264404,0.29810000,4315.49000000,0.3014
1749264404,0.29800000,9902.27000000,0.3014
1749264404,0.29790000,10982.12000000,0.3014
1749264404,0.29780000,19490.50000000,0.3014
1749264404,0.29770000,14387.83000000,0.3014
1749264404,0.29760000,16734.70000000,0.3014
1749264404,0.29750000,9303.69000000,0.3014
1749264404,0.29740000,8353.18000000,0.3014
1749264404,0.29730000,4389.12000000,0.3014
1749264404,0.29720000,68218.96000000,0.3014
1749264404,0.29710000,5413.89000000,0.3014
1749264404,0.29700000,7373.47000000,0.3014
1749264404,0.29690000,3773.57000000,0.3014
1749264404,0.29680000,53956.60000000,0.3014
1749264404,0.29670000,117.15000000,0.3014
1749264404,0.29660000,761.88000000,0.3014
1749264404,0.29650000,259.78000000,0.3014
1749264404,0.29640000,1432.95000000,0.3014
1749264404,0.29630000,418.98000000,0.3014
1749264404,0.29620000,7133.16000000,0.3014
1749264404,0.29610000,97.93000000,0.3014
1749264404,0.29600000,12808.78000000,0.3014
1749264404,0.29590000,141.12000000,0.3014
1749264404,0.29580000,11358.93000000,0.3014
1749264404,0.29570000,18620.22000000,0.3014
1749264404,0.29560000,113.94000000,0.3014
1749264404,0.29550000,56468.08000000,0.3014
1749264404,0.29540000,1193.65000000,0.3014
1749264404,0.29530000,80.50000000,0.3014
1749264404,0.29520000,4351.75000000,0.3014
1749264404,0.29510000,52799.86000000,0.3014
1749264404,0.29500000,12412.21000000,0.3014
1749264404,0.29490000,25079.20000000,0.3014
1749264404,0.29480000,87.89000000,0.3014
1749264404,0.29470000,68.01000000,0.3014
1749264404,0.29460000,16426.99000000,0.3014
1749264404,0.29450000,52.53000000,0.3014
1749264404,0.29440000,66.82000000,0.3014
1749264404,0.29430000,104.35000000,0.3014
1749264404,0.29420000,232.23000000,0.3014
1749264404,0.29410000,308.72000000,0.3014
1749264404,0.29400000,3406.36000000,0.3014
1749264404,0.29390000,1923.60000000,0.3014
1749264404,0.29380000,72.21000000,0.3014
1749264404,0.29370000,73.56000000,0.3014
1749264404,0.29360000,30.35000000,0.3014
1749264404,0.29350000,17.37000000,0.3014
1749264404,0.29340000,55.56000000,0.3014
1749264404,0.29330000,89.69000000,0.3014
1749264404,0.29320000,96.37000000,0.3014
1749264404,0.29310000,33.56000000,0.3014
1749264404,0.29300000,39349.87000000,0.3014
1749264404,0.29290000,21.76000000,0.3014
1749264404,0.29280000,1213.08000000,0.3014
1749264404,0.29270000,45086.17000000,0.3014
1749264404,0.29260000,35.55000000,0.3014
1749264404,0.29250000,100233.55000000,0.3014
1749264404,0.29230000,38.66000000,0.3014
1749264404,0.29210000,7263.60000000,0.3014
1749264404,0.29200000,10645.00000000,0.3014
1749264404,0.29190000,108.81000000,0.3014
1749264404,0.29180000,49.07000000,0.3014
1749264404,0.29170000,65.02000000,0.3014
1749264404,0.29160000,272.77000000,0.3014
1749264404,0.29150000,1022.46000000,0.3014
1749264404,0.29140000,519.84000000,0.3014
1749264404,0.29130000,1299.05000000,0.3014
1749264404,0.29120000,67.82000000,0.3014
1749264706,0.30140000,23243.77000000,0.3015
1749264706,0.30130000,70621.30000000,0.3015
1749264706,0.30120000,176931.10000000,0.3015
1749264706,0.30110000,174057.17000000,0.3015
1749264706,0.30100000,206321.23000000,0.3015
1749264706,0.30090000,191696.95000000,0.3015
1749264706,0.30080000,135664.09000000,0.3015
1749264706,0.30070000,192775.18000000,0.3015
1749264706,0.30060000,295088.00000000,0.3015
1749264706,0.30050000,22139.14000000,0.3015
1749264706,0.30040000,39158.71000000,0.3015
1749264706,0.30030000,21356.43000000,0.3015
1749264706,0.30020000,18612.04000000,0.3015
1749264706,0.30010000,138160.99000000,0.3015
1749264706,0.30000000,136934.40000000,0.3015
1749264706,0.29990000,21350.72000000,0.3015
1749264706,0.29980000,21612.03000000,0.3015
1749264706,0.29970000,150292.34000000,0.3015
1749264706,0.29960000,26536.81000000,0.3015
1749264706,0.29950000,28844.47000000,0.3015
1749264706,0.29940000,41475.04000000,0.3015
1749264706,0.29930000,17255.86000000,0.3015
1749264706,0.29920000,16343.87000000,0.3015
1749264706,0.29910000,18156.80000000,0.3015
1749264706,0.29900000,13881.67000000,0.3015
1749264706,0.29890000,66099.65000000,0.3015
1749264706,0.29880000,374362.38000000,0.3015
1749264706,0.29870000,182232.98000000,0.3015
1749264706,0.29860000,8709.91000000,0.3015
1749264706,0.29850000,26663.28000000,0.3015
1749264706,0.29840000,8767.91000000,0.3015
1749264706,0.29830000,9122.23000000,0.3015
1749264706,0.29820000,15509.97000000,0.3015
1749264706,0.29810000,7060.49000000,0.3015
1749264706,0.29800000,9902.27000000,0.3015
1749264706,0.29790000,10982.12000000,0.3015
1749264706,0.29780000,4406.12000000,0.3015
1749264706,0.29770000,14387.83000000,0.3015
1749264706,0.29760000,31826.38000000,0.3015
1749264706,0.29750000,12981.47000000,0.3015
1749264706,0.29740000,8353.18000000,0.3015
1749264706,0.29730000,6813.24000000,0.3015
1749264706,0.29720000,68218.96000000,0.3015
1749264706,0.29710000,2053.91000000,0.3015
1749264706,0.29700000,7373.47000000,0.3015
1749264706,0.29690000,3773.57000000,0.3015
1749264706,0.29680000,53669.09000000,0.3015
1749264706,0.29670000,117.15000000,0.3015
1749264706,0.29660000,761.88000000,0.3015
1749264706,0.29650000,259.78000000,0.3015
1749264706,0.29640000,2242.46000000,0.3015
1749264706,0.29630000,418.98000000,0.3015
1749264706,0.29620000,59506.40000000,0.3015
1749264706,0.29610000,97.93000000,0.3015
1749264706,0.29600000,12808.78000000,0.3015
1749264706,0.29590000,141.12000000,0.3015
1749264706,0.29580000,10816.07000000,0.3015
1749264706,0.29570000,18620.22000000,0.3015
1749264706,0.29560000,113.94000000,0.3015
1749264706,0.29550000,3970.78000000,0.3015
1749264706,0.29540000,1193.65000000,0.3015
1749264706,0.29530000,80.50000000,0.3015
1749264706,0.29520000,4351.75000000,0.3015
1749264706,0.29510000,52799.86000000,0.3015
1749264706,0.29500000,12745.54000000,0.3015
1749264706,0.29490000,25079.20000000,0.3015
1749264706,0.29480000,87.89000000,0.3015
1749264706,0.29470000,68.01000000,0.3015
1749264706,0.29460000,16426.99000000,0.3015
1749264706,0.29450000,52.53000000,0.3015
1749264706,0.29440000,66.82000000,0.3015
1749264706,0.29430000,104.35000000,0.3015
1749264706,0.29420000,232.23000000,0.3015
1749264706,0.29410000,308.72000000,0.3015
1749264706,0.29400000,3406.36000000,0.3015
1749264706,0.29390000,1923.60000000,0.3015
1749264706,0.29380000,39.06000000,0.3015
1749264706,0.29370000,73.56000000,0.3015
1749264706,0.29360000,30.35000000,0.3015
1749264706,0.29350000,17.37000000,0.3015
1749264706,0.29340000,55.56000000,0.3015
1749264706,0.29330000,89.69000000,0.3015
1749264706,0.29320000,96.37000000,0.3015
1749264706,0.29310000,33.56000000,0.3015
1749264706,0.29300000,39349.87000000,0.3015
1749264706,0.29290000,21.76000000,0.3015
1749264706,0.29280000,1213.08000000,0.3015
1749264706,0.29270000,45086.17000000,0.3015
1749264706,0.29260000,35.55000000,0.3015
1749264706,0.29250000,100233.55000000,0.3015
1749264706,0.29230000,38.66000000,0.3015
1749264706,0.29210000,7263.60000000,0.3015
1749264706,0.29200000,10645.00000000,0.3015
1749264706,0.29190000,108.81000000,0.3015
1749264706,0.29180000,49.07000000,0.3015
1749264706,0.29170000,65.02000000,0.3015
1749264706,0.29160000,272.77000000,0.3015
1749264706,0.29150000,1022.46000000,0.3015
1749264706,0.29140000,519.84000000,0.3015
1749264706,0.29130000,1299.05000000,0.3015
1749265008,0.30260000,7483.83000000,0.3027
1749265008,0.30250000,62367.92000000,0.3027
1749265008,0.30240000,153243.33000000,0.3027
1749265008,0.30230000,247280.87000000,0.3027
1749265008,0.30220000,182859.11000000,0.3027
1749265008,0.30210000,126447.77000000,0.3027
1749265008,0.30200000,130284.60000000,0.3027
1749265008,0.30190000,84714.11000000,0.3027
1749265008,0.30180000,107144.51000000,0.3027
1749265008,0.30170000,40019.75000000,0.3027
1749265008,0.30160000,45919.99000000,0.3027
1749265008,0.30150000,28278.55000000,0.3027
1749265008,0.30140000,74726.80000000,0.3027
1749265008,0.30130000,41869.38000000,0.3027
1749265008,0.30120000,163331.28000000,0.3027
1749265008,0.30110000,41331.01000000,0.3027
1749265008,0.30100000,44141.44000000,0.3027
1749265008,0.30090000,129709.44000000,0.3027
1749265008,0.30080000,25846.87000000,0.3027
1749265008,0.30070000,29973.35000000,0.3027
1749265008,0.30060000,36360.28000000,0.3027
1749265008,0.30050000,24119.93000000,0.3027
1749265008,0.30040000,21701.02000000,0.3027
1749265008,0.30030000,141757.97000000,0.3027
1749265008,0.30020000,10330.75000000,0.3027
1749265008,0.30010000,33459.60000000,0.3027
1749265008,0.30000000,144506.79000000,0.3027
1749265008,0.29990000,356839.21000000,0.3027
1749265008,0.29980000,64010.73000000,0.3027
1749265008,0.29970000,123194.61000000,0.3027
1749265008,0.29960000,9126.63000000,0.3027
1749265008,0.29950000,10455.69000000,0.3027
1749265008,0.29940000,15681.11000000,0.3027
1749265008,0.29930000,17255.86000000,0.3027
1749265008,0.29920000,13843.72000000,0.3027
1749265008,0.29910000,18156.80000000,0.3027
1749265008,0.29900000,7344.75000000,0.3027
1749265008,0.29890000,67234.91000000,0.3027
1749265008,0.29880000,15452.81000000,0.3027
1749265008,0.29870000,22914.58000000,0.3027
1749265008,0.29860000,6370.59000000,0.3027
1749265008,0.29850000,6823.47000000,0.3027
1749265008,0.29840000,1719.40000000,0.3027
1749265008,0.29830000,2070.88000000,0.3027
1749265008,0.29820000,8052.13000000,0.3027
1749265008,0.29810000,32.69000000,0.3027
1749265008,0.29800000,4000.97000000,0.3027
1749265008,0.29790000,6695.06000000,0.3027
1749265008,0.29780000,52210.91000000,0.3027
1749265008,0.29770000,6253.10000000,0.3027
1749265008,0.29760000,66.35000000,0.3027
1749265008,0.29750000,5337.53000000,0.3027
1749265008,0.29740000,2043.24000000,0.3027
1749265008,0.29730000,97.80000000,0.3027
1749265008,0.29720000,68200.36000000,0.3027
1749265008,0.29710000,61656.55000000,0.3027
1749265008,0.29700000,760.81000000,0.3027
1749265008,0.29690000,439.12000000,0.3027
1749265008,0.29680000,51.09000000,0.3027
1749265008,0.29670000,117.15000000,0.3027
1749265008,0.29660000,761.88000000,0.3027
1749265008,0.29650000,227.43000000,0.3027
1749265008,0.29640000,1432.95000000,0.3027
1749265008,0.29630000,418.98000000,0.3027
1749265008,0.29620000,6175.70000000,0.3027
1749265008,0.29610000,97.93000000,0.3027
1749265008,0.29600000,4043.91000000,0.3027
1749265008,0.29590000,52567.46000000,0.3027
1749265008,0.29580000,10816.07000000,0.3027
1749265008,0.29570000,18620.22000000,0.3027
1749265008,0.29560000,113.94000000,0.3027
1749265008,0.29550000,3970.78000000,0.3027
1749265008,0.29540000,1193.65000000,0.3027
1749265008,0.29530000,80.50000000,0.3027
1749265008,0.29520000,4267.90000000,0.3027
1749265008,0.29510000,231.41000000,0.3027
1749265008,0.29500000,13106.56000000,0.3027
1749265008,0.29490000,25046.15000000,0.3027
1749265008,0.29480000,54.84000000,0.3027
1749265008,0.29470000,34.95000000,0.3027
1749265008,0.29460000,16393.91000000,0.3027
1749265008,0.29450000,19.45000000,0.3027
1749265008,0.29440000,33.73000000,0.3027
1749265008,0.29430000,71.26000000,0.3027
1749265008,0.29420000,199.11000000,0.3027
1749265008,0.29410000,275.59000000,0.3027
1749265008,0.29400000,3373.22000000,0.3027
1749265008,0.29390000,1890.45000000,0.3027
1749265008,0.29380000,39.06000000,0.3027
1749265008,0.29370000,73.56000000,0.3027
1749265008,0.29360000,30.35000000,0.3027
1749265008,0.29350000,17.37000000,0.3027
1749265008,0.29340000,55.56000000,0.3027
1749265008,0.29330000,89.69000000,0.3027
1749265008,0.29320000,96.37000000,0.3027
1749265008,0.29310000,33.56000000,0.3027
1749265008,0.29300000,39349.87000000,0.3027
1749265008,0.29290000,21.76000000,0.3027
1749265008,0.29280000,1213.08000000,0.3027
1749265008,0.29270000,45086.17000000,0.3027
1749265310,0.30140000,50208.29000000,0.3015
1749265310,0.30130000,164350.17000000,0.3015
1749265310,0.30120000,193884.14000000,0.3015
1749265310,0.30110000,185687.59000000,0.3015
1749265310,0.30100000,108954.10000000,0.3015
1749265310,0.30090000,86774.99000000,0.3015
1749265310,0.30080000,142161.17000000,0.3015
1749265310,0.30070000,229540.04000000,0.3015
1749265310,0.30060000,80843.75000000,0.3015
1749265310,0.30050000,144006.50000000,0.3015
1749265310,0.30040000,33433.48000000,0.3015
1749265310,0.30030000,24592.05000000,0.3015
1749265310,0.30020000,17924.75000000,0.3015
1749265310,0.30010000,60193.94000000,0.3015
1749265310,0.30000000,141477.44000000,0.3015
1749265310,0.29990000,163393.76000000,0.3015
1749265310,0.29980000,17507.82000000,0.3015
1749265310,0.29970000,121594.61000000,0.3015
1749265310,0.29960000,9526.63000000,0.3015
1749265310,0.29950000,19309.73000000,0.3015
1749265310,0.29940000,16519.48000000,0.3015
1749265310,0.29930000,28762.59000000,0.3015
1749265310,0.29920000,59975.27000000,0.3015
1749265310,0.29910000,22562.74000000,0.3015
1749265310,0.29900000,7344.75000000,0.3015
1749265310,0.29890000,243413.28000000,0.3015
1749265310,0.29880000,188147.49000000,0.3015
1749265310,0.29870000,25659.58000000,0.3015
1749265310,0.29860000,9115.59000000,0.3015
1749265310,0.29850000,13842.78000000,0.3015
1749265310,0.29840000,7998.56000000,0.3015
1749265310,0.29830000,9093.01000000,0.3015
1749265310,0.29820000,15075.68000000,0.3015
1749265310,0.29810000,12795.30000000,0.3015
1749265310,0.29800000,11514.69000000,0.3015
1749265310,0.29790000,17684.48000000,0.3015
1749265310,0.29780000,4403.28000000,0.3015
1749265310,0.29770000,6407.21000000,0.3015
1749265310,0.29760000,4371.91000000,0.3015
1749265310,0.29750000,9626.01000000,0.3015
1749265310,0.29740000,6333.14000000,0.3015
1749265310,0.29730000,97.80000000,0.3015
1749265310,0.29720000,68487.98000000,0.3015
1749265310,0.29710000,113871.13000000,0.3015
1749265310,0.29700000,760.81000000,0.3015
1749265310,0.29690000,3773.57000000,0.3015
1749265310,0.29680000,51.09000000,0.3015
1749265310,0.29670000,117.15000000,0.3015
1749265310,0.29660000,761.88000000,0.3015
1749265310,0.29650000,58.80000000,0.3015
1749265310,0.29640000,1432.95000000,0.3015
1749265310,0.29630000,418.98000000,0.3015
1749265310,0.29620000,6175.70000000,0.3015
1749265310,0.29610000,97.93000000,0.3015
1749265310,0.29600000,4043.91000000,0.3015
1749265310,0.29590000,52567.46000000,0.3015
1749265310,0.29580000,10527.52000000,0.3015
1749265310,0.29570000,18620.22000000,0.3015
1749265310,0.29560000,113.94000000,0.3015
1749265310,0.29550000,3970.78000000,0.3015
1749265310,0.29540000,1193.65000000,0.3015
1749265310,0.29530000,80.50000000,0.3015
1749265310,0.29520000,4267.90000000,0.3015
1749265310,0.29510000,231.41000000,0.3015
1749265310,0.29500000,13139.59000000,0.3015
1749265310,0.29490000,25079.20000000,0.3015
1749265310,0.29480000,87.89000000,0.3015
1749265310,0.29470000,68.01000000,0.3015
1749265310,0.29460000,16426.98000000,0.3015
1749265310,0.29450000,52.52000000,0.3015
1749265310,0.29440000,66.82000000,0.3015
1749265310,0.29430000,104.36000000,0.3015
1749265310,0.29420000,232.23000000,0.3015
1749265310,0.29410000,308.72000000,0.3015
1749265310,0.29400000,3406.36000000,0.3015
1749265310,0.29390000,1923.60000000,0.3015
1749265310,0.29380000,39.06000000,0.3015
1749265310,0.29370000,73.56000000,0.3015
1749265310,0.29360000,30.35000000,0.3015
1749265310,0.29350000,17.37000000,0.3015
1749265310,0.29340000,55.56000000,0.3015
1749265310,0.29330000,89.69000000,0.3015
1749265310,0.29320000,96.37000000,0.3015
1749265310,0.29310000,204.15000000,0.3015
1749265310,0.29300000,39349.87000000,0.3015
1749265310,0.29290000,21.76000000,0.3015
1749265310,0.29280000,1213.08000000,0.3015
1749265310,0.29270000,45086.17000000,0.3015
1749265310,0.29260000,35.55000000,0.3015
1749265310,0.29250000,100233.55000000,0.3015
1749265310,0.29230000,38.66000000,0.3015
1749265310,0.29210000,7964.62000000,0.3015
1749265310,0.29200000,10645.00000000,0.3015
1749265310,0.29190000,108.81000000,0.3015
1749265310,0.29180000,49.07000000,0.3015
1749265310,0.29170000,65.02000000,0.3015
1749265310,0.29160000,272.77000000,0.3015
1749265310,0.29150000,1022.46000000,0.3015
1749265310,0.29140000,519.84000000,0.3015
1749265310,0.29130000,1299.05000000,0.3015
1749265611,0.30250000,14710.55000000,0.3026
1749265611,0.30240000,105663.14000000,0.3026
1749265611,0.30230000,93666.89000000,0.3026
1749265611,0.30220000,115983.67000000,0.3026
1749265611,0.30210000,149604.70000000,0.3026
1749265611,0.30200000,152629.91000000,0.3026
1749265611,0.30190000,70319.35000000,0.3026
1749265611,0.30180000,33572.41000000,0.3026
1749265611,0.30170000,37228.03000000,0.3026
1749265611,0.30160000,80470.23000000,0.3026
1749265611,0.30150000,32524.04000000,0.3026
1749265611,0.30140000,48211.81000000,0.3026
1749265611,0.30130000,246889.23000000,0.3026
1749265611,0.30120000,96195.23000000,0.3026
1749265611,0.30110000,25617.61000000,0.3026
1749265611,0.30100000,37460.77000000,0.3026
1749265611,0.30090000,35671.07000000,0.3026
1749265611,0.30080000,34636.17000000,0.3026
1749265611,0.30070000,29964.19000000,0.3026
1749265611,0.30060000,27138.64000000,0.3026
1749265611,0.30050000,163959.43000000,0.3026
1749265611,0.30040000,15749.62000000,0.3026
1749265611,0.30030000,28858.39000000,0.3026
1749265611,0.30020000,17274.06000000,0.3026
1749265611,0.30010000,28766.80000000,0.3026
1749265611,0.30000000,140995.74000000,0.3026
1749265611,0.29990000,232060.87000000,0.3026
1749265611,0.29980000,9044.42000000,0.3026
1749265611,0.29970000,118288.28000000,0.3026
1749265611,0.29960000,9126.63000000,0.3026
1749265611,0.29950000,7149.36000000,0.3026
1749265611,0.29940000,16519.48000000,0.3026
1749265611,0.29930000,17255.86000000,0.3026
1749265611,0.29920000,8102.26000000,0.3026
1749265611,0.29910000,15731.89000000,0.3026
1749265611,0.29900000,7319.83000000,0.3026
1749265611,0.29890000,69609.98000000,0.3026
1749265611,0.29880000,11507.81000000,0.3026
1749265611,0.29870000,23107.99000000,0.3026
1749265611,0.29860000,7720.95000000,0.3026
1749265611,0.29850000,11097.78000000,0.3026
1749265611,0.29840000,139.47000000,0.3026
1749265611,0.29830000,54573.24000000,0.3026
1749265611,0.29820000,13143.66000000,0.3026
1749265611,0.29810000,32.69000000,0.3026
1749265611,0.29800000,4471.23000000,0.3026
1749265611,0.29790000,82.40000000,0.3026
1749265611,0.29780000,3443.43000000,0.3026
1749265611,0.29770000,2121.57000000,0.3026
1749265611,0.29760000,56653.25000000,0.3026
1749265611,0.29750000,6174.50000000,0.3026
1749265611,0.29740000,2043.24000000,0.3026
1749265611,0.29730000,1821.16000000,0.3026
1749265611,0.29720000,68487.98000000,0.3026
1749265611,0.29710000,8878.75000000,0.3026
1749265611,0.29700000,260.81000000,0.3026
1749265611,0.29690000,439.12000000,0.3026
1749265611,0.29680000,52318.45000000,0.3026
1749265611,0.29670000,117.15000000,0.3026
1749265611,0.29660000,761.88000000,0.3026
1749265611,0.29650000,999.19000000,0.3026
1749265611,0.29640000,32.88000000,0.3026
1749265611,0.29630000,418.98000000,0.3026
1749265611,0.29620000,159.50000000,0.3026
1749265611,0.29610000,97.93000000,0.3026
1749265611,0.29600000,4043.91000000,0.3026
1749265611,0.29590000,141.12000000,0.3026
1749265611,0.29580000,10527.52000000,0.3026
1749265611,0.29570000,18620.22000000,0.3026
1749265611,0.29560000,113.94000000,0.3026
1749265611,0.29550000,3970.78000000,0.3026
1749265611,0.29540000,1193.65000000,0.3026
1749265611,0.29530000,80.50000000,0.3026
1749265611,0.29520000,4267.90000000,0.3026
1749265611,0.29510000,231.41000000,0.3026
1749265611,0.29500000,14139.59000000,0.3026
1749265611,0.29490000,25046.15000000,0.3026
1749265611,0.29480000,54.84000000,0.3026
1749265611,0.29470000,34.95000000,0.3026
1749265611,0.29460000,16393.91000000,0.3026
1749265611,0.29450000,19.45000000,0.3026
1749265611,0.29440000,33.73000000,0.3026
1749265611,0.29430000,71.26000000,0.3026
1749265611,0.29420000,199.11000000,0.3026
1749265611,0.29410000,275.59000000,0.3026
1749265611,0.29400000,3373.22000000,0.3026
1749265611,0.29390000,1890.45000000,0.3026
1749265611,0.29380000,39.06000000,0.3026
1749265611,0.29370000,73.56000000,0.3026
1749265611,0.29360000,30.35000000,0.3026
1749265611,0.29350000,17.37000000,0.3026
1749265611,0.29340000,55.56000000,0.3026
1749265611,0.29330000,89.69000000,0.3026
1749265611,0.29320000,96.37000000,0.3026
1749265611,0.29310000,204.15000000,0.3026
1749265611,0.29300000,39449.87000000,0.3026
1749265611,0.29290000,21.76000000,0.3026
1749265611,0.29280000,1634.01000000,0.3026
1749265611,0.29270000,45086.17000000,0.3026
1749265611,0.29260000,35.55000000,0.3026
1749265913,0.30350000,48536.82000000,0.3035
1749265913,0.30340000,80099.94000000,0.3035
1749265913,0.30330000,136591.76000000,0.3035
1749265913,0.30320000,182658.75000000,0.3035
1749265913,0.30310000,168926.16000000,0.3035
1749265913,0.30300000,171343.19000000,0.3035
1749265913,0.30290000,219260.49000000,0.3035
1749265913,0.30280000,130603.38000000,0.3035
1749265913,0.30270000,38363.90000000,0.3035
1749265913,0.30260000,108713.43000000,0.3035
1749265913,0.30250000,65308.93000000,0.3035
1749265913,0.30240000,18630.08000000,0.3035
1749265913,0.30230000,20255.86000000,0.3035
1749265913,0.30220000,74186.14000000,0.3035
1749265913,0.30210000,29016.09000000,0.3035
1749265913,0.30200000,24227.79000000,0.3035
1749265913,0.30190000,107229.21000000,0.3035
1749265913,0.30180000,71502.82000000,0.3035
1749265913,0.30170000,153627.83000000,0.3035
1749265913,0.30160000,21736.31000000,0.3035
1749265913,0.30150000,24836.78000000,0.3035
1749265913,0.30140000,15447.86000000,0.3035
1749265913,0.30130000,38097.82000000,0.3035
1749265913,0.30120000,25922.78000000,0.3035
1749265913,0.30110000,149237.93000000,0.3035
1749265913,0.30100000,23970.69000000,0.3035
1749265913,0.30090000,29172.16000000,0.3035
1749265913,0.30080000,208210.30000000,0.3035
1749265913,0.30070000,189876.85000000,0.3035
1749265913,0.30060000,14227.93000000,0.3035
1749265913,0.30050000,38799.53000000,0.3035
1749265913,0.30040000,15749.62000000,0.3035
1749265913,0.30030000,60728.66000000,0.3035
1749265913,0.30020000,10330.75000000,0.3035
1749265913,0.30010000,18677.21000000,0.3035
1749265913,0.30000000,140981.72000000,0.3035
1749265913,0.29990000,58861.77000000,0.3035
1749265913,0.29980000,14135.95000000,0.3035
1749265913,0.29970000,118288.28000000,0.3035
1749265913,0.29960000,9126.63000000,0.3035
1749265913,0.29950000,7149.36000000,0.3035
1749265913,0.29940000,12662.82000000,0.3035
1749265913,0.29930000,110.07000000,0.3035
1749265913,0.29920000,1092.82000000,0.3035
1749265913,0.29910000,8721.04000000,0.3035
1749265913,0.29900000,307.57000000,0.3035
1749265913,0.29890000,60196.31000000,0.3035
1749265913,0.29880000,71868.52000000,0.3035
1749265913,0.29870000,22150.87000000,0.3035
1749265913,0.29860000,6791.15000000,0.3035
1749265913,0.29850000,6823.47000000,0.3035
1749265913,0.29840000,120.97000000,0.3035
1749265913,0.29830000,54573.24000000,0.3035
1749265913,0.29820000,10997.87000000,0.3035
1749265913,0.29810000,32.69000000,0.3035
1749265913,0.29800000,4471.23000000,0.3035
1749265913,0.29790000,82.40000000,0.3035
1749265913,0.29780000,119.06000000,0.3035
1749265913,0.29770000,2121.57000000,0.3035
1749265913,0.29760000,6054.25000000,0.3035
1749265913,0.29750000,6174.50000000,0.3035
1749265913,0.29740000,59.44000000,0.3035
1749265913,0.29730000,97.80000000,0.3035
1749265913,0.29720000,5079.73000000,0.3035
1749265913,0.29710000,70.11000000,0.3035
1749265913,0.29700000,260.81000000,0.3035
1749265913,0.29690000,439.12000000,0.3035
1749265913,0.29680000,52318.45000000,0.3035
1749265913,0.29670000,117.15000000,0.3035
1749265913,0.29660000,761.88000000,0.3035
1749265913,0.29650000,58.80000000,0.3035
1749265913,0.29640000,32.88000000,0.3035
1749265913,0.29630000,418.98000000,0.3035
1749265913,0.29620000,75.94000000,0.3035
1749265913,0.29610000,97.93000000,0.3035
1749265913,0.29600000,4043.91000000,0.3035
1749265913,0.29590000,108.19000000,0.3035
1749265913,0.29580000,10494.58000000,0.3035
1749265913,0.29570000,18587.27000000,0.3035
1749265913,0.29560000,80.98000000,0.3035
1749265913,0.29550000,3937.81000000,0.3035
1749265913,0.29540000,1160.67000000,0.3035
1749265913,0.29530000,47.50000000,0.3035
1749265913,0.29520000,4234.89000000,0.3035
1749265913,0.29510000,198.39000000,0.3035
1749265913,0.29500000,14106.56000000,0.3035
1749265913,0.29490000,25046.15000000,0.3035
1749265913,0.29480000,54.84000000,0.3035
1749265913,0.29470000,34.95000000,0.3035
1749265913,0.29460000,16393.91000000,0.3035
1749265913,0.29450000,19.45000000,0.3035
1749265913,0.29440000,33.73000000,0.3035
1749265913,0.29430000,1112.28000000,0.3035
1749265913,0.29420000,199.11000000,0.3035
1749265913,0.29410000,275.59000000,0.3035
1749265913,0.29400000,3373.22000000,0.3035
1749265913,0.29390000,1890.45000000,0.3035
1749265913,0.29380000,39.06000000,0.3035
1749265913,0.29370000,73.56000000,0.3035
1749265913,0.29360000,30.35000000,0.3035
1749266214,0.30410000,45615.82000000,0.3041
1749266214,0.30400000,95736.12000000,0.3041
1749266214,0.30390000,166262.03000000,0.3041
1749266214,0.30380000,229750.81000000,0.3041
1749266214,0.30370000,278598.38000000,0.3041
1749266214,0.30360000,211243.95000000,0.3041
1749266214,0.30350000,258601.17000000,0.3041
1749266214,0.30340000,52266.40000000,0.3041
1749266214,0.30330000,108606.49000000,0.3041
1749266214,0.30320000,76258.20000000,0.3041
1749266214,0.30310000,40226.01000000,0.3041
1749266214,0.30300000,94141.09000000,0.3041
1749266214,0.30290000,31242.16000000,0.3041
1749266214,0.30280000,117127.60000000,0.3041
1749266214,0.30270000,47080.14000000,0.3041
1749266214,0.30260000,22920.17000000,0.3041
1749266214,0.30250000,147368.19000000,0.3041
1749266214,0.30240000,24039.97000000,0.3041
1749266214,0.30230000,174277.12000000,0.3041
1749266214,0.30220000,28574.40000000,0.3041
1749266214,0.30210000,27057.79000000,0.3041
1749266214,0.30200000,52991.81000000,0.3041
1749266214,0.30190000,25481.22000000,0.3041
1749266214,0.30180000,10775.47000000,0.3041
1749266214,0.30170000,49112.50000000,0.3041
1749266214,0.30160000,22509.58000000,0.3041
1749266214,0.30150000,364777.36000000,0.3041
1749266214,0.30140000,9078.16000000,0.3041
1749266214,0.30130000,26458.32000000,0.3041
1749266214,0.30120000,60684.55000000,0.3041
1749266214,0.30110000,15066.92000000,0.3041
1749266214,0.30100000,18240.38000000,0.3041
1749266214,0.30090000,8784.66000000,0.3041
1749266214,0.30080000,23101.39000000,0.3041
1749266214,0.30070000,118388.19000000,0.3041
1749266214,0.30060000,15179.54000000,0.3041
1749266214,0.30050000,37258.42000000,0.3041
1749266214,0.30040000,15998.99000000,0.3041
1749266214,0.30030000,108997.55000000,0.3041
1749266214,0.30020000,7536.29000000,0.3041
1749266214,0.30010000,10920.25000000,0.3041
1749266214,0.30000000,122617.27000000,0.3041
1749266214,0.29990000,51.90000000,0.3041
1749266214,0.29980000,5346.86000000,0.3041
1749266214,0.29970000,7141.50000000,0.3041
1749266214,0.29960000,2078.13000000,0.3041
1749266214,0.29950000,4557.94000000,0.3041
1749266214,0.29940000,11250.11000000,0.3041
1749266214,0.29930000,110.07000000,0.3041
1749266214,0.29920000,1074.42000000,0.3041
1749266214,0.29910000,2108.38000000,0.3041
1749266214,0.29900000,307.57000000,0.3041
1749266214,0.29890000,283.76000000,0.3041
1749266214,0.29880000,122355.21000000,0.3041
1749266214,0.29870000,18836.51000000,0.3041
1749266214,0.29860000,1464.25000000,0.3041
1749266214,0.29850000,210.81000000,0.3041
1749266214,0.29840000,120.97000000,0.3041
1749266214,0.29830000,87.08000000,0.3041
1749266214,0.29820000,53796.20000000,0.3041
1749266214,0.29810000,115.72000000,0.3041
1749266214,0.29800000,2710.75000000,0.3041
1749266214,0.29790000,82.40000000,0.3041
1749266214,0.29780000,119.06000000,0.3041
1749266214,0.29770000,8520.80000000,0.3041
1749266214,0.29760000,66.35000000,0.3041
1749266214,0.29750000,31200.90000000,0.3041
1749266214,0.29740000,59.44000000,0.3041
1749266214,0.29730000,97.80000000,0.3041
1749266214,0.29720000,4996.45000000,0.3041
1749266214,0.29710000,70.11000000,0.3041
1749266214,0.29700000,260.81000000,0.3041
1749266214,0.29690000,439.12000000,0.3041
1749266214,0.29680000,51.09000000,0.3041
1749266214,0.29670000,453.61000000,0.3041
1749266214,0.29660000,761.89000000,0.3041
1749266214,0.29650000,25.92000000,0.3041
1749266214,0.29640000,336.79000000,0.3041
1749266214,0.29630000,386.09000000,0.3041
1749266214,0.29620000,43.04000000,0.3041
1749266214,0.29610000,65.02000000,0.3041
1749266214,0.29600000,4010.99000000,0.3041
1749266214,0.29590000,108.19000000,0.3041
1749266214,0.29580000,10494.58000000,0.3041
1749266214,0.29570000,18587.27000000,0.3041
1749266214,0.29560000,80.98000000,0.3041
1749266214,0.29550000,3937.81000000,0.3041
1749266214,0.29540000,1160.67000000,0.3041
1749266214,0.29530000,47.50000000,0.3041
1749266214,0.29520000,4234.89000000,0.3041
1749266214,0.29510000,198.39000000,0.3041
1749266214,0.29500000,14444.95000000,0.3041
1749266214,0.29490000,19.75000000,0.3041
1749266214,0.29480000,54.84000000,0.3041
1749266214,0.29470000,34.95000000,0.3041
1749266214,0.29460000,16393.91000000,0.3041
1749266214,0.29450000,19.45000000,0.3041
1749266214,0.29440000,33.73000000,0.3041
1749266214,0.29430000,1112.28000000,0.3041
1749266214,0.29420000,199.11000000,0.3041
1749266516,0.30300000,33011.30000000,0.3031
1749266516,0.30290000,104630.21000000,0.3031
1749266516,0.30280000,165811.26000000,0.3031
1749266516,0.30270000,217085.82000000,0.3031
1749266516,0.30260000,100920.34000000,0.3031
1749266516,0.30250000,123974.79000000,0.3031
1749266516,0.30240000,65145.35000000,0.3031
1749266516,0.30230000,118865.12000000,0.3031
1749266516,0.30220000,110374.00000000,0.3031
1749266516,0.30210000,109564.63000000,0.3031
1749266516,0.30200000,18057.18000000,0.3031
1749266516,0.30190000,29781.35000000,0.3031
1749266516,0.30180000,16769.94000000,0.3031
1749266516,0.30170000,194676.97000000,0.3031
1749266516,0.30160000,30135.36000000,0.3031
1749266516,0.30150000,18430.78000000,0.3031
1749266516,0.30140000,32645.18000000,0.3031
1749266516,0.30130000,181864.65000000,0.3031
1749266516,0.30120000,15104.58000000,0.3031
1749266516,0.30110000,41715.39000000,0.3031
1749266516,0.30100000,28922.39000000,0.3031
1749266516,0.30090000,8563.49000000,0.3031
1749266516,0.30080000,26407.72000000,0.3031
1749266516,0.30070000,118388.19000000,0.3031
1749266516,0.30060000,27128.94000000,0.3031
1749266516,0.30050000,53666.33000000,0.3031
1749266516,0.30040000,361546.09000000,0.3031
1749266516,0.30030000,108997.55000000,0.3031
1749266516,0.30020000,18077.12000000,0.3031
1749266516,0.30010000,13665.25000000,0.3031
1749266516,0.30000000,134774.26000000,0.3031
1749266516,0.29990000,7384.39000000,0.3031
1749266516,0.29980000,9018.17000000,0.3031
1749266516,0.29970000,13648.44000000,0.3031
1749266516,0.29960000,9100.36000000,0.3031
1749266516,0.29950000,9561.54000000,0.3031
1749266516,0.29940000,9043.57000000,0.3031
1749266516,0.29930000,7118.11000000,0.3031
1749266516,0.29920000,5357.26000000,0.3031
1749266516,0.29910000,28153.34000000,0.3031
1749266516,0.29900000,4574.83000000,0.3031
1749266516,0.29890000,2683.76000000,0.3031
1749266516,0.29880000,116409.86000000,0.3031
1749266516,0.29870000,22150.87000000,0.3031
1749266516,0.29860000,1464.25000000,0.3031
1749266516,0.29850000,52677.98000000,0.3031
1749266516,0.29840000,120.97000000,0.3031
1749266516,0.29830000,87.08000000,0.3031
1749266516,0.29820000,10142.23000000,0.3031
1749266516,0.29810000,32.69000000,0.3031
1749266516,0.29800000,2467.51000000,0.3031
1749266516,0.29790000,82.40000000,0.3031
1749266516,0.29780000,119.06000000,0.3031
1749266516,0.29770000,137.77000000,0.3031
1749266516,0.29760000,66.35000000,0.3031
1749266516,0.29750000,37190.81000000,0.3031
1749266516,0.29740000,59.44000000,0.3031
1749266516,0.29730000,97.80000000,0.3031
1749266516,0.29720000,5079.73000000,0.3031
1749266516,0.29710000,70.11000000,0.3031
1749266516,0.29700000,8663.59000000,0.3031
1749266516,0.29690000,52688.88000000,0.3031
1749266516,0.29680000,51.09000000,0.3031
1749266516,0.29670000,117.16000000,0.3031
1749266516,0.29660000,761.89000000,0.3031
1749266516,0.29650000,58.78000000,0.3031
1749266516,0.29640000,32.88000000,0.3031
1749266516,0.29630000,418.98000000,0.3031
1749266516,0.29620000,75.94000000,0.3031
1749266516,0.29610000,97.93000000,0.3031
1749266516,0.29600000,4023.99000000,0.3031
1749266516,0.29590000,141.12000000,0.3031
1749266516,0.29580000,10527.52000000,0.3031
1749266516,0.29570000,18620.22000000,0.3031
1749266516,0.29560000,113.95000000,0.3031
1749266516,0.29550000,3970.78000000,0.3031
1749266516,0.29540000,1160.67000000,0.3031
1749266516,0.29530000,47.50000000,0.3031
1749266516,0.29520000,4234.89000000,0.3031
1749266516,0.29510000,198.39000000,0.3031
1749266516,0.29500000,14106.56000000,0.3031
1749266516,0.29490000,19.75000000,0.3031
1749266516,0.29480000,54.84000000,0.3031
1749266516,0.29470000,34.95000000,0.3031
1749266516,0.29460000,18082.19000000,0.3031
1749266516,0.29450000,19.45000000,0.3031
1749266516,0.29440000,33.73000000,0.3031
1749266516,0.29430000,71.26000000,0.3031
1749266516,0.29420000,199.11000000,0.3031
1749266516,0.29410000,275.59000000,0.3031
1749266516,0.29400000,3353.30000000,0.3031
1749266516,0.29390000,1890.45000000,0.3031
1749266516,0.29380000,39.06000000,0.3031
1749266516,0.29370000,73.56000000,0.3031
1749266516,0.29360000,30.35000000,0.3031
1749266516,0.29350000,17.37000000,0.3031
1749266516,0.29340000,55.56000000,0.3031
1749266516,0.29330000,89.69000000,0.3031
1749266516,0.29320000,96.37000000,0.3031
1749266516,0.29310000,204.15000000,0.3031
1749266817,0.30450000,13403.01000000,0.3046
1749266817,0.30440000,91071.99000000,0.3046
1749266817,0.30430000,152153.83000000,0.3046
1749266817,0.30420000,164075.27000000,0.3046
1749266817,0.30410000,141790.75000000,0.3046
1749266817,0.30400000,126510.03000000,0.3046
1749266817,0.30390000,81174.21000000,0.3046
1749266817,0.30380000,94180.14000000,0.3046
1749266817,0.30370000,150580.64000000,0.3046
1749266817,0.30360000,30464.08000000,0.3046
1749266817,0.30350000,38842.41000000,0.3046
1749266817,0.30340000,29692.56000000,0.3046
1749266817,0.30330000,28243.24000000,0.3046
1749266817,0.30320000,79055.49000000,0.3046
1749266817,0.30310000,84961.83000000,0.3046
1749266817,0.30300000,103052.71000000,0.3046
1749266817,0.30290000,140615.43000000,0.3046
1749266817,0.30280000,33845.54000000,0.3046
1749266817,0.30270000,24957.12000000,0.3046
1749266817,0.30260000,31087.15000000,0.3046
1749266817,0.30250000,161025.76000000,0.3046
1749266817,0.30240000,34497.83000000,0.3046
1749266817,0.30230000,50242.46000000,0.3046
1749266817,0.30220000,15698.03000000,0.3046
1749266817,0.30210000,18879.75000000,0.3046
1749266817,0.30200000,31849.27000000,0.3046
1749266817,0.30190000,361224.31000000,0.3046
1749266817,0.30180000,17520.52000000,0.3046
1749266817,0.30170000,37089.45000000,0.3046
1749266817,0.30160000,67195.57000000,0.3046
1749266817,0.30150000,16099.94000000,0.3046
1749266817,0.30140000,9078.16000000,0.3046
1749266817,0.30130000,13741.20000000,0.3046
1749266817,0.30120000,9153.18000000,0.3046
1749266817,0.30110000,16527.43000000,0.3046
1749266817,0.30100000,18019.29000000,0.3046
1749266817,0.30090000,7103.03000000,0.3046
1749266817,0.30080000,23018.65000000,0.3046
1749266817,0.30070000,124325.42000000,0.3046
1749266817,0.30060000,13189.63000000,0.3046
1749266817,0.30050000,37258.42000000,0.3046
1749266817,0.30040000,11419.05000000,0.3046
1749266817,0.30030000,53423.32000000,0.3046
1749266817,0.30020000,4830.85000000,0.3046
1749266817,0.30010000,8046.37000000,0.3046
1749266817,0.30000000,128072.96000000,0.3046
1749266817,0.29990000,51.90000000,0.3046
1749266817,0.29980000,5842.19000000,0.3046
1749266817,0.29970000,1677.44000000,0.3046
1749266817,0.29960000,2879.14000000,0.3046
1749266817,0.29950000,3423.36000000,0.3046
1749266817,0.29940000,8780.27000000,0.3046
1749266817,0.29930000,110.07000000,0.3046
1749266817,0.29920000,52922.53000000,0.3046
1749266817,0.29910000,51001.58000000,0.3046
1749266817,0.29900000,307.57000000,0.3046
1749266817,0.29890000,283.76000000,0.3046
1749266817,0.29880000,71201.21000000,0.3046
1749266817,0.29870000,18836.51000000,0.3046
1749266817,0.29860000,1464.25000000,0.3046
1749266817,0.29850000,210.81000000,0.3046
1749266817,0.29840000,120.97000000,0.3046
1749266817,0.29830000,87.08000000,0.3046
1749266817,0.29820000,1439.47000000,0.3046
1749266817,0.29810000,115.72000000,0.3046
1749266817,0.29800000,2467.51000000,0.3046
1749266817,0.29790000,82.40000000,0.3046
1749266817,0.29780000,119.06000000,0.3046
1749266817,0.29770000,137.77000000,0.3046
1749266817,0.29760000,52193.21000000,0.3046
1749266817,0.29750000,31200.90000000,0.3046
1749266817,0.29740000,59.44000000,0.3046
1749266817,0.29730000,1189.87000000,0.3046
1749266817,0.29720000,3426.49000000,0.3046
1749266817,0.29710000,70.11000000,0.3046
1749266817,0.29700000,1102.56000000,0.3046
1749266817,0.29690000,406.30000000,0.3046
1749266817,0.29680000,18.26000000,0.3046
1749266817,0.29670000,84.32000000,0.3046
1749266817,0.29660000,729.03000000,0.3046
1749266817,0.29650000,25.92000000,0.3046
1749266817,0.29630000,386.09000000,0.3046
1749266817,0.29620000,43.04000000,0.3046
1749266817,0.29610000,65.02000000,0.3046
1749266817,0.29600000,3991.07000000,0.3046
1749266817,0.29590000,108.19000000,0.3046
1749266817,0.29580000,10494.58000000,0.3046
1749266817,0.29570000,18587.27000000,0.3046
1749266817,0.29560000,80.98000000,0.3046
1749266817,0.29550000,3937.81000000,0.3046
1749266817,0.29540000,1160.67000000,0.3046
1749266817,0.29530000,47.50000000,0.3046
1749266817,0.29520000,4234.89000000,0.3046
1749266817,0.29510000,198.39000000,0.3046
1749266817,0.29500000,14106.56000000,0.3046
1749266817,0.29490000,19.75000000,0.3046
1749266817,0.29480000,54.84000000,0.3046
1749266817,0.29470000,34.95000000,0.3046
1749266817,0.29460000,18082.19000000,0.3046
1749266817,0.29450000,19.45000000,0.3046
1749267119,0.30390000,14232.62000000,0.304
1749267119,0.30380000,98452.96000000,0.304
1749267119,0.30370000,175806.19000000,0.304
1749267119,0.30360000,224539.37000000,0.304
1749267119,0.30350000,179193.27000000,0.304
1749267119,0.30340000,166705.11000000,0.304
1749267119,0.30330000,106630.75000000,0.304
1749267119,0.30320000,100037.98000000,0.304
1749267119,0.30310000,106951.23000000,0.304
1749267119,0.30300000,32713.40000000,0.304
1749267119,0.30290000,199177.78000000,0.304
1749267119,0.30280000,22003.61000000,0.304
1749267119,0.30270000,16359.54000000,0.304
1749267119,0.30260000,24180.38000000,0.304
1749267119,0.30250000,204094.26000000,0.304
1749267119,0.30240000,27695.90000000,0.304
1749267119,0.30230000,26587.20000000,0.304
1749267119,0.30220000,56910.65000000,0.304
1749267119,0.30210000,24474.58000000,0.304
1749267119,0.30200000,25342.50000000,0.304
1749267119,0.30190000,18622.19000000,0.304
1749267119,0.30180000,9178.18000000,0.304
1749267119,0.30170000,153118.23000000,0.304
1749267119,0.30160000,15760.05000000,0.304
1749267119,0.30150000,19206.35000000,0.304
1749267119,0.30140000,353867.36000000,0.304
1749267119,0.30130000,13741.20000000,0.304
1749267119,0.30120000,9153.18000000,0.304
1749267119,0.30110000,17190.49000000,0.304
1749267119,0.30100000,21670.70000000,0.304
1749267119,0.30090000,58658.21000000,0.304
1749267119,0.30080000,23018.65000000,0.304
1749267119,0.30070000,17062.86000000,0.304
1749267119,0.30060000,25388.51000000,0.304
1749267119,0.30050000,99574.91000000,0.304
1749267119,0.30040000,12921.69000000,0.304
1749267119,0.30030000,54927.36000000,0.304
1749267119,0.30020000,6336.28000000,0.304
1749267119,0.30010000,12298.20000000,0.304
1749267119,0.30000000,135350.33000000,0.304
1749267119,0.29990000,4306.53000000,0.304
1749267119,0.29980000,2512.47000000,0.304
1749267119,0.29970000,1677.44000000,0.304
1749267119,0.29960000,2078.13000000,0.304
1749267119,0.29950000,3423.36000000,0.304
1749267119,0.29940000,8780.27000000,0.304
1749267119,0.29930000,110.07000000,0.304
1749267119,0.29920000,1074.42000000,0.304
1749267119,0.29910000,51001.58000000,0.304
1749267119,0.29900000,307.57000000,0.304
1749267119,0.29890000,574.48000000,0.304
1749267119,0.29880000,58057.23000000,0.304
1749267119,0.29870000,18836.51000000,0.304
1749267119,0.29860000,2267.90000000,0.304
1749267119,0.29850000,210.81000000,0.304
1749267119,0.29840000,141.08000000,0.304
1749267119,0.29830000,87.08000000,0.304
1749267119,0.29820000,1439.47000000,0.304
1749267119,0.29810000,115.72000000,0.304
1749267119,0.29800000,2467.51000000,0.304
1749267119,0.29790000,82.40000000,0.304
1749267119,0.29780000,119.06000000,0.304
1749267119,0.29770000,137.77000000,0.304
1749267119,0.29760000,52193.21000000,0.304
1749267119,0.29750000,86282.79000000,0.304
1749267119,0.29740000,59.44000000,0.304
1749267119,0.29730000,1189.87000000,0.304
1749267119,0.29720000,3138.87000000,0.304
1749267119,0.29710000,70.11000000,0.304
1749267119,0.29700000,1102.56000000,0.304
1749267119,0.29690000,439.14000000,0.304
1749267119,0.29680000,51.09000000,0.304
1749267119,0.29670000,117.16000000,0.304
1749267119,0.29660000,761.88000000,0.304
1749267119,0.29650000,58.78000000,0.304
1749267119,0.29640000,32.89000000,0.304
1749267119,0.29630000,386.09000000,0.304
1749267119,0.29620000,43.04000000,0.304
1749267119,0.29610000,65.02000000,0.304
1749267119,0.29600000,3991.07000000,0.304
1749267119,0.29590000,108.19000000,0.304
1749267119,0.29580000,10494.58000000,0.304
1749267119,0.29570000,18587.27000000,0.304
1749267119,0.29560000,80.98000000,0.304
1749267119,0.29550000,3937.81000000,0.304
1749267119,0.29540000,1160.67000000,0.304
1749267119,0.29530000,47.50000000,0.304
1749267119,0.29520000,4234.89000000,0.304
1749267119,0.29510000,198.39000000,0.304
1749267119,0.29500000,14106.56000000,0.304
1749267119,0.29490000,19.75000000,0.304
1749267119,0.29480000,54.84000000,0.304
1749267119,0.29470000,34.95000000,0.304
1749267119,0.29460000,18082.19000000,0.304
1749267119,0.29450000,19.45000000,0.304
1749267119,0.29440000,33.73000000,0.304
1749267119,0.29430000,71.26000000,0.304
1749267119,0.29420000,199.11000000,0.304
1749267119,0.29410000,1316.61000000,0.304
1749267119,0.29400000,3353.30000000,0.304
1749267421,0.30450000,32639.75000000,0.3046
1749267421,0.30440000,75905.41000000,0.3046
1749267421,0.30430000,105404.31000000,0.3046
1749267421,0.30420000,126791.80000000,0.3046
1749267421,0.30410000,134598.24000000,0.3046
1749267421,0.30400000,114230.46000000,0.3046
1749267421,0.30390000,110894.97000000,0.3046
1749267421,0.30380000,92990.47000000,0.3046
1749267421,0.30370000,155853.00000000,0.3046
1749267421,0.30360000,73829.26000000,0.3046
1749267421,0.30350000,39780.49000000,0.3046
1749267421,0.30340000,79794.49000000,0.3046
1749267421,0.30330000,39633.67000000,0.3046
1749267421,0.30320000,101455.04000000,0.3046
1749267421,0.30310000,36566.16000000,0.3046
1749267421,0.30300000,25602.50000000,0.3046
1749267421,0.30290000,132443.54000000,0.3046
1749267421,0.30280000,33432.91000000,0.3046
1749267421,0.30270000,23266.31000000,0.3046
1749267421,0.30260000,47164.65000000,0.3046
1749267421,0.30250000,156866.26000000,0.3046
1749267421,0.30240000,34506.91000000,0.3046
1749267421,0.30230000,28693.24000000,0.3046
1749267421,0.30220000,27538.20000000,0.3046
1749267421,0.30210000,18882.02000000,0.3046
1749267421,0.30200000,36346.36000000,0.3046
1749267421,0.30190000,189115.23000000,0.3046
1749267421,0.30180000,188071.04000000,0.3046
1749267421,0.30170000,141703.03000000,0.3046
1749267421,0.30160000,15760.05000000,0.3046
1749267421,0.30150000,16699.94000000,0.3046
1749267421,0.30140000,9078.16000000,0.3046
1749267421,0.30130000,13741.20000000,0.3046
1749267421,0.30120000,6408.18000000,0.3046
1749267421,0.30110000,13782.43000000,0.3046
1749267421,0.30100000,15274.29000000,0.3046
1749267421,0.30090000,55913.21000000,0.3046
1749267421,0.30080000,35871.31000000,0.3046
1749267421,0.30070000,17062.86000000,0.3046
1749267421,0.30060000,10444.63000000,0.3046
1749267421,0.30050000,119801.00000000,0.3046
1749267421,0.30040000,8674.05000000,0.3046
1749267421,0.30030000,50678.32000000,0.3046
1749267421,0.30020000,2085.85000000,0.3046
1749267421,0.30010000,8046.37000000,0.3046
1749267421,0.30000000,130466.40000000,0.3046
1749267421,0.29990000,51.90000000,0.3046
1749267421,0.29980000,5842.19000000,0.3046
1749267421,0.29970000,1677.44000000,0.3046
1749267421,0.29960000,52871.13000000,0.3046
1749267421,0.29950000,117.86000000,0.3046
1749267421,0.29940000,60593.74000000,0.3046
1749267421,0.29930000,110.07000000,0.3046
1749267421,0.29920000,1074.42000000,0.3046
1749267421,0.29910000,124.58000000,0.3046
1749267421,0.29900000,307.57000000,0.3046
1749267421,0.29890000,574.48000000,0.3046
1749267421,0.29880000,6139.72000000,0.3046
1749267421,0.29870000,18836.51000000,0.3046
1749267421,0.29860000,1464.25000000,0.3046
1749267421,0.29850000,210.81000000,0.3046
1749267421,0.29840000,141.08000000,0.3046
1749267421,0.29830000,87.08000000,0.3046
1749267421,0.29820000,53461.45000000,0.3046
1749267421,0.29810000,115.72000000,0.3046
1749267421,0.29800000,2467.51000000,0.3046
1749267421,0.29790000,82.40000000,0.3046
1749267421,0.29780000,119.06000000,0.3046
1749267421,0.29770000,137.77000000,0.3046
