timestamp,price,volume,current_price
1749254541,20.10000000,17.63000000,20.1
1749254541,20.09000000,349.24000000,20.1
1749254541,20.08000000,391.27000000,20.1
1749254541,20.07000000,436.67000000,20.1
1749254541,20.06000000,627.95000000,20.1
1749254541,20.05000000,625.85000000,20.1
1749254541,20.04000000,250.85000000,20.1
1749254541,20.03000000,83.40000000,20.1
1749254541,20.02000000,507.96000000,20.1
1749254541,20.01000000,205.32000000,20.1
1749254541,20.00000000,228.39000000,20.1
1749254541,19.99000000,28.70000000,20.1
1749254541,19.98000000,300.43000000,20.1
1749254541,19.97000000,364.30000000,20.1
1749254541,19.96000000,184.33000000,20.1
1749254541,19.95000000,1261.73000000,20.1
1749254541,19.94000000,215.57000000,20.1
1749254541,19.93000000,20.68000000,20.1
1749254541,19.92000000,419.84000000,20.1
1749254541,19.91000000,21.08000000,20.1
1749254541,19.90000000,124.16000000,20.1
1749254541,19.89000000,198.20000000,20.1
1749254541,19.88000000,30.72000000,20.1
1749254541,19.87000000,136.39000000,20.1
1749254541,19.86000000,194.50000000,20.1
1749254541,19.85000000,56.45000000,20.1
1749254541,19.84000000,150.32000000,20.1
1749254541,19.83000000,96.08000000,20.1
1749254541,19.82000000,329.85000000,20.1
1749254541,19.81000000,121.23000000,20.1
1749254541,19.80000000,116.57000000,20.1
1749254541,19.79000000,0.50000000,20.1
1749254541,19.78000000,100.83000000,20.1
1749254541,19.77000000,108.65000000,20.1
1749254541,19.76000000,0.80000000,20.1
1749254541,19.75000000,177.51000000,20.1
1749254541,19.74000000,348.05000000,20.1
1749254541,19.73000000,1.80000000,20.1
1749254541,19.72000000,0.80000000,20.1
1749254541,19.71000000,0.50000000,20.1
1749254541,19.70000000,192.35000000,20.1
1749254541,19.69000000,1.60000000,20.1
1749254541,19.68000000,1.79000000,20.1
1749254541,19.67000000,0.50000000,20.1
1749254541,19.66000000,1.31000000,20.1
1749254541,19.65000000,0.50000000,20.1
1749254541,19.64000000,4.64000000,20.1
1749254541,19.63000000,100.20000000,20.1
1749254541,19.62000000,4.20000000,20.1
1749254541,19.61000000,11.56000000,20.1
1749254541,19.60000000,1.33000000,20.1
1749254541,19.59000000,0.50000000,20.1
1749254541,19.58000000,2.41000000,20.1
1749254541,19.57000000,15.88000000,20.1
1749254541,19.56000000,0.50000000,20.1
1749254541,19.55000000,2.02000000,20.1
1749254541,19.54000000,1.41000000,20.1
1749254541,19.53000000,0.50000000,20.1
1749254541,19.52000000,212.50000000,20.1
1749254541,19.51000000,7.93000000,20.1
1749254541,19.50000000,127.40000000,20.1
1749254541,19.49000000,5.90000000,20.1
1749254541,19.48000000,9.62000000,20.1
1749254541,19.47000000,13.84000000,20.1
1749254541,19.46000000,12.35000000,20.1
1749254541,19.45000000,61.39000000,20.1
1749254541,19.44000000,5.88000000,20.1
1749254541,19.43000000,5.65000000,20.1
1749254541,19.42000000,0.50000000,20.1
1749254541,19.41000000,2.90000000,20.1
1749254541,19.40000000,0.50000000,20.1
1749254541,19.39000000,0.93000000,20.1
1749254541,19.38000000,1.27000000,20.1
1749254541,19.37000000,0.86000000,20.1
1749254541,19.36000000,0.50000000,20.1
1749254541,19.35000000,0.79000000,20.1
1749254541,19.34000000,0.52000000,20.1
1749254541,19.33000000,10.71000000,20.1
1749254541,19.32000000,7.97000000,20.1
1749254541,19.31000000,0.69000000,20.1
1749254541,19.30000000,41.72000000,20.1
1749254541,19.29000000,11.91000000,20.1
1749254541,19.27000000,2.40000000,20.1
1749254541,19.25000000,0.44000000,20.1
1749254541,19.24000000,359.88000000,20.1
1749254541,19.23000000,12.76000000,20.1
1749254541,19.22000000,3.28000000,20.1
1749254541,19.21000000,0.27000000,20.1
1749254541,19.20000000,3.40000000,20.1
1749254541,19.19000000,4.87000000,20.1
1749254541,19.18000000,34.59000000,20.1
1749254541,19.16000000,5.24000000,20.1
1749254541,19.14000000,14.97000000,20.1
1749254541,19.13000000,0.91000000,20.1
1749254541,19.12000000,2.42000000,20.1
1749254541,19.11000000,0.43000000,20.1
1749254541,19.10000000,202.15000000,20.1
1749254541,19.09000000,2.86000000,20.1
1749254541,19.06000000,19.73000000,20.1
1749254541,19.05000000,11.78000000,20.1
1749254848,20.09000000,243.90000000,20.1
1749254848,20.08000000,764.54000000,20.1
1749254848,20.07000000,615.86000000,20.1
1749254848,20.06000000,859.97000000,20.1
1749254848,20.05000000,538.15000000,20.1
1749254848,20.04000000,304.22000000,20.1
1749254848,20.03000000,196.81000000,20.1
1749254848,20.02000000,431.53000000,20.1
1749254848,20.01000000,205.32000000,20.1
1749254848,20.00000000,320.11000000,20.1
1749254848,19.99000000,28.70000000,20.1
1749254848,19.98000000,299.19000000,20.1
1749254848,19.97000000,364.30000000,20.1
1749254848,19.96000000,32.72000000,20.1
1749254848,19.95000000,1200.71000000,20.1
1749254848,19.94000000,364.85000000,20.1
1749254848,19.93000000,20.68000000,20.1
1749254848,19.92000000,412.15000000,20.1
1749254848,19.91000000,21.08000000,20.1
1749254848,19.90000000,123.29000000,20.1
1749254848,19.89000000,259.22000000,20.1
1749254848,19.88000000,29.48000000,20.1
1749254848,19.87000000,142.86000000,20.1
1749254848,19.86000000,194.50000000,20.1
1749254848,19.85000000,56.45000000,20.1
1749254848,19.84000000,150.32000000,20.1
1749254848,19.83000000,96.08000000,20.1
1749254848,19.82000000,329.85000000,20.1
1749254848,19.81000000,121.23000000,20.1
1749254848,19.80000000,116.57000000,20.1
1749254848,19.79000000,0.50000000,20.1
1749254848,19.78000000,100.83000000,20.1
1749254848,19.77000000,108.65000000,20.1
1749254848,19.76000000,0.80000000,20.1
1749254848,19.75000000,177.51000000,20.1
1749254848,19.74000000,348.05000000,20.1
1749254848,19.73000000,1.80000000,20.1
1749254848,19.72000000,0.80000000,20.1
1749254848,19.71000000,0.50000000,20.1
1749254848,19.70000000,192.35000000,20.1
1749254848,19.69000000,1.60000000,20.1
1749254848,19.68000000,1.79000000,20.1
1749254848,19.67000000,0.50000000,20.1
1749254848,19.66000000,1.31000000,20.1
1749254848,19.65000000,0.50000000,20.1
1749254848,19.64000000,4.64000000,20.1
1749254848,19.63000000,100.20000000,20.1
1749254848,19.62000000,4.20000000,20.1
1749254848,19.61000000,11.56000000,20.1
1749254848,19.60000000,1.33000000,20.1
1749254848,19.59000000,0.50000000,20.1
1749254848,19.58000000,2.41000000,20.1
1749254848,19.57000000,0.50000000,20.1
1749254848,19.56000000,15.88000000,20.1
1749254848,19.55000000,2.02000000,20.1
1749254848,19.54000000,1.41000000,20.1
1749254848,19.53000000,0.50000000,20.1
1749254848,19.52000000,212.50000000,20.1
1749254848,19.51000000,7.93000000,20.1
1749254848,19.50000000,127.40000000,20.1
1749254848,19.49000000,5.90000000,20.1
1749254848,19.48000000,9.62000000,20.1
1749254848,19.47000000,13.84000000,20.1
1749254848,19.46000000,12.35000000,20.1
1749254848,19.45000000,61.39000000,20.1
1749254848,19.44000000,5.88000000,20.1
1749254848,19.43000000,5.65000000,20.1
1749254848,19.42000000,0.50000000,20.1
1749254848,19.41000000,2.90000000,20.1
1749254848,19.40000000,0.50000000,20.1
1749254848,19.39000000,0.93000000,20.1
1749254848,19.38000000,1.27000000,20.1
1749254848,19.37000000,0.86000000,20.1
1749254848,19.36000000,0.50000000,20.1
1749254848,19.35000000,0.79000000,20.1
1749254848,19.34000000,1.02000000,20.1
1749254848,19.33000000,10.71000000,20.1
1749254848,19.32000000,7.97000000,20.1
1749254848,19.31000000,0.69000000,20.1
1749254848,19.30000000,41.72000000,20.1
1749254848,19.29000000,11.91000000,20.1
1749254848,19.27000000,2.40000000,20.1
1749254848,19.25000000,0.44000000,20.1
1749254848,19.24000000,359.88000000,20.1
1749254848,19.23000000,12.76000000,20.1
1749254848,19.22000000,3.28000000,20.1
1749254848,19.21000000,0.27000000,20.1
1749254848,19.20000000,3.40000000,20.1
1749254848,19.19000000,4.87000000,20.1
1749254848,19.18000000,34.59000000,20.1
1749254848,19.16000000,5.24000000,20.1
1749254848,19.14000000,14.97000000,20.1
1749254848,19.13000000,0.91000000,20.1
1749254848,19.12000000,2.42000000,20.1
1749254848,19.11000000,0.43000000,20.1
1749254848,19.10000000,202.15000000,20.1
1749254848,19.09000000,3.40000000,20.1
1749254848,19.06000000,19.73000000,20.1
1749254848,19.05000000,11.78000000,20.1
1749254848,19.03000000,0.91000000,20.1
