timestamp,price,volume,current_price
1749260721,20.34000000,76.03000000,20.33
1749260721,20.33000000,193.55000000,20.33
1749260721,20.32000000,737.63000000,20.33
1749260721,20.31000000,1079.57000000,20.33
1749260721,20.30000000,1022.89000000,20.33
1749260721,20.29000000,200.70000000,20.33
1749260721,20.28000000,617.36000000,20.33
1749260721,20.27000000,418.24000000,20.33
1749260721,20.26000000,409.77000000,20.33
1749260721,20.25000000,294.91000000,20.33
1749260721,20.24000000,352.73000000,20.33
1749260721,20.23000000,64.82000000,20.33
1749260721,20.22000000,228.49000000,20.33
1749260721,20.21000000,304.37000000,20.33
1749260721,20.20000000,482.32000000,20.33
1749260721,20.19000000,228.27000000,20.33
1749260721,20.18000000,205.46000000,20.33
1749260721,20.17000000,70.07000000,20.33
1749260721,20.16000000,204.28000000,20.33
1749260721,20.15000000,104.41000000,20.33
1749260721,20.14000000,202.70000000,20.33
1749260721,20.13000000,27.09000000,20.33
1749260721,20.12000000,383.05000000,20.33
1749260721,20.11000000,204.87000000,20.33
1749260721,20.10000000,196.29000000,20.33
1749260721,20.09000000,20.68000000,20.33
1749260721,20.08000000,202.99000000,20.33
1749260721,20.07000000,124.27000000,20.33
1749260721,20.06000000,198.50000000,20.33
1749260721,20.05000000,346.91000000,20.33
1749260721,20.04000000,198.51000000,20.33
1749260721,20.03000000,20.92000000,20.33
1749260721,20.02000000,48.75000000,20.33
1749260721,20.01000000,20.70000000,20.33
1749260721,20.00000000,41.06000000,20.33
1749260721,19.99000000,81.61000000,20.33
1749260721,19.98000000,20.30000000,20.33
1749260721,19.97000000,123.57000000,20.33
1749260721,19.96000000,470.91000000,20.33
1749260721,19.95000000,1024.72000000,20.33
1749260721,19.94000000,0.50000000,20.33
1749260721,19.93000000,0.50000000,20.33
1749260721,19.92000000,2.10000000,20.33
1749260721,19.91000000,0.90000000,20.33
1749260721,19.90000000,9.50000000,20.33
1749260721,19.89000000,33.54000000,20.33
1749260721,19.88000000,189.89000000,20.33
1749260721,19.87000000,0.50000000,20.33
1749260721,19.86000000,5.52000000,20.33
1749260721,19.85000000,1.41000000,20.33
1749260721,19.84000000,4.10000000,20.33
1749260721,19.83000000,1.00000000,20.33
1749260721,19.82000000,56.30000000,20.33
1749260721,19.81000000,1.10000000,20.33
1749260721,19.80000000,36.57000000,20.33
1749260721,19.79000000,0.50000000,20.33
1749260721,19.78000000,0.80000000,20.33
1749260721,19.77000000,1.80000000,20.33
1749260721,19.76000000,5.55000000,20.33
1749260721,19.75000000,9.61000000,20.33
1749260721,19.74000000,17.21000000,20.33
1749260721,19.73000000,1.80000000,20.33
1749260721,19.72000000,0.50000000,20.33
1749260721,19.71000000,0.50000000,20.33
1749260721,19.70000000,12.49000000,20.33
1749260721,19.69000000,5.18000000,20.33
1749260721,19.68000000,1.79000000,20.33
1749260721,19.67000000,0.50000000,20.33
1749260721,19.66000000,6.38000000,20.33
1749260721,19.65000000,0.50000000,20.33
1749260721,19.64000000,4.64000000,20.33
1749260721,19.63000000,0.50000000,20.33
1749260721,19.62000000,10.34000000,20.33
1749260721,19.61000000,11.56000000,20.33
1749260721,19.60000000,1.33000000,20.33
1749260721,19.59000000,0.50000000,20.33
1749260721,19.58000000,1.91000000,20.33
1749260721,19.55000000,1.52000000,20.33
1749260721,19.54000000,0.91000000,20.33
1749260721,19.51000000,7.43000000,20.33
1749260721,19.50000000,464.72000000,20.33
1749260721,19.49000000,5.40000000,20.33
1749260721,19.48000000,1.30000000,20.33
1749260721,19.47000000,4.30000000,20.33
1749260721,19.46000000,11.85000000,20.33
1749260721,19.45000000,9.08000000,20.33
1749260721,19.44000000,3.37000000,20.33
1749260721,19.43000000,1.54000000,20.33
1749260721,19.41000000,2.40000000,20.33
1749260721,19.39000000,0.43000000,20.33
1749260721,19.38000000,0.77000000,20.33
1749260721,19.37000000,0.36000000,20.33
1749260721,19.35000000,0.29000000,20.33
1749260721,19.34000000,0.52000000,20.33
1749260721,19.33000000,10.71000000,20.33
1749260721,19.32000000,7.97000000,20.33
1749260721,19.31000000,0.69000000,20.33
1749260721,19.30000000,41.72000000,20.33
1749260721,19.29000000,11.91000000,20.33
1749260721,19.27000000,2.40000000,20.33
1749261041,20.33000000,54.39000000,20.33
1749261041,20.32000000,535.45000000,20.33
1749261041,20.31000000,912.77000000,20.33
1749261041,20.30000000,1388.51000000,20.33
1749261041,20.29000000,386.15000000,20.33
1749261041,20.28000000,494.89000000,20.33
1749261041,20.27000000,775.60000000,20.33
1749261041,20.26000000,436.88000000,20.33
1749261041,20.25000000,253.06000000,20.33
1749261041,20.24000000,448.02000000,20.33
1749261041,20.23000000,304.16000000,20.33
1749261041,20.22000000,204.68000000,20.33
1749261041,20.21000000,94.52000000,20.33
1749261041,20.20000000,490.79000000,20.33
1749261041,20.19000000,29.35000000,20.33
1749261041,20.18000000,205.38000000,20.33
1749261041,20.17000000,59.95000000,20.33
1749261041,20.16000000,270.54000000,20.33
1749261041,20.15000000,151.93000000,20.33
1749261041,20.14000000,196.29000000,20.33
1749261041,20.13000000,54.41000000,20.33
1749261041,20.12000000,477.73000000,20.33
1749261041,20.11000000,25.64000000,20.33
1749261041,20.10000000,196.29000000,20.33
1749261041,20.09000000,82.90000000,20.33
1749261041,20.08000000,202.99000000,20.33
1749261041,20.07000000,56.48000000,20.33
1749261041,20.06000000,198.50000000,20.33
1749261041,20.05000000,68.53000000,20.33
1749261041,20.04000000,198.51000000,20.33
1749261041,20.03000000,427.39000000,20.33
1749261041,20.02000000,48.75000000,20.33
1749261041,20.01000000,0.90000000,20.33
1749261041,20.00000000,41.06000000,20.33
1749261041,19.99000000,1.68000000,20.33
1749261041,19.98000000,20.30000000,20.33
1749261041,19.97000000,300.17000000,20.33
1749261041,19.96000000,373.01000000,20.33
1749261041,19.95000000,1024.72000000,20.33
1749261041,19.94000000,5.46000000,20.33
1749261041,19.93000000,31.34000000,20.33
1749261041,19.92000000,2.10000000,20.33
1749261041,19.91000000,0.90000000,20.33
1749261041,19.90000000,9.50000000,20.33
1749261041,19.89000000,2.41000000,20.33
1749261041,19.88000000,9.00000000,20.33
1749261041,19.87000000,0.50000000,20.33
1749261041,19.86000000,0.50000000,20.33
1749261041,19.85000000,6.39000000,20.33
1749261041,19.84000000,4.10000000,20.33
1749261041,19.83000000,1.00000000,20.33
1749261041,19.82000000,56.30000000,20.33
1749261041,19.81000000,1.10000000,20.33
1749261041,19.80000000,21.19000000,20.33
1749261041,19.79000000,0.50000000,20.33
1749261041,19.78000000,16.18000000,20.33
1749261041,19.77000000,6.80000000,20.33
1749261041,19.76000000,0.50000000,20.33
1749261041,19.75000000,9.61000000,20.33
1749261041,19.74000000,17.21000000,20.33
1749261041,19.73000000,1.80000000,20.33
1749261041,19.72000000,0.50000000,20.33
1749261041,19.71000000,0.50000000,20.33
1749261041,19.70000000,12.49000000,20.33
1749261041,19.69000000,5.18000000,20.33
1749261041,19.68000000,1.79000000,20.33
1749261041,19.67000000,0.50000000,20.33
1749261041,19.66000000,1.31000000,20.33
1749261041,19.65000000,0.50000000,20.33
1749261041,19.64000000,4.64000000,20.33
1749261041,19.63000000,0.50000000,20.33
1749261041,19.62000000,10.34000000,20.33
1749261041,19.61000000,11.56000000,20.33
1749261041,19.60000000,1.33000000,20.33
1749261041,19.59000000,0.50000000,20.33
1749261041,19.58000000,2.41000000,20.33
1749261041,19.55000000,1.52000000,20.33
1749261041,19.54000000,0.91000000,20.33
1749261041,19.51000000,7.43000000,20.33
1749261041,19.50000000,464.72000000,20.33
1749261041,19.49000000,5.40000000,20.33
1749261041,19.48000000,1.30000000,20.33
1749261041,19.47000000,4.30000000,20.33
1749261041,19.46000000,11.85000000,20.33
1749261041,19.45000000,9.08000000,20.33
1749261041,19.44000000,3.37000000,20.33
1749261041,19.43000000,1.54000000,20.33
1749261041,19.41000000,2.40000000,20.33
1749261041,19.39000000,0.43000000,20.33
1749261041,19.38000000,0.77000000,20.33
1749261041,19.37000000,0.36000000,20.33
1749261041,19.35000000,0.29000000,20.33
1749261041,19.34000000,0.52000000,20.33
1749261041,19.33000000,10.71000000,20.33
1749261041,19.32000000,7.97000000,20.33
1749261041,19.31000000,0.69000000,20.33
1749261041,19.30000000,41.72000000,20.33
1749261041,19.29000000,11.91000000,20.33
1749261041,19.27000000,2.40000000,20.33
1749261041,19.25000000,0.44000000,20.33
1749261347,20.30000000,256.02000000,20.3
1749261347,20.29000000,553.21000000,20.3
1749261347,20.28000000,1363.23000000,20.3
1749261347,20.27000000,944.71000000,20.3
1749261347,20.26000000,523.46000000,20.3
1749261347,20.25000000,859.06000000,20.3
1749261347,20.24000000,322.60000000,20.3
1749261347,20.23000000,292.18000000,20.3
1749261347,20.22000000,389.53000000,20.3
1749261347,20.21000000,221.01000000,20.3
1749261347,20.20000000,432.98000000,20.3
1749261347,20.19000000,29.35000000,20.3
1749261347,20.18000000,432.59000000,20.3
1749261347,20.17000000,66.35000000,20.3
1749261347,20.16000000,227.47000000,20.3
1749261347,20.15000000,151.93000000,20.3
1749261347,20.14000000,196.29000000,20.3
1749261347,20.13000000,98.17000000,20.3
1749261347,20.12000000,512.59000000,20.3
1749261347,20.11000000,45.38000000,20.3
1749261347,20.10000000,196.29000000,20.3
1749261347,20.09000000,82.90000000,20.3
1749261347,20.08000000,202.99000000,20.3
1749261347,20.07000000,56.48000000,20.3
1749261347,20.06000000,198.50000000,20.3
1749261347,20.05000000,68.53000000,20.3
1749261347,20.04000000,198.51000000,20.3
1749261347,20.03000000,81.83000000,20.3
1749261347,20.02000000,48.75000000,20.3
1749261347,20.01000000,249.10000000,20.3
1749261347,20.00000000,46.05000000,20.3
1749261347,19.99000000,1.68000000,20.3
1749261347,19.98000000,20.30000000,20.3
1749261347,19.97000000,216.43000000,20.3
1749261347,19.96000000,373.01000000,20.3
1749261347,19.95000000,1024.72000000,20.3
1749261347,19.94000000,25.26000000,20.3
1749261347,19.93000000,51.14000000,20.3
1749261347,19.92000000,2.10000000,20.3
1749261347,19.91000000,20.70000000,20.3
1749261347,19.90000000,9.50000000,20.3
1749261347,19.89000000,2.41000000,20.3
1749261347,19.88000000,188.71000000,20.3
1749261347,19.87000000,0.50000000,20.3
1749261347,19.86000000,0.50000000,20.3
1749261347,19.85000000,6.39000000,20.3
1749261347,19.84000000,4.10000000,20.3
1749261347,19.83000000,1.00000000,20.3
1749261347,19.82000000,56.30000000,20.3
1749261347,19.81000000,1.10000000,20.3
1749261347,19.80000000,21.19000000,20.3
1749261347,19.79000000,0.50000000,20.3
1749261347,19.78000000,0.80000000,20.3
1749261347,19.77000000,6.80000000,20.3
1749261347,19.76000000,0.50000000,20.3
1749261347,19.75000000,9.61000000,20.3
1749261347,19.74000000,17.21000000,20.3
1749261347,19.73000000,17.18000000,20.3
1749261347,19.72000000,0.50000000,20.3
1749261347,19.71000000,0.50000000,20.3
1749261347,19.70000000,12.49000000,20.3
1749261347,19.69000000,5.18000000,20.3
1749261347,19.68000000,1.79000000,20.3
1749261347,19.67000000,0.50000000,20.3
1749261347,19.66000000,1.31000000,20.3
1749261347,19.65000000,0.50000000,20.3
1749261347,19.64000000,4.64000000,20.3
1749261347,19.63000000,0.50000000,20.3
1749261347,19.62000000,10.34000000,20.3
1749261347,19.61000000,11.56000000,20.3
1749261347,19.60000000,1.33000000,20.3
1749261347,19.59000000,0.50000000,20.3
1749261347,19.58000000,2.41000000,20.3
1749261347,19.57000000,0.50000000,20.3
1749261347,19.56000000,0.50000000,20.3
1749261347,19.55000000,2.02000000,20.3
1749261347,19.54000000,0.91000000,20.3
1749261347,19.51000000,7.43000000,20.3
1749261347,19.50000000,464.72000000,20.3
1749261347,19.49000000,5.40000000,20.3
1749261347,19.48000000,1.30000000,20.3
1749261347,19.47000000,4.30000000,20.3
1749261347,19.46000000,11.85000000,20.3
1749261347,19.45000000,9.08000000,20.3
1749261347,19.44000000,3.37000000,20.3
1749261347,19.43000000,1.54000000,20.3
1749261347,19.41000000,2.40000000,20.3
1749261347,19.39000000,0.43000000,20.3
1749261347,19.38000000,0.77000000,20.3
1749261347,19.37000000,0.36000000,20.3
1749261347,19.35000000,0.29000000,20.3
1749261347,19.34000000,0.52000000,20.3
1749261347,19.33000000,10.71000000,20.3
1749261347,19.32000000,7.97000000,20.3
1749261347,19.31000000,0.69000000,20.3
1749261347,19.30000000,41.72000000,20.3
1749261347,19.29000000,11.91000000,20.3
1749261347,19.27000000,2.40000000,20.3
1749261347,19.25000000,0.44000000,20.3
1749261347,19.24000000,26.48000000,20.3
1749261648,20.29000000,4.80000000,20.29
1749261648,20.28000000,522.45000000,20.29
1749261648,20.27000000,1062.67000000,20.29
1749261648,20.26000000,928.09000000,20.29
1749261648,20.25000000,656.97000000,20.29
1749261648,20.24000000,706.84000000,20.29
1749261648,20.23000000,618.54000000,20.29
1749261648,20.22000000,450.31000000,20.29
1749261648,20.21000000,94.57000000,20.29
1749261648,20.20000000,441.42000000,20.29
1749261648,20.19000000,380.27000000,20.29
1749261648,20.18000000,209.52000000,20.29
1749261648,20.17000000,66.72000000,20.29
1749261648,20.16000000,431.50000000,20.29
1749261648,20.15000000,356.28000000,20.29
1749261648,20.14000000,196.29000000,20.29
1749261648,20.13000000,93.22000000,20.29
1749261648,20.12000000,328.59000000,20.29
1749261648,20.11000000,45.38000000,20.29
1749261648,20.10000000,196.29000000,20.29
1749261648,20.09000000,87.86000000,20.29
1749261648,20.08000000,396.34000000,20.29
1749261648,20.07000000,56.48000000,20.29
1749261648,20.06000000,198.50000000,20.29
1749261648,20.05000000,63.60000000,20.29
1749261648,20.04000000,198.51000000,20.29
1749261648,20.03000000,81.83000000,20.29
1749261648,20.02000000,45.39000000,20.29
1749261648,20.01000000,20.70000000,20.29
1749261648,20.00000000,41.66000000,20.29
1749261648,19.99000000,274.67000000,20.29
1749261648,19.98000000,23.67000000,20.29
1749261648,19.97000000,221.38000000,20.29
1749261648,19.96000000,373.01000000,20.29
1749261648,19.95000000,1024.72000000,20.29
1749261648,19.94000000,40.64000000,20.29
1749261648,19.93000000,51.14000000,20.29
1749261648,19.92000000,2.10000000,20.29
1749261648,19.91000000,0.90000000,20.29
1749261648,19.90000000,11.50000000,20.29
1749261648,19.89000000,2.41000000,20.29
1749261648,19.88000000,189.01000000,20.29
1749261648,19.87000000,5.52000000,20.29
1749261648,19.86000000,0.50000000,20.29
1749261648,19.85000000,1.41000000,20.29
1749261648,19.84000000,4.10000000,20.29
1749261648,19.83000000,1.00000000,20.29
1749261648,19.82000000,56.90000000,20.29
1749261648,19.81000000,1.10000000,20.29
1749261648,19.80000000,21.19000000,20.29
1749261648,19.79000000,0.50000000,20.29
1749261648,19.78000000,5.84000000,20.29
1749261648,19.77000000,1.80000000,20.29
1749261648,19.76000000,5.51000000,20.29
1749261648,19.75000000,9.61000000,20.29
1749261648,19.74000000,17.21000000,20.29
1749261648,19.73000000,1.80000000,20.29
1749261648,19.72000000,0.50000000,20.29
1749261648,19.71000000,0.50000000,20.29
1749261648,19.70000000,12.49000000,20.29
1749261648,19.69000000,5.18000000,20.29
1749261648,19.68000000,1.79000000,20.29
1749261648,19.67000000,0.50000000,20.29
1749261648,19.66000000,6.34000000,20.29
1749261648,19.65000000,0.50000000,20.29
1749261648,19.64000000,5.24000000,20.29
1749261648,19.63000000,0.50000000,20.29
1749261648,19.62000000,10.34000000,20.29
1749261648,19.61000000,11.56000000,20.29
1749261648,19.60000000,1.33000000,20.29
1749261648,19.59000000,0.50000000,20.29
1749261648,19.58000000,2.41000000,20.29
1749261648,19.57000000,0.50000000,20.29
1749261648,19.56000000,0.50000000,20.29
1749261648,19.55000000,2.02000000,20.29
1749261648,19.54000000,1.41000000,20.29
1749261648,19.51000000,7.43000000,20.29
1749261648,19.50000000,465.72000000,20.29
1749261648,19.49000000,5.40000000,20.29
1749261648,19.48000000,1.30000000,20.29
1749261648,19.47000000,4.30000000,20.29
1749261648,19.46000000,11.85000000,20.29
1749261648,19.45000000,9.68000000,20.29
1749261648,19.44000000,3.37000000,20.29
1749261648,19.43000000,1.54000000,20.29
1749261648,19.41000000,2.40000000,20.29
1749261648,19.39000000,0.43000000,20.29
1749261648,19.38000000,0.77000000,20.29
1749261648,19.37000000,0.36000000,20.29
1749261648,19.35000000,0.29000000,20.29
1749261648,19.34000000,0.52000000,20.29
1749261648,19.33000000,10.71000000,20.29
1749261648,19.32000000,7.97000000,20.29
1749261648,19.31000000,0.69000000,20.29
1749261648,19.30000000,41.72000000,20.29
1749261648,19.29000000,11.91000000,20.29
1749261648,19.27000000,3.00000000,20.29
1749261648,19.25000000,0.44000000,20.29
1749261648,19.24000000,26.48000000,20.29
1749261648,19.23000000,12.76000000,20.29
1749261955,20.27000000,119.24000000,20.28
1749261955,20.26000000,650.07000000,20.28
1749261955,20.25000000,809.27000000,20.28
1749261955,20.24000000,1284.83000000,20.28
1749261955,20.23000000,1301.06000000,20.28
1749261955,20.22000000,511.81000000,20.28
1749261955,20.21000000,217.59000000,20.28
1749261955,20.20000000,292.61000000,20.28
1749261955,20.19000000,231.61000000,20.28
1749261955,20.18000000,209.52000000,20.28
1749261955,20.17000000,309.64000000,20.28
1749261955,20.16000000,204.28000000,20.28
1749261955,20.15000000,398.04000000,20.28
1749261955,20.14000000,430.30000000,20.28
1749261955,20.13000000,93.22000000,20.28
1749261955,20.12000000,291.88000000,20.28
1749261955,20.11000000,45.38000000,20.28
1749261955,20.10000000,196.29000000,20.28
1749261955,20.09000000,82.90000000,20.28
1749261955,20.08000000,389.94000000,20.28
1749261955,20.07000000,158.81000000,20.28
1749261955,20.06000000,204.91000000,20.28
1749261955,20.05000000,63.60000000,20.28
1749261955,20.04000000,198.51000000,20.28
1749261955,20.03000000,81.83000000,20.28
1749261955,20.02000000,45.39000000,20.28
1749261955,20.01000000,20.70000000,20.28
1749261955,20.00000000,41.66000000,20.28
1749261955,19.99000000,21.48000000,20.28
1749261955,19.98000000,271.97000000,20.28
1749261955,19.97000000,123.53000000,20.28
1749261955,19.96000000,31.43000000,20.28
1749261955,19.95000000,1024.72000000,20.28
1749261955,19.94000000,20.30000000,20.28
1749261955,19.93000000,149.19000000,20.28
1749261955,19.92000000,2.10000000,20.28
1749261955,19.91000000,0.90000000,20.28
1749261955,19.90000000,11.50000000,20.28
1749261955,19.89000000,2.41000000,20.28
1749261955,19.88000000,527.12000000,20.28
1749261955,19.87000000,0.50000000,20.28
1749261955,19.86000000,0.50000000,20.28
1749261955,19.85000000,6.39000000,20.28
1749261955,19.84000000,4.10000000,20.28
1749261955,19.83000000,1.00000000,20.28
1749261955,19.82000000,56.90000000,20.28
1749261955,19.81000000,1.10000000,20.28
1749261955,19.80000000,21.19000000,20.28
1749261955,19.79000000,0.50000000,20.28
1749261955,19.78000000,0.80000000,20.28
1749261955,19.77000000,1.80000000,20.28
1749261955,19.76000000,5.51000000,20.28
1749261955,19.75000000,9.61000000,20.28
1749261955,19.74000000,17.21000000,20.28
1749261955,19.73000000,1.80000000,20.28
1749261955,19.72000000,0.50000000,20.28
1749261955,19.71000000,0.50000000,20.28
1749261955,19.70000000,12.49000000,20.28
1749261955,19.69000000,5.18000000,20.28
1749261955,19.68000000,1.79000000,20.28
1749261955,19.67000000,0.50000000,20.28
1749261955,19.66000000,6.34000000,20.28
1749261955,19.65000000,0.50000000,20.28
1749261955,19.64000000,20.62000000,20.28
1749261955,19.63000000,0.50000000,20.28
1749261955,19.62000000,10.34000000,20.28
1749261955,19.61000000,11.56000000,20.28
1749261955,19.60000000,1.33000000,20.28
1749261955,19.59000000,0.50000000,20.28
1749261955,19.58000000,2.41000000,20.28
1749261955,19.57000000,0.50000000,20.28
1749261955,19.56000000,0.50000000,20.28
1749261955,19.55000000,2.02000000,20.28
1749261955,19.54000000,1.41000000,20.28
1749261955,19.53000000,0.50000000,20.28
1749261955,19.52000000,0.50000000,20.28
1749261955,19.51000000,7.43000000,20.28
1749261955,19.50000000,465.72000000,20.28
1749261955,19.49000000,5.40000000,20.28
1749261955,19.48000000,1.30000000,20.28
1749261955,19.47000000,4.30000000,20.28
1749261955,19.46000000,11.85000000,20.28
1749261955,19.45000000,9.68000000,20.28
1749261955,19.44000000,3.37000000,20.28
1749261955,19.43000000,1.54000000,20.28
1749261955,19.41000000,2.40000000,20.28
1749261955,19.39000000,0.43000000,20.28
1749261955,19.38000000,0.77000000,20.28
1749261955,19.37000000,0.36000000,20.28
1749261955,19.35000000,0.29000000,20.28
1749261955,19.34000000,0.52000000,20.28
1749261955,19.33000000,10.71000000,20.28
1749261955,19.32000000,7.97000000,20.28
1749261955,19.31000000,0.69000000,20.28
1749261955,19.30000000,41.72000000,20.28
1749261955,19.29000000,11.91000000,20.28
1749261955,19.27000000,3.00000000,20.28
1749261955,19.25000000,0.44000000,20.28
1749261955,19.24000000,26.48000000,20.28
1749261955,19.23000000,12.76000000,20.28
1749262257,20.30000000,119.47000000,20.3
1749262257,20.29000000,270.10000000,20.3
1749262257,20.28000000,948.47000000,20.3
1749262257,20.27000000,805.79000000,20.3
1749262257,20.26000000,837.82000000,20.3
1749262257,20.25000000,582.94000000,20.3
1749262257,20.24000000,638.72000000,20.3
1749262257,20.23000000,374.58000000,20.3
1749262257,20.22000000,274.92000000,20.3
1749262257,20.21000000,142.89000000,20.3
1749262257,20.20000000,531.55000000,20.3
1749262257,20.19000000,63.96000000,20.3
1749262257,20.18000000,219.99000000,20.3
1749262257,20.17000000,549.47000000,20.3
1749262257,20.16000000,204.28000000,20.3
1749262257,20.15000000,398.04000000,20.3
1749262257,20.14000000,202.70000000,20.3
1749262257,20.13000000,93.22000000,20.3
1749262257,20.12000000,291.88000000,20.3
1749262257,20.11000000,20.68000000,20.3
1749262257,20.10000000,196.29000000,20.3
1749262257,20.09000000,107.62000000,20.3
1749262257,20.08000000,389.94000000,20.3
1749262257,20.07000000,119.34000000,20.3
1749262257,20.06000000,204.91000000,20.3
1749262257,20.05000000,63.60000000,20.3
1749262257,20.04000000,198.51000000,20.3
1749262257,20.03000000,116.40000000,20.3
1749262257,20.02000000,45.39000000,20.3
1749262257,20.01000000,20.70000000,20.3
1749262257,20.00000000,289.96000000,20.3
1749262257,19.99000000,21.48000000,20.3
1749262257,19.98000000,23.67000000,20.3
1749262257,19.97000000,123.53000000,20.3
1749262257,19.96000000,31.43000000,20.3
1749262257,19.95000000,1024.72000000,20.3
1749262257,19.94000000,20.30000000,20.3
1749262257,19.93000000,149.19000000,20.3
1749262257,19.92000000,2.10000000,20.3
1749262257,19.91000000,0.90000000,20.3
1749262257,19.90000000,11.50000000,20.3
1749262257,19.89000000,2.41000000,20.3
1749262257,19.88000000,527.12000000,20.3
1749262257,19.87000000,0.50000000,20.3
1749262257,19.86000000,0.50000000,20.3
1749262257,19.85000000,6.39000000,20.3
1749262257,19.84000000,4.10000000,20.3
1749262257,19.83000000,1.00000000,20.3
1749262257,19.82000000,56.90000000,20.3
1749262257,19.81000000,1.10000000,20.3
1749262257,19.80000000,21.19000000,20.3
1749262257,19.79000000,0.50000000,20.3
1749262257,19.78000000,0.80000000,20.3
1749262257,19.77000000,1.80000000,20.3
1749262257,19.76000000,5.51000000,20.3
1749262257,19.75000000,9.61000000,20.3
1749262257,19.74000000,17.21000000,20.3
1749262257,19.73000000,1.80000000,20.3
1749262257,19.72000000,0.50000000,20.3
1749262257,19.71000000,0.50000000,20.3
1749262257,19.70000000,12.49000000,20.3
1749262257,19.69000000,5.18000000,20.3
1749262257,19.68000000,1.79000000,20.3
1749262257,19.67000000,0.50000000,20.3
1749262257,19.66000000,6.34000000,20.3
1749262257,19.65000000,0.50000000,20.3
1749262257,19.64000000,5.24000000,20.3
1749262257,19.63000000,15.88000000,20.3
1749262257,19.62000000,10.34000000,20.3
1749262257,19.61000000,11.56000000,20.3
1749262257,19.60000000,1.33000000,20.3
1749262257,19.59000000,0.50000000,20.3
1749262257,19.58000000,2.41000000,20.3
1749262257,19.57000000,0.50000000,20.3
1749262257,19.56000000,0.50000000,20.3
1749262257,19.55000000,2.02000000,20.3
1749262257,19.54000000,0.91000000,20.3
1749262257,19.51000000,7.43000000,20.3
1749262257,19.50000000,465.72000000,20.3
1749262257,19.49000000,5.40000000,20.3
1749262257,19.48000000,1.30000000,20.3
1749262257,19.47000000,4.30000000,20.3
1749262257,19.46000000,11.85000000,20.3
1749262257,19.45000000,9.68000000,20.3
1749262257,19.44000000,3.37000000,20.3
1749262257,19.43000000,1.54000000,20.3
1749262257,19.41000000,2.40000000,20.3
1749262257,19.39000000,0.43000000,20.3
1749262257,19.38000000,0.77000000,20.3
1749262257,19.37000000,0.36000000,20.3
1749262257,19.35000000,0.29000000,20.3
1749262257,19.34000000,0.52000000,20.3
1749262257,19.33000000,10.71000000,20.3
1749262257,19.32000000,7.97000000,20.3
1749262257,19.31000000,0.69000000,20.3
1749262257,19.30000000,41.72000000,20.3
1749262257,19.29000000,11.91000000,20.3
1749262257,19.27000000,3.00000000,20.3
1749262257,19.25000000,0.44000000,20.3
1749262257,19.24000000,26.48000000,20.3
1749262559,20.33000000,52.21000000,20.33
1749262559,20.32000000,572.54000000,20.33
1749262559,20.31000000,656.20000000,20.33
1749262559,20.30000000,1486.84000000,20.33
1749262559,20.29000000,536.39000000,20.33
1749262559,20.28000000,570.56000000,20.33
1749262559,20.27000000,531.79000000,20.33
1749262559,20.26000000,583.11000000,20.33
1749262559,20.25000000,166.74000000,20.33
1749262559,20.24000000,362.74000000,20.33
1749262559,20.23000000,76.10000000,20.33
1749262559,20.22000000,391.06000000,20.33
1749262559,20.21000000,27.44000000,20.33
1749262559,20.20000000,524.57000000,20.33
1749262559,20.19000000,52.76000000,20.33
1749262559,20.18000000,206.06000000,20.33
1749262559,20.17000000,139.50000000,20.33
1749262559,20.16000000,204.28000000,20.33
1749262559,20.15000000,398.04000000,20.33
1749262559,20.14000000,202.70000000,20.33
1749262559,20.13000000,20.68000000,20.33
1749262559,20.12000000,577.33000000,20.33
1749262559,20.11000000,27.07000000,20.33
1749262559,20.10000000,196.29000000,20.33
1749262559,20.09000000,107.62000000,20.33
1749262559,20.08000000,201.52000000,20.33
1749262559,20.07000000,21.98000000,20.33
1749262559,20.06000000,198.50000000,20.33
1749262559,20.05000000,63.60000000,20.33
1749262559,20.04000000,446.31000000,20.33
1749262559,20.03000000,116.40000000,20.33
1749262559,20.02000000,143.00000000,20.33
1749262559,20.01000000,20.70000000,20.33
1749262559,20.00000000,41.66000000,20.33
1749262559,19.99000000,21.48000000,20.33
1749262559,19.98000000,23.67000000,20.33
1749262559,19.97000000,123.53000000,20.33
1749262559,19.96000000,31.43000000,20.33
1749262559,19.95000000,1004.92000000,20.33
1749262559,19.94000000,1.76000000,20.33
1749262559,19.93000000,31.34000000,20.33
1749262559,19.92000000,2.10000000,20.33
1749262559,19.91000000,0.90000000,20.33
1749262559,19.90000000,11.50000000,20.33
1749262559,19.89000000,2.41000000,20.33
1749262559,19.88000000,527.12000000,20.33
1749262559,19.87000000,0.50000000,20.33
1749262559,19.86000000,0.50000000,20.33
1749262559,19.85000000,6.39000000,20.33
1749262559,19.84000000,19.48000000,20.33
1749262559,19.83000000,1.00000000,20.33
1749262559,19.82000000,56.90000000,20.33
1749262559,19.81000000,1.10000000,20.33
1749262559,19.80000000,21.19000000,20.33
1749262559,19.79000000,0.50000000,20.33
1749262559,19.78000000,0.80000000,20.33
1749262559,19.77000000,1.80000000,20.33
1749262559,19.76000000,5.51000000,20.33
1749262559,19.75000000,9.61000000,20.33
1749262559,19.74000000,17.21000000,20.33
1749262559,19.73000000,1.80000000,20.33
1749262559,19.72000000,0.50000000,20.33
1749262559,19.71000000,0.50000000,20.33
1749262559,19.70000000,12.49000000,20.33
1749262559,19.69000000,5.18000000,20.33
1749262559,19.68000000,1.79000000,20.33
1749262559,19.67000000,0.50000000,20.33
1749262559,19.66000000,6.34000000,20.33
1749262559,19.65000000,0.50000000,20.33
1749262559,19.64000000,5.24000000,20.33
1749262559,19.63000000,0.50000000,20.33
1749262559,19.62000000,4.20000000,20.33
1749262559,19.61000000,11.56000000,20.33
1749262559,19.60000000,1.33000000,20.33
1749262559,19.59000000,0.50000000,20.33
1749262559,19.58000000,2.41000000,20.33
1749262559,19.55000000,1.52000000,20.33
1749262559,19.54000000,0.91000000,20.33
1749262559,19.51000000,7.43000000,20.33
1749262559,19.50000000,465.72000000,20.33
1749262559,19.49000000,5.40000000,20.33
1749262559,19.48000000,1.30000000,20.33
1749262559,19.47000000,4.30000000,20.33
1749262559,19.46000000,11.85000000,20.33
1749262559,19.45000000,9.68000000,20.33
1749262559,19.44000000,3.37000000,20.33
1749262559,19.43000000,1.54000000,20.33
1749262559,19.41000000,2.40000000,20.33
1749262559,19.39000000,0.43000000,20.33
1749262559,19.38000000,0.77000000,20.33
1749262559,19.37000000,0.36000000,20.33
1749262559,19.35000000,0.29000000,20.33
1749262559,19.34000000,0.52000000,20.33
1749262559,19.33000000,10.71000000,20.33
1749262559,19.32000000,7.97000000,20.33
1749262559,19.31000000,0.69000000,20.33
1749262559,19.30000000,41.72000000,20.33
1749262559,19.29000000,11.91000000,20.33
1749262559,19.27000000,3.00000000,20.33
1749262559,19.25000000,0.44000000,20.33
1749262867,20.33000000,35.47000000,20.33
1749262867,20.32000000,508.32000000,20.33
1749262867,20.31000000,1030.52000000,20.33
1749262867,20.30000000,1199.10000000,20.33
1749262867,20.29000000,817.28000000,20.33
1749262867,20.28000000,465.17000000,20.33
1749262867,20.27000000,387.37000000,20.33
1749262867,20.26000000,487.73000000,20.33
1749262867,20.25000000,94.86000000,20.33
1749262867,20.24000000,518.33000000,20.33
1749262867,20.23000000,166.25000000,20.33
1749262867,20.22000000,390.76000000,20.33
1749262867,20.21000000,69.08000000,20.33
1749262867,20.20000000,430.45000000,20.33
1749262867,20.19000000,29.35000000,20.33
1749262867,20.18000000,392.29000000,20.33
1749262867,20.17000000,139.50000000,20.33
1749262867,20.16000000,393.26000000,20.33
1749262867,20.15000000,234.94000000,20.33
1749262867,20.14000000,227.36000000,20.33
1749262867,20.13000000,20.68000000,20.33
1749262867,20.12000000,389.18000000,20.33
1749262867,20.11000000,27.07000000,20.33
1749262867,20.10000000,196.29000000,20.33
1749262867,20.09000000,20.68000000,20.33
1749262867,20.08000000,236.00000000,20.33
1749262867,20.07000000,21.98000000,20.33
1749262867,20.06000000,261.22000000,20.33
1749262867,20.05000000,63.60000000,20.33
1749262867,20.04000000,446.31000000,20.33
1749262867,20.03000000,20.92000000,20.33
1749262867,20.02000000,143.00000000,20.33
1749262867,20.01000000,20.70000000,20.33
1749262867,20.00000000,41.66000000,20.33
1749262867,19.99000000,21.48000000,20.33
1749262867,19.98000000,23.67000000,20.33
1749262867,19.97000000,123.53000000,20.33
1749262867,19.96000000,399.69000000,20.33
1749262867,19.95000000,1004.92000000,20.33
1749262867,19.94000000,0.50000000,20.33
1749262867,19.93000000,5.46000000,20.33
1749262867,19.92000000,2.10000000,20.33
1749262867,19.91000000,0.90000000,20.33
1749262867,19.90000000,11.50000000,20.33
1749262867,19.89000000,2.41000000,20.33
1749262867,19.88000000,189.01000000,20.33
1749262867,19.87000000,0.50000000,20.33
1749262867,19.86000000,0.50000000,20.33
1749262867,19.85000000,1.41000000,20.33
1749262867,19.84000000,4.10000000,20.33
1749262867,19.83000000,1.00000000,20.33
1749262867,19.82000000,72.28000000,20.33
1749262867,19.81000000,1.10000000,20.33
1749262867,19.80000000,21.19000000,20.33
1749262867,19.79000000,0.50000000,20.33
1749262867,19.78000000,0.80000000,20.33
1749262867,19.77000000,1.80000000,20.33
1749262867,19.76000000,5.51000000,20.33
1749262867,19.75000000,9.61000000,20.33
1749262867,19.74000000,17.21000000,20.33
1749262867,19.73000000,1.80000000,20.33
1749262867,19.72000000,0.50000000,20.33
1749262867,19.71000000,0.50000000,20.33
1749262867,19.70000000,12.49000000,20.33
1749262867,19.69000000,5.18000000,20.33
1749262867,19.68000000,1.79000000,20.33
1749262867,19.67000000,0.50000000,20.33
1749262867,19.66000000,6.34000000,20.33
1749262867,19.65000000,0.50000000,20.33
1749262867,19.64000000,5.24000000,20.33
1749262867,19.63000000,0.50000000,20.33
1749262867,19.62000000,4.20000000,20.33
1749262867,19.61000000,11.56000000,20.33
1749262867,19.60000000,1.33000000,20.33
1749262867,19.59000000,0.50000000,20.33
1749262867,19.58000000,2.41000000,20.33
1749262867,19.55000000,1.52000000,20.33
1749262867,19.54000000,0.91000000,20.33
1749262867,19.51000000,7.43000000,20.33
1749262867,19.50000000,465.72000000,20.33
1749262867,19.49000000,5.40000000,20.33
1749262867,19.48000000,1.30000000,20.33
1749262867,19.47000000,4.30000000,20.33
1749262867,19.46000000,11.85000000,20.33
1749262867,19.45000000,9.68000000,20.33
1749262867,19.44000000,3.37000000,20.33
1749262867,19.43000000,1.54000000,20.33
1749262867,19.41000000,2.40000000,20.33
1749262867,19.39000000,0.43000000,20.33
1749262867,19.38000000,0.77000000,20.33
1749262867,19.37000000,0.36000000,20.33
1749262867,19.35000000,0.29000000,20.33
1749262867,19.34000000,0.52000000,20.33
1749262867,19.33000000,10.71000000,20.33
1749262867,19.32000000,7.97000000,20.33
1749262867,19.31000000,0.69000000,20.33
1749262867,19.30000000,41.72000000,20.33
1749262867,19.29000000,11.91000000,20.33
1749262867,19.27000000,3.00000000,20.33
1749262867,19.25000000,0.44000000,20.33
1749263169,20.36000000,386.87000000,20.36
1749263169,20.35000000,520.30000000,20.36
1749263169,20.34000000,990.61000000,20.36
1749263169,20.33000000,960.57000000,20.36
1749263169,20.32000000,553.06000000,20.36
1749263169,20.31000000,390.81000000,20.36
1749263169,20.30000000,568.42000000,20.36
1749263169,20.29000000,135.17000000,20.36
1749263169,20.28000000,627.59000000,20.36
1749263169,20.27000000,182.68000000,20.36
1749263169,20.26000000,371.38000000,20.36
1749263169,20.25000000,61.97000000,20.36
1749263169,20.24000000,588.27000000,20.36
1749263169,20.23000000,140.76000000,20.36
1749263169,20.22000000,239.21000000,20.36
1749263169,20.21000000,69.08000000,20.36
1749263169,20.20000000,276.59000000,20.36
1749263169,20.19000000,29.35000000,20.36
1749263169,20.18000000,392.58000000,20.36
1749263169,20.17000000,163.60000000,20.36
1749263169,20.16000000,398.17000000,20.36
1749263169,20.15000000,234.94000000,20.36
1749263169,20.14000000,202.70000000,20.36
1749263169,20.13000000,20.68000000,20.36
1749263169,20.12000000,291.77000000,20.36
1749263169,20.11000000,27.07000000,20.36
1749263169,20.10000000,196.29000000,20.36
1749263169,20.09000000,20.68000000,20.36
1749263169,20.08000000,196.59000000,20.36
1749263169,20.07000000,366.74000000,20.36
1749263169,20.06000000,261.22000000,20.36
1749263169,20.05000000,68.53000000,20.36
1749263169,20.04000000,198.51000000,20.36
1749263169,20.03000000,20.92000000,20.36
1749263169,20.02000000,45.39000000,20.36
1749263169,20.01000000,20.70000000,20.36
1749263169,20.00000000,41.66000000,20.36
1749263169,19.99000000,1.68000000,20.36
1749263169,19.98000000,3.87000000,20.36
1749263169,19.97000000,98.78000000,20.36
1749263169,19.96000000,379.89000000,20.36
1749263169,19.95000000,1004.92000000,20.36
1749263169,19.94000000,0.50000000,20.36
1749263169,19.93000000,5.46000000,20.36
1749263169,19.92000000,2.10000000,20.36
1749263169,19.91000000,0.90000000,20.36
1749263169,19.90000000,11.50000000,20.36
1749263169,19.89000000,2.41000000,20.36
1749263169,19.88000000,188.71000000,20.36
1749263169,19.87000000,0.50000000,20.36
1749263169,19.86000000,0.50000000,20.36
1749263169,19.85000000,6.39000000,20.36
1749263169,19.84000000,4.10000000,20.36
1749263169,19.83000000,1.00000000,20.36
1749263169,19.82000000,56.90000000,20.36
1749263169,19.81000000,1.10000000,20.36
1749263169,19.80000000,21.19000000,20.36
1749263169,19.79000000,0.50000000,20.36
1749263169,19.78000000,0.80000000,20.36
1749263169,19.77000000,1.80000000,20.36
1749263169,19.76000000,0.50000000,20.36
1749263169,19.75000000,9.61000000,20.36
1749263169,19.74000000,17.21000000,20.36
1749263169,19.73000000,1.80000000,20.36
1749263169,19.72000000,0.50000000,20.36
1749263169,19.71000000,0.50000000,20.36
1749263169,19.70000000,12.49000000,20.36
1749263169,19.69000000,5.18000000,20.36
1749263169,19.68000000,1.79000000,20.36
1749263169,19.67000000,0.50000000,20.36
1749263169,19.66000000,6.34000000,20.36
1749263169,19.65000000,0.50000000,20.36
1749263169,19.64000000,20.62000000,20.36
1749263169,19.63000000,0.50000000,20.36
1749263169,19.62000000,4.20000000,20.36
1749263169,19.61000000,11.56000000,20.36
1749263169,19.60000000,0.83000000,20.36
1749263169,19.58000000,1.91000000,20.36
1749263169,19.55000000,1.52000000,20.36
1749263169,19.54000000,0.91000000,20.36
1749263169,19.51000000,7.43000000,20.36
1749263169,19.50000000,465.72000000,20.36
1749263169,19.49000000,5.40000000,20.36
1749263169,19.48000000,1.30000000,20.36
1749263169,19.47000000,4.30000000,20.36
1749263169,19.46000000,11.85000000,20.36
1749263169,19.45000000,9.68000000,20.36
1749263169,19.44000000,3.37000000,20.36
1749263169,19.43000000,1.54000000,20.36
1749263169,19.41000000,2.40000000,20.36
1749263169,19.39000000,0.43000000,20.36
1749263169,19.38000000,0.77000000,20.36
1749263169,19.37000000,0.36000000,20.36
1749263169,19.35000000,0.29000000,20.36
1749263169,19.34000000,0.52000000,20.36
1749263169,19.33000000,10.71000000,20.36
1749263169,19.32000000,7.97000000,20.36
1749263169,19.31000000,0.69000000,20.36
1749263169,19.30000000,41.72000000,20.36
1749263169,19.29000000,11.91000000,20.36
1749263475,20.35000000,121.85000000,20.36
1749263475,20.34000000,1148.94000000,20.36
1749263475,20.33000000,1075.61000000,20.36
1749263475,20.32000000,1303.49000000,20.36
1749263475,20.31000000,457.46000000,20.36
1749263475,20.30000000,542.41000000,20.36
1749263475,20.29000000,274.93000000,20.36
1749263475,20.28000000,330.57000000,20.36
1749263475,20.27000000,194.45000000,20.36
1749263475,20.26000000,381.49000000,20.36
1749263475,20.25000000,70.25000000,20.36
1749263475,20.24000000,362.30000000,20.36
1749263475,20.23000000,39.73000000,20.36
1749263475,20.22000000,431.15000000,20.36
1749263475,20.21000000,69.08000000,20.36
1749263475,20.20000000,276.59000000,20.36
1749263475,20.19000000,29.35000000,20.36
1749263475,20.18000000,392.21000000,20.36
1749263475,20.17000000,164.54000000,20.36
1749263475,20.16000000,398.86000000,20.36
1749263475,20.15000000,228.54000000,20.36
1749263475,20.14000000,196.29000000,20.36
1749263475,20.13000000,20.68000000,20.36
1749263475,20.12000000,257.18000000,20.36
1749263475,20.11000000,20.68000000,20.36
1749263475,20.10000000,196.29000000,20.36
1749263475,20.09000000,20.68000000,20.36
1749263475,20.08000000,196.59000000,20.36
1749263475,20.07000000,119.34000000,20.36
1749263475,20.06000000,507.32000000,20.36
1749263475,20.05000000,28.01000000,20.36
1749263475,20.04000000,198.51000000,20.36
1749263475,20.03000000,20.92000000,20.36
1749263475,20.02000000,45.39000000,20.36
1749263475,20.01000000,0.90000000,20.36
1749263475,20.00000000,41.66000000,20.36
1749263475,19.99000000,36.86000000,20.36
1749263475,19.98000000,3.87000000,20.36
1749263475,19.97000000,98.78000000,20.36
1749263475,19.96000000,557.87000000,20.36
1749263475,19.95000000,1004.92000000,20.36
1749263475,19.94000000,0.50000000,20.36
1749263475,19.93000000,5.46000000,20.36
1749263475,19.92000000,2.10000000,20.36
1749263475,19.91000000,0.90000000,20.36
1749263475,19.90000000,11.50000000,20.36
1749263475,19.89000000,2.41000000,20.36
1749263475,19.88000000,9.00000000,20.36
1749263475,19.87000000,0.50000000,20.36
1749263475,19.86000000,0.50000000,20.36
1749263475,19.85000000,6.39000000,20.36
1749263475,19.84000000,4.10000000,20.36
1749263475,19.83000000,1.00000000,20.36
1749263475,19.82000000,56.90000000,20.36
1749263475,19.81000000,1.10000000,20.36
1749263475,19.80000000,21.19000000,20.36
1749263475,19.79000000,0.50000000,20.36
1749263475,19.78000000,0.80000000,20.36
1749263475,19.77000000,6.80000000,20.36
1749263475,19.76000000,0.50000000,20.36
1749263475,19.75000000,9.61000000,20.36
1749263475,19.74000000,17.21000000,20.36
1749263475,19.73000000,1.80000000,20.36
1749263475,19.72000000,0.50000000,20.36
1749263475,19.71000000,0.50000000,20.36
1749263475,19.70000000,12.49000000,20.36
1749263475,19.69000000,5.18000000,20.36
1749263475,19.68000000,1.79000000,20.36
1749263475,19.67000000,0.50000000,20.36
1749263475,19.66000000,1.31000000,20.36
1749263475,19.65000000,0.50000000,20.36
1749263475,19.64000000,5.24000000,20.36
1749263475,19.63000000,0.50000000,20.36
1749263475,19.62000000,4.20000000,20.36
1749263475,19.61000000,11.56000000,20.36
1749263475,19.60000000,1.33000000,20.36
1749263475,19.58000000,1.91000000,20.36
1749263475,19.55000000,1.52000000,20.36
1749263475,19.54000000,0.91000000,20.36
1749263475,19.51000000,7.43000000,20.36
1749263475,19.50000000,465.72000000,20.36
1749263475,19.49000000,5.40000000,20.36
1749263475,19.48000000,1.30000000,20.36
1749263475,19.47000000,4.30000000,20.36
1749263475,19.46000000,11.85000000,20.36
1749263475,19.45000000,9.68000000,20.36
1749263475,19.44000000,3.37000000,20.36
1749263475,19.43000000,1.54000000,20.36
1749263475,19.41000000,2.40000000,20.36
1749263475,19.39000000,0.43000000,20.36
1749263475,19.38000000,0.77000000,20.36
1749263475,19.37000000,0.36000000,20.36
1749263475,19.35000000,0.29000000,20.36
1749263475,19.34000000,0.52000000,20.36
1749263475,19.33000000,10.71000000,20.36
1749263475,19.32000000,7.97000000,20.36
1749263475,19.31000000,0.69000000,20.36
1749263475,19.30000000,41.72000000,20.36
1749263475,19.29000000,11.91000000,20.36
1749263475,19.27000000,3.00000000,20.36
1749263777,20.37000000,52.53000000,20.37
1749263777,20.36000000,610.66000000,20.37
1749263777,20.35000000,686.15000000,20.37
1749263777,20.34000000,971.20000000,20.37
1749263777,20.33000000,647.66000000,20.37
1749263777,20.32000000,1027.27000000,20.37
1749263777,20.31000000,639.25000000,20.37
1749263777,20.30000000,329.72000000,20.37
1749263777,20.29000000,73.31000000,20.37
1749263777,20.28000000,331.76000000,20.37
1749263777,20.27000000,194.45000000,20.37
1749263777,20.26000000,519.43000000,20.37
1749263777,20.25000000,54.87000000,20.37
1749263777,20.24000000,440.90000000,20.37
1749263777,20.23000000,39.73000000,20.37
1749263777,20.22000000,204.35000000,20.37
1749263777,20.21000000,69.08000000,20.37
1749263777,20.20000000,276.59000000,20.37
1749263777,20.19000000,44.73000000,20.37
1749263777,20.18000000,331.98000000,20.37
1749263777,20.17000000,224.80000000,20.37
1749263777,20.16000000,393.95000000,20.37
1749263777,20.15000000,228.54000000,20.37
1749263777,20.14000000,196.29000000,20.37
1749263777,20.13000000,20.68000000,20.37
1749263777,20.12000000,257.18000000,20.37
1749263777,20.11000000,20.68000000,20.37
1749263777,20.10000000,196.29000000,20.37
1749263777,20.09000000,20.68000000,20.37
1749263777,20.08000000,447.21000000,20.37
1749263777,20.07000000,119.34000000,20.37
1749263777,20.06000000,259.92000000,20.37
1749263777,20.05000000,23.08000000,20.37
1749263777,20.04000000,198.51000000,20.37
1749263777,20.03000000,20.92000000,20.37
1749263777,20.02000000,45.39000000,20.37
1749263777,20.01000000,0.90000000,20.37
1749263777,20.00000000,41.66000000,20.37
1749263777,19.99000000,1.68000000,20.37
1749263777,19.98000000,35.68000000,20.37
1749263777,19.97000000,98.78000000,20.37
1749263777,19.96000000,557.87000000,20.37
1749263777,19.95000000,1004.92000000,20.37
1749263777,19.94000000,0.50000000,20.37
1749263777,19.93000000,0.50000000,20.37
1749263777,19.92000000,2.10000000,20.37
1749263777,19.91000000,0.90000000,20.37
1749263777,19.90000000,11.50000000,20.37
1749263777,19.89000000,2.41000000,20.37
1749263777,19.88000000,9.00000000,20.37
1749263777,19.87000000,0.50000000,20.37
1749263777,19.86000000,0.50000000,20.37
1749263777,19.85000000,1.41000000,20.37
1749263777,19.84000000,4.10000000,20.37
1749263777,19.83000000,1.00000000,20.37
1749263777,19.82000000,56.90000000,20.37
1749263777,19.81000000,1.10000000,20.37
1749263777,19.80000000,21.19000000,20.37
1749263777,19.79000000,0.50000000,20.37
1749263777,19.78000000,0.80000000,20.37
1749263777,19.77000000,1.80000000,20.37
1749263777,19.76000000,0.50000000,20.37
1749263777,19.75000000,9.61000000,20.37
1749263777,19.74000000,17.21000000,20.37
1749263777,19.73000000,1.80000000,20.37
1749263777,19.72000000,0.50000000,20.37
1749263777,19.71000000,0.50000000,20.37
1749263777,19.70000000,12.49000000,20.37
1749263777,19.69000000,5.18000000,20.37
1749263777,19.68000000,1.79000000,20.37
1749263777,19.67000000,0.50000000,20.37
1749263777,19.66000000,1.31000000,20.37
1749263777,19.65000000,0.50000000,20.37
1749263777,19.64000000,5.24000000,20.37
1749263777,19.63000000,0.50000000,20.37
1749263777,19.62000000,4.20000000,20.37
1749263777,19.61000000,11.06000000,20.37
1749263777,19.60000000,0.83000000,20.37
1749263777,19.58000000,1.91000000,20.37
1749263777,19.55000000,1.52000000,20.37
1749263777,19.54000000,0.91000000,20.37
1749263777,19.51000000,7.43000000,20.37
1749263777,19.50000000,465.72000000,20.37
1749263777,19.49000000,5.40000000,20.37
1749263777,19.48000000,1.30000000,20.37
1749263777,19.47000000,4.30000000,20.37
1749263777,19.46000000,11.85000000,20.37
1749263777,19.45000000,9.68000000,20.37
1749263777,19.44000000,3.37000000,20.37
1749263777,19.43000000,1.54000000,20.37
1749263777,19.41000000,2.40000000,20.37
1749263777,19.39000000,0.43000000,20.37
1749263777,19.38000000,0.77000000,20.37
1749263777,19.37000000,0.36000000,20.37
1749263777,19.35000000,0.29000000,20.37
1749263777,19.34000000,0.52000000,20.37
1749263777,19.33000000,10.71000000,20.37
1749263777,19.32000000,7.97000000,20.37
1749263777,19.31000000,0.69000000,20.37
1749263777,19.30000000,41.72000000,20.37
1749264083,20.38000000,0.80000000,20.38
1749264083,20.37000000,403.09000000,20.38
1749264083,20.36000000,762.54000000,20.38
1749264083,20.35000000,1340.32000000,20.38
1749264083,20.34000000,844.71000000,20.38
1749264083,20.33000000,286.31000000,20.38
1749264083,20.32000000,439.84000000,20.38
1749264083,20.31000000,69.14000000,20.38
1749264083,20.30000000,464.63000000,20.38
1749264083,20.29000000,126.42000000,20.38
1749264083,20.28000000,231.47000000,20.38
1749264083,20.27000000,250.21000000,20.38
1749264083,20.26000000,429.46000000,20.38
1749264083,20.25000000,55.79000000,20.38
1749264083,20.24000000,276.51000000,20.38
1749264083,20.23000000,191.69000000,20.38
1749264083,20.22000000,204.35000000,20.38
1749264083,20.21000000,68.71000000,20.38
1749264083,20.20000000,386.87000000,20.38
1749264083,20.19000000,37.97000000,20.38
1749264083,20.18000000,199.58000000,20.38
1749264083,20.17000000,180.04000000,20.38
1749264083,20.16000000,203.88000000,20.38
1749264083,20.15000000,228.54000000,20.38
1749264083,20.14000000,196.29000000,20.38
1749264083,20.13000000,20.68000000,20.38
1749264083,20.12000000,257.18000000,20.38
1749264083,20.11000000,20.68000000,20.38
1749264083,20.10000000,443.29000000,20.38
1749264083,20.09000000,20.68000000,20.38
1749264083,20.08000000,199.81000000,20.38
1749264083,20.07000000,119.34000000,20.38
1749264083,20.06000000,259.92000000,20.38
1749264083,20.05000000,23.08000000,20.38
1749264083,20.04000000,536.80000000,20.38
1749264083,20.03000000,1.12000000,20.38
1749264083,20.02000000,45.39000000,20.38
1749264083,20.01000000,0.90000000,20.38
1749264083,20.00000000,41.66000000,20.38
1749264083,19.99000000,1.68000000,20.38
1749264083,19.98000000,98.30000000,20.38
1749264083,19.97000000,0.93000000,20.38
1749264083,19.96000000,221.04000000,20.38
1749264083,19.95000000,1020.30000000,20.38
1749264083,19.94000000,0.50000000,20.38
1749264083,19.93000000,0.50000000,20.38
1749264083,19.92000000,1.80000000,20.38
1749264083,19.91000000,0.90000000,20.38
1749264083,19.90000000,11.50000000,20.38
1749264083,19.89000000,2.41000000,20.38
1749264083,19.88000000,4.00000000,20.38
1749264083,19.87000000,0.50000000,20.38
1749264083,19.86000000,0.50000000,20.38
1749264083,19.85000000,1.41000000,20.38
1749264083,19.84000000,4.10000000,20.38
1749264083,19.83000000,1.00000000,20.38
1749264083,19.82000000,56.90000000,20.38
1749264083,19.81000000,1.10000000,20.38
1749264083,19.80000000,21.19000000,20.38
1749264083,19.79000000,0.50000000,20.38
1749264083,19.78000000,0.80000000,20.38
1749264083,19.77000000,1.80000000,20.38
1749264083,19.76000000,0.50000000,20.38
1749264083,19.75000000,9.61000000,20.38
1749264083,19.74000000,17.21000000,20.38
1749264083,19.73000000,1.80000000,20.38
1749264083,19.72000000,0.50000000,20.38
1749264083,19.71000000,0.50000000,20.38
1749264083,19.70000000,12.49000000,20.38
1749264083,19.69000000,5.18000000,20.38
1749264083,19.68000000,6.79000000,20.38
1749264083,19.67000000,0.50000000,20.38
1749264083,19.66000000,1.31000000,20.38
1749264083,19.65000000,0.50000000,20.38
1749264083,19.64000000,5.24000000,20.38
1749264083,19.63000000,0.50000000,20.38
1749264083,19.62000000,3.70000000,20.38
1749264083,19.61000000,11.06000000,20.38
1749264083,19.60000000,0.83000000,20.38
1749264083,19.58000000,1.91000000,20.38
1749264083,19.55000000,1.52000000,20.38
1749264083,19.54000000,0.91000000,20.38
1749264083,19.51000000,7.43000000,20.38
1749264083,19.50000000,465.72000000,20.38
1749264083,19.49000000,0.40000000,20.38
1749264083,19.48000000,1.30000000,20.38
1749264083,19.47000000,4.30000000,20.38
1749264083,19.46000000,11.85000000,20.38
1749264083,19.45000000,9.68000000,20.38
1749264083,19.44000000,3.37000000,20.38
1749264083,19.43000000,1.54000000,20.38
1749264083,19.41000000,2.40000000,20.38
1749264083,19.39000000,0.43000000,20.38
1749264083,19.38000000,0.77000000,20.38
1749264083,19.37000000,0.36000000,20.38
1749264083,19.35000000,0.29000000,20.38
1749264083,19.34000000,0.52000000,20.38
1749264083,19.33000000,10.71000000,20.38
1749264083,19.32000000,7.97000000,20.38
1749264083,19.31000000,0.69000000,20.38
1749264385,20.38000000,310.04000000,20.38
1749264385,20.37000000,734.07000000,20.38
1749264385,20.36000000,1080.60000000,20.38
1749264385,20.35000000,660.88000000,20.38
1749264385,20.34000000,329.96000000,20.38
1749264385,20.33000000,437.80000000,20.38
1749264385,20.32000000,760.54000000,20.38
1749264385,20.31000000,266.26000000,20.38
1749264385,20.30000000,371.66000000,20.38
1749264385,20.29000000,104.57000000,20.38
1749264385,20.28000000,252.23000000,20.38
1749264385,20.27000000,27.48000000,20.38
1749264385,20.26000000,700.68000000,20.38
1749264385,20.25000000,204.01000000,20.38
1749264385,20.24000000,290.72000000,20.38
1749264385,20.23000000,191.69000000,20.38
1749264385,20.22000000,204.35000000,20.38
1749264385,20.21000000,140.95000000,20.38
1749264385,20.20000000,202.98000000,20.38
1749264385,20.19000000,37.97000000,20.38
1749264385,20.18000000,199.58000000,20.38
1749264385,20.17000000,83.16000000,20.38
1749264385,20.16000000,391.77000000,20.38
1749264385,20.15000000,228.54000000,20.38
1749264385,20.14000000,196.29000000,20.38
1749264385,20.13000000,20.68000000,20.38
1749264385,20.12000000,354.30000000,20.38
1749264385,20.11000000,20.68000000,20.38
1749264385,20.10000000,196.29000000,20.38
1749264385,20.09000000,267.98000000,20.38
1749264385,20.08000000,199.81000000,20.38
1749264385,20.07000000,21.98000000,20.38
1749264385,20.06000000,259.92000000,20.38
1749264385,20.05000000,23.08000000,20.38
1749264385,20.04000000,536.80000000,20.38
1749264385,20.03000000,1.12000000,20.38
1749264385,20.02000000,143.00000000,20.38
1749264385,20.01000000,0.90000000,20.38
1749264385,20.00000000,41.66000000,20.38
1749264385,19.99000000,1.68000000,20.38
1749264385,19.98000000,118.10000000,20.38
1749264385,19.97000000,0.93000000,20.38
1749264385,19.96000000,221.04000000,20.38
1749264385,19.95000000,1004.92000000,20.38
1749264385,19.94000000,0.50000000,20.38
1749264385,19.93000000,0.50000000,20.38
1749264385,19.92000000,1.80000000,20.38
1749264385,19.91000000,0.90000000,20.38
1749264385,19.90000000,11.50000000,20.38
1749264385,19.89000000,2.41000000,20.38
1749264385,19.88000000,4.00000000,20.38
1749264385,19.87000000,0.50000000,20.38
1749264385,19.86000000,0.50000000,20.38
1749264385,19.85000000,1.41000000,20.38
1749264385,19.84000000,4.10000000,20.38
1749264385,19.83000000,1.00000000,20.38
1749264385,19.82000000,56.90000000,20.38
1749264385,19.81000000,1.10000000,20.38
1749264385,19.80000000,21.19000000,20.38
1749264385,19.79000000,0.50000000,20.38
1749264385,19.78000000,0.80000000,20.38
1749264385,19.77000000,1.80000000,20.38
1749264385,19.76000000,0.50000000,20.38
1749264385,19.75000000,9.61000000,20.38
1749264385,19.74000000,32.59000000,20.38
1749264385,19.73000000,1.80000000,20.38
1749264385,19.72000000,0.50000000,20.38
1749264385,19.71000000,0.50000000,20.38
1749264385,19.70000000,12.49000000,20.38
1749264385,19.69000000,5.18000000,20.38
1749264385,19.68000000,6.79000000,20.38
1749264385,19.67000000,0.50000000,20.38
1749264385,19.66000000,1.31000000,20.38
1749264385,19.65000000,0.50000000,20.38
1749264385,19.64000000,5.24000000,20.38
1749264385,19.63000000,0.50000000,20.38
1749264385,19.62000000,3.70000000,20.38
1749264385,19.61000000,11.06000000,20.38
1749264385,19.60000000,0.83000000,20.38
1749264385,19.58000000,1.91000000,20.38
1749264385,19.55000000,1.52000000,20.38
1749264385,19.54000000,0.91000000,20.38
1749264385,19.51000000,7.43000000,20.38
1749264385,19.50000000,465.72000000,20.38
1749264385,19.49000000,0.40000000,20.38
1749264385,19.48000000,1.30000000,20.38
1749264385,19.47000000,4.30000000,20.38
1749264385,19.46000000,11.85000000,20.38
1749264385,19.45000000,9.68000000,20.38
1749264385,19.44000000,3.37000000,20.38
1749264385,19.43000000,1.54000000,20.38
1749264385,19.41000000,2.40000000,20.38
1749264385,19.39000000,0.43000000,20.38
1749264385,19.38000000,0.77000000,20.38
1749264385,19.37000000,0.36000000,20.38
1749264385,19.35000000,0.29000000,20.38
1749264385,19.34000000,0.52000000,20.38
1749264385,19.33000000,10.71000000,20.38
1749264385,19.32000000,7.97000000,20.38
1749264385,19.31000000,0.69000000,20.38
1749264686,20.41000000,170.01000000,20.42
1749264686,20.40000000,863.61000000,20.42
1749264686,20.39000000,1070.61000000,20.42
1749264686,20.38000000,876.30000000,20.42
1749264686,20.37000000,600.03000000,20.42
1749264686,20.36000000,464.66000000,20.42
1749264686,20.35000000,227.72000000,20.42
1749264686,20.34000000,317.52000000,20.42
1749264686,20.33000000,36.25000000,20.42
1749264686,20.32000000,889.23000000,20.42
1749264686,20.31000000,56.37000000,20.42
1749264686,20.30000000,234.09000000,20.42
1749264686,20.29000000,491.71000000,20.42
1749264686,20.28000000,237.28000000,20.42
1749264686,20.27000000,27.18000000,20.42
1749264686,20.26000000,213.79000000,20.42
1749264686,20.25000000,127.52000000,20.42
1749264686,20.24000000,244.93000000,20.42
1749264686,20.23000000,191.69000000,20.42
1749264686,20.22000000,204.35000000,20.42
1749264686,20.21000000,27.07000000,20.42
1749264686,20.20000000,387.30000000,20.42
1749264686,20.19000000,37.97000000,20.42
1749264686,20.18000000,296.41000000,20.42
1749264686,20.17000000,29.27000000,20.42
1749264686,20.16000000,257.76000000,20.42
1749264686,20.15000000,228.54000000,20.42
1749264686,20.14000000,196.29000000,20.42
1749264686,20.13000000,267.38000000,20.42
1749264686,20.12000000,257.18000000,20.42
1749264686,20.11000000,20.68000000,20.42
1749264686,20.10000000,196.29000000,20.42
1749264686,20.09000000,117.95000000,20.42
1749264686,20.08000000,199.81000000,20.42
1749264686,20.07000000,21.98000000,20.42
1749264686,20.06000000,259.92000000,20.42
1749264686,20.05000000,23.08000000,20.42
1749264686,20.04000000,517.00000000,20.42
1749264686,20.03000000,1.12000000,20.42
1749264686,20.02000000,123.20000000,20.42
1749264686,20.01000000,0.90000000,20.42
1749264686,20.00000000,21.86000000,20.42
1749264686,19.99000000,1.68000000,20.42
1749264686,19.98000000,15.88000000,20.42
1749264686,19.97000000,0.93000000,20.42
1749264686,19.96000000,221.04000000,20.42
1749264686,19.95000000,1004.92000000,20.42
1749264686,19.94000000,0.50000000,20.42
1749264686,19.93000000,0.50000000,20.42
1749264686,19.92000000,1.80000000,20.42
1749264686,19.91000000,0.90000000,20.42
1749264686,19.90000000,11.50000000,20.42
1749264686,19.89000000,2.41000000,20.42
1749264686,19.88000000,4.00000000,20.42
1749264686,19.87000000,0.50000000,20.42
1749264686,19.86000000,0.50000000,20.42
1749264686,19.85000000,1.41000000,20.42
1749264686,19.84000000,4.10000000,20.42
1749264686,19.83000000,1.00000000,20.42
1749264686,19.82000000,56.90000000,20.42
1749264686,19.81000000,1.10000000,20.42
1749264686,19.80000000,21.19000000,20.42
1749264686,19.79000000,0.50000000,20.42
1749264686,19.78000000,0.50000000,20.42
1749264686,19.77000000,1.80000000,20.42
1749264686,19.76000000,0.50000000,20.42
1749264686,19.75000000,9.61000000,20.42
1749264686,19.74000000,17.21000000,20.42
1749264686,19.73000000,1.80000000,20.42
1749264686,19.72000000,0.50000000,20.42
1749264686,19.71000000,0.50000000,20.42
1749264686,19.70000000,12.49000000,20.42
1749264686,19.69000000,5.18000000,20.42
1749264686,19.68000000,6.79000000,20.42
1749264686,19.67000000,0.50000000,20.42
1749264686,19.66000000,1.31000000,20.42
1749264686,19.64000000,4.74000000,20.42
1749264686,19.62000000,3.70000000,20.42
1749264686,19.61000000,11.06000000,20.42
1749264686,19.60000000,0.83000000,20.42
1749264686,19.58000000,1.91000000,20.42
1749264686,19.55000000,1.52000000,20.42
1749264686,19.54000000,0.91000000,20.42
1749264686,19.51000000,7.43000000,20.42
1749264686,19.50000000,465.72000000,20.42
1749264686,19.49000000,0.40000000,20.42
1749264686,19.48000000,1.30000000,20.42
1749264686,19.47000000,4.30000000,20.42
1749264686,19.46000000,11.85000000,20.42
1749264686,19.45000000,9.68000000,20.42
1749264686,19.44000000,3.37000000,20.42
1749264686,19.43000000,1.54000000,20.42
1749264686,19.41000000,2.40000000,20.42
1749264686,19.39000000,0.43000000,20.42
1749264686,19.38000000,0.77000000,20.42
1749264686,19.37000000,0.36000000,20.42
1749264686,19.35000000,0.29000000,20.42
1749264686,19.34000000,0.52000000,20.42
1749264686,19.33000000,10.71000000,20.42
1749264686,19.32000000,7.97000000,20.42
1749264988,20.50000000,188.97000000,20.51
1749264988,20.49000000,657.77000000,20.51
1749264988,20.48000000,731.97000000,20.51
1749264988,20.47000000,761.94000000,20.51
1749264988,20.46000000,959.31000000,20.51
1749264988,20.45000000,509.58000000,20.51
1749264988,20.44000000,479.03000000,20.51
1749264988,20.43000000,93.48000000,20.51
1749264988,20.42000000,403.35000000,20.51
1749264988,20.41000000,193.87000000,20.51
1749264988,20.40000000,297.32000000,20.51
1749264988,20.39000000,42.41000000,20.51
1749264988,20.38000000,575.49000000,20.51
1749264988,20.37000000,36.83000000,20.51
1749264988,20.36000000,215.54000000,20.51
1749264988,20.35000000,191.79000000,20.51
1749264988,20.34000000,203.03000000,20.51
1749264988,20.33000000,27.42000000,20.51
1749264988,20.32000000,387.60000000,20.51
1749264988,20.31000000,27.43000000,20.51
1749264988,20.30000000,209.17000000,20.51
1749264988,20.29000000,27.07000000,20.51
1749264988,20.28000000,418.94000000,20.51
1749264988,20.27000000,20.41000000,20.51
1749264988,20.26000000,198.68000000,20.51
1749264988,20.25000000,26.77000000,20.51
1749264988,20.24000000,196.59000000,20.51
1749264988,20.23000000,58.93000000,20.51
1749264988,20.22000000,203.95000000,20.51
1749264988,20.21000000,266.38000000,20.51
1749264988,20.20000000,257.18000000,20.51
1749264988,20.19000000,134.75000000,20.51
1749264988,20.18000000,199.29000000,20.51
1749264988,20.17000000,84.31000000,20.51
1749264988,20.16000000,197.50000000,20.51
1749264988,20.15000000,228.54000000,20.51
1749264988,20.14000000,196.29000000,20.51
1749264988,20.13000000,20.68000000,20.51
1749264988,20.12000000,518.10000000,20.51
1749264988,20.11000000,0.88000000,20.51
1749264988,20.10000000,91.16000000,20.51
1749264988,20.09000000,0.50000000,20.51
1749264988,20.08000000,79.30000000,20.51
1749264988,20.07000000,100.26000000,20.51
1749264988,20.06000000,76.69000000,20.51
1749264988,20.05000000,185.97000000,20.51
1749264988,20.04000000,2.72000000,20.51
1749264988,20.03000000,1.12000000,20.51
1749264988,20.02000000,25.59000000,20.51
1749264988,20.01000000,0.90000000,20.51
1749264988,20.00000000,21.56000000,20.51
1749264988,19.99000000,1.68000000,20.51
1749264988,19.98000000,0.50000000,20.51
1749264988,19.97000000,0.93000000,20.51
1749264988,19.96000000,42.76000000,20.51
1749264988,19.95000000,1004.92000000,20.51
1749264988,19.94000000,0.50000000,20.51
1749264988,19.93000000,0.50000000,20.51
1749264988,19.92000000,1.80000000,20.51
1749264988,19.91000000,0.90000000,20.51
1749264988,19.90000000,11.50000000,20.51
1749264988,19.89000000,2.41000000,20.51
1749264988,19.88000000,4.00000000,20.51
1749264988,19.87000000,0.50000000,20.51
1749264988,19.86000000,0.50000000,20.51
1749264988,19.85000000,1.41000000,20.51
1749264988,19.84000000,4.10000000,20.51
1749264988,19.83000000,2.98000000,20.51
1749264988,19.82000000,60.45000000,20.51
1749264988,19.81000000,1.10000000,20.51
1749264988,19.80000000,21.19000000,20.51
1749264988,19.79000000,0.50000000,20.51
1749264988,19.78000000,0.50000000,20.51
1749264988,19.77000000,1.80000000,20.51
1749264988,19.76000000,0.50000000,20.51
1749264988,19.75000000,9.60000000,20.51
1749264988,19.74000000,16.71000000,20.51
1749264988,19.73000000,1.30000000,20.51
1749264988,19.70000000,10.00000000,20.51
1749264988,19.69000000,1.10000000,20.51
1749264988,19.68000000,6.29000000,20.51
1749264988,19.66000000,0.81000000,20.51
1749264988,19.64000000,4.74000000,20.51
1749264988,19.62000000,3.70000000,20.51
1749264988,19.61000000,11.06000000,20.51
1749264988,19.60000000,0.83000000,20.51
1749264988,19.58000000,1.91000000,20.51
1749264988,19.55000000,1.52000000,20.51
1749264988,19.54000000,0.91000000,20.51
1749264988,19.51000000,7.43000000,20.51
1749264988,19.50000000,465.72000000,20.51
1749264988,19.49000000,0.40000000,20.51
1749264988,19.48000000,1.30000000,20.51
1749264988,19.47000000,4.30000000,20.51
1749264988,19.46000000,11.85000000,20.51
1749264988,19.45000000,9.68000000,20.51
1749264988,19.44000000,3.37000000,20.51
1749264988,19.43000000,1.54000000,20.51
1749264988,19.41000000,2.40000000,20.51
1749264988,19.39000000,0.43000000,20.51
1749265289,20.47000000,390.10000000,20.47
1749265289,20.46000000,731.17000000,20.47
1749265289,20.45000000,1080.61000000,20.47
1749265289,20.44000000,1359.70000000,20.47
1749265289,20.43000000,82.32000000,20.47
1749265289,20.42000000,807.92000000,20.47
1749265289,20.41000000,340.45000000,20.47
1749265289,20.40000000,215.88000000,20.47
1749265289,20.39000000,27.71000000,20.47
1749265289,20.38000000,422.85000000,20.47
1749265289,20.37000000,190.81000000,20.47
1749265289,20.36000000,362.96000000,20.47
1749265289,20.35000000,254.83000000,20.47
1749265289,20.34000000,203.03000000,20.47
1749265289,20.33000000,177.40000000,20.47
1749265289,20.32000000,274.88000000,20.47
1749265289,20.31000000,27.06000000,20.47
1749265289,20.30000000,250.62000000,20.47
1749265289,20.29000000,27.07000000,20.47
1749265289,20.28000000,541.53000000,20.47
1749265289,20.27000000,58.58000000,20.47
1749265289,20.26000000,198.68000000,20.47
1749265289,20.25000000,26.77000000,20.47
1749265289,20.24000000,196.59000000,20.47
1749265289,20.23000000,20.68000000,20.47
1749265289,20.22000000,203.95000000,20.47
1749265289,20.21000000,20.68000000,20.47
1749265289,20.20000000,196.59000000,20.47
1749265289,20.19000000,134.75000000,20.47
1749265289,20.18000000,445.29000000,20.47
1749265289,20.17000000,84.31000000,20.47
1749265289,20.16000000,197.50000000,20.47
1749265289,20.15000000,228.54000000,20.47
1749265289,20.14000000,196.29000000,20.47
1749265289,20.13000000,20.68000000,20.47
1749265289,20.12000000,537.90000000,20.47
1749265289,20.11000000,51.73000000,20.47
1749265289,20.10000000,75.78000000,20.47
1749265289,20.09000000,0.50000000,20.47
1749265289,20.08000000,79.30000000,20.47
1749265289,20.07000000,100.26000000,20.47
1749265289,20.06000000,76.69000000,20.47
1749265289,20.05000000,185.97000000,20.47
1749265289,20.04000000,2.42000000,20.47
1749265289,20.03000000,1.12000000,20.47
1749265289,20.02000000,25.59000000,20.47
1749265289,20.01000000,0.90000000,20.47
1749265289,20.00000000,36.94000000,20.47
1749265289,19.99000000,1.68000000,20.47
1749265289,19.98000000,0.50000000,20.47
1749265289,19.97000000,0.93000000,20.47
1749265289,19.96000000,11.33000000,20.47
1749265289,19.95000000,1004.92000000,20.47
1749265289,19.94000000,0.50000000,20.47
1749265289,19.93000000,0.50000000,20.47
1749265289,19.92000000,1.80000000,20.47
1749265289,19.91000000,0.90000000,20.47
1749265289,19.90000000,11.50000000,20.47
1749265289,19.89000000,2.41000000,20.47
1749265289,19.88000000,4.00000000,20.47
1749265289,19.87000000,0.50000000,20.47
1749265289,19.86000000,0.50000000,20.47
1749265289,19.85000000,1.41000000,20.47
1749265289,19.84000000,4.10000000,20.47
1749265289,19.83000000,2.98000000,20.47
1749265289,19.82000000,60.45000000,20.47
1749265289,19.81000000,1.10000000,20.47
1749265289,19.80000000,21.19000000,20.47
1749265289,19.79000000,0.50000000,20.47
1749265289,19.78000000,0.50000000,20.47
1749265289,19.77000000,1.80000000,20.47
1749265289,19.76000000,0.49000000,20.47
1749265289,19.75000000,9.60000000,20.47
1749265289,19.74000000,17.20000000,20.47
1749265289,19.73000000,1.79000000,20.47
1749265289,19.72000000,0.49000000,20.47
1749265289,19.70000000,10.00000000,20.47
1749265289,19.69000000,1.10000000,20.47
1749265289,19.68000000,6.29000000,20.47
1749265289,19.66000000,0.81000000,20.47
1749265289,19.64000000,4.74000000,20.47
1749265289,19.62000000,3.70000000,20.47
1749265289,19.61000000,11.06000000,20.47
1749265289,19.60000000,0.83000000,20.47
1749265289,19.58000000,1.91000000,20.47
1749265289,19.55000000,1.52000000,20.47
1749265289,19.54000000,0.91000000,20.47
1749265289,19.51000000,7.43000000,20.47
1749265289,19.50000000,465.72000000,20.47
1749265289,19.49000000,0.40000000,20.47
1749265289,19.48000000,1.30000000,20.47
1749265289,19.47000000,4.30000000,20.47
1749265289,19.46000000,11.85000000,20.47
1749265289,19.45000000,9.68000000,20.47
1749265289,19.44000000,3.37000000,20.47
1749265289,19.43000000,1.54000000,20.47
1749265289,19.41000000,2.40000000,20.47
1749265289,19.39000000,0.43000000,20.47
1749265289,19.38000000,0.77000000,20.47
1749265289,19.37000000,0.36000000,20.47
1749265596,20.56000000,123.72000000,20.56
1749265596,20.55000000,551.68000000,20.56
1749265596,20.54000000,1152.94000000,20.56
1749265596,20.53000000,814.98000000,20.56
1749265596,20.52000000,446.31000000,20.56
1749265596,20.51000000,380.76000000,20.56
1749265596,20.50000000,473.85000000,20.56
1749265596,20.49000000,260.68000000,20.56
1749265596,20.48000000,412.47000000,20.56
1749265596,20.47000000,134.09000000,20.56
1749265596,20.46000000,239.94000000,20.56
1749265596,20.45000000,81.67000000,20.56
1749265596,20.44000000,830.46000000,20.56
1749265596,20.43000000,369.21000000,20.56
1749265596,20.42000000,202.97000000,20.56
1749265596,20.41000000,117.55000000,20.56
1749265596,20.40000000,218.69000000,20.56
1749265596,20.39000000,27.41000000,20.56
1749265596,20.38000000,329.24000000,20.56
1749265596,20.37000000,29.62000000,20.56
1749265596,20.36000000,405.79000000,20.56
1749265596,20.35000000,28.96000000,20.56
1749265596,20.34000000,202.66000000,20.56
1749265596,20.33000000,146.67000000,20.56
1749265596,20.32000000,196.58000000,20.56
1749265596,20.31000000,20.67000000,20.56
1749265596,20.30000000,197.86000000,20.56
1749265596,20.29000000,20.67000000,20.56
1749265596,20.28000000,603.85000000,20.56
1749265596,20.27000000,26.75000000,20.56
1749265596,20.26000000,295.13000000,20.56
1749265596,20.25000000,27.23000000,20.56
1749265596,20.24000000,196.59000000,20.56
1749265596,20.23000000,20.68000000,20.56
1749265596,20.22000000,197.59000000,20.56
1749265596,20.21000000,20.68000000,20.56
1749265596,20.20000000,196.59000000,20.56
1749265596,20.19000000,22.59000000,20.56
1749265596,20.18000000,179.49000000,20.56
1749265596,20.17000000,64.51000000,20.56
1749265596,20.16000000,77.37000000,20.56
1749265596,20.15000000,208.36000000,20.56
1749265596,20.14000000,258.31000000,20.56
1749265596,20.13000000,97.57000000,20.56
1749265596,20.12000000,417.39000000,20.56
1749265596,20.11000000,31.93000000,20.56
1749265596,20.10000000,0.50000000,20.56
1749265596,20.09000000,0.50000000,20.56
1749265596,20.08000000,3.72000000,20.56
1749265596,20.07000000,2.90000000,20.56
1749265596,20.06000000,1.41000000,20.56
1749265596,20.05000000,2.90000000,20.56
1749265596,20.04000000,2.42000000,20.56
1749265596,20.03000000,1.12000000,20.56
1749265596,20.02000000,25.59000000,20.56
1749265596,20.01000000,0.90000000,20.56
1749265596,20.00000000,36.94000000,20.56
1749265596,19.99000000,1.68000000,20.56
1749265596,19.98000000,0.50000000,20.56
1749265596,19.97000000,0.93000000,20.56
1749265596,19.96000000,11.33000000,20.56
1749265596,19.95000000,1004.92000000,20.56
1749265596,19.94000000,0.50000000,20.56
1749265596,19.93000000,0.50000000,20.56
1749265596,19.92000000,1.80000000,20.56
1749265596,19.91000000,0.90000000,20.56
1749265596,19.90000000,11.50000000,20.56
1749265596,19.89000000,10.08000000,20.56
1749265596,19.88000000,17.78000000,20.56
1749265596,19.87000000,0.50000000,20.56
1749265596,19.86000000,0.50000000,20.56
1749265596,19.85000000,1.41000000,20.56
1749265596,19.84000000,4.10000000,20.56
1749265596,19.83000000,2.98000000,20.56
1749265596,19.82000000,60.45000000,20.56
1749265596,19.81000000,1.10000000,20.56
1749265596,19.80000000,20.69000000,20.56
1749265596,19.77000000,1.30000000,20.56
1749265596,19.75000000,1.40000000,20.56
1749265596,19.74000000,2.82000000,20.56
1749265596,19.73000000,1.30000000,20.56
1749265596,19.70000000,10.00000000,20.56
1749265596,19.69000000,1.10000000,20.56
1749265596,19.68000000,340.48000000,20.56
1749265596,19.66000000,0.81000000,20.56
1749265596,19.64000000,4.74000000,20.56
1749265596,19.62000000,3.70000000,20.56
1749265596,19.61000000,11.06000000,20.56
1749265596,19.60000000,0.83000000,20.56
1749265596,19.58000000,1.91000000,20.56
1749265596,19.55000000,1.52000000,20.56
1749265596,19.54000000,0.91000000,20.56
1749265596,19.51000000,7.43000000,20.56
1749265596,19.50000000,129.90000000,20.56
1749265596,19.49000000,0.40000000,20.56
1749265596,19.48000000,1.30000000,20.56
1749265596,19.47000000,4.30000000,20.56
1749265596,19.46000000,11.85000000,20.56
1749265596,19.45000000,9.68000000,20.56
1749265596,19.44000000,3.37000000,20.56
1749265897,20.55000000,269.16000000,20.55
1749265897,20.54000000,904.32000000,20.55
1749265897,20.53000000,716.02000000,20.55
1749265897,20.52000000,745.69000000,20.55
1749265897,20.51000000,234.07000000,20.55
1749265897,20.50000000,502.18000000,20.55
1749265897,20.49000000,639.80000000,20.55
1749265897,20.48000000,377.20000000,20.55
1749265897,20.47000000,68.64000000,20.55
1749265897,20.46000000,307.10000000,20.55
1749265897,20.45000000,190.61000000,20.55
1749265897,20.44000000,443.17000000,20.55
1749265897,20.43000000,348.84000000,20.55
1749265897,20.42000000,427.57000000,20.55
1749265897,20.41000000,38.05000000,20.55
1749265897,20.40000000,218.69000000,20.55
1749265897,20.39000000,27.41000000,20.55
1749265897,20.38000000,401.34000000,20.55
1749265897,20.37000000,29.62000000,20.55
1749265897,20.36000000,405.79000000,20.55
1749265897,20.35000000,28.96000000,20.55
1749265897,20.34000000,202.66000000,20.55
1749265897,20.33000000,20.67000000,20.55
1749265897,20.32000000,202.91000000,20.55
1749265897,20.31000000,20.67000000,20.55
1749265897,20.30000000,197.86000000,20.55
1749265897,20.29000000,20.67000000,20.55
1749265897,20.28000000,416.65000000,20.55
1749265897,20.27000000,20.41000000,20.55
1749265897,20.26000000,540.23000000,20.55
1749265897,20.25000000,27.23000000,20.55
1749265897,20.24000000,196.59000000,20.55
1749265897,20.23000000,20.68000000,20.55
1749265897,20.22000000,200.80000000,20.55
1749265897,20.21000000,20.68000000,20.55
1749265897,20.20000000,211.97000000,20.55
1749265897,20.19000000,22.59000000,20.55
1749265897,20.18000000,199.29000000,20.55
1749265897,20.17000000,1.79000000,20.55
1749265897,20.16000000,97.17000000,20.55
1749265897,20.15000000,228.16000000,20.55
1749265897,20.14000000,258.31000000,20.55
1749265897,20.13000000,97.57000000,20.55
1749265897,20.12000000,417.39000000,20.55
1749265897,20.11000000,31.93000000,20.55
1749265897,20.10000000,0.50000000,20.55
1749265897,20.09000000,0.50000000,20.55
1749265897,20.08000000,0.50000000,20.55
1749265897,20.07000000,2.90000000,20.55
1749265897,20.06000000,1.41000000,20.55
1749265897,20.05000000,2.90000000,20.55
1749265897,20.04000000,2.42000000,20.55
1749265897,20.03000000,1.12000000,20.55
1749265897,20.02000000,25.59000000,20.55
1749265897,20.01000000,0.90000000,20.55
1749265897,20.00000000,21.56000000,20.55
1749265897,19.99000000,1.68000000,20.55
1749265897,19.98000000,0.50000000,20.55
1749265897,19.97000000,0.93000000,20.55
1749265897,19.96000000,11.33000000,20.55
1749265897,19.95000000,1004.92000000,20.55
1749265897,19.94000000,0.50000000,20.55
1749265897,19.93000000,0.50000000,20.55
1749265897,19.92000000,1.80000000,20.55
1749265897,19.91000000,0.90000000,20.55
1749265897,19.90000000,11.50000000,20.55
1749265897,19.89000000,10.08000000,20.55
1749265897,19.88000000,17.78000000,20.55
1749265897,19.87000000,0.50000000,20.55
1749265897,19.86000000,0.50000000,20.55
1749265897,19.85000000,1.41000000,20.55
1749265897,19.84000000,4.10000000,20.55
1749265897,19.83000000,2.98000000,20.55
1749265897,19.82000000,60.45000000,20.55
1749265897,19.81000000,1.10000000,20.55
1749265897,19.80000000,21.18000000,20.55
1749265897,19.77000000,1.30000000,20.55
1749265897,19.75000000,1.40000000,20.55
1749265897,19.74000000,2.82000000,20.55
1749265897,19.73000000,1.30000000,20.55
1749265897,19.70000000,10.00000000,20.55
1749265897,19.69000000,1.10000000,20.55
1749265897,19.68000000,340.48000000,20.55
1749265897,19.66000000,0.81000000,20.55
1749265897,19.64000000,4.74000000,20.55
1749265897,19.62000000,3.70000000,20.55
1749265897,19.61000000,11.06000000,20.55
1749265897,19.60000000,0.83000000,20.55
1749265897,19.58000000,1.91000000,20.55
1749265897,19.55000000,1.52000000,20.55
1749265897,19.54000000,0.91000000,20.55
1749265897,19.51000000,7.43000000,20.55
1749265897,19.50000000,129.90000000,20.55
1749265897,19.49000000,0.40000000,20.55
1749265897,19.48000000,1.30000000,20.55
1749265897,19.47000000,4.30000000,20.55
1749265897,19.46000000,11.85000000,20.55
1749265897,19.45000000,9.68000000,20.55
1749265897,19.44000000,3.37000000,20.55
1749265897,19.43000000,1.54000000,20.55
1749266199,20.60000000,264.03000000,20.6
1749266199,20.59000000,353.00000000,20.6
1749266199,20.58000000,1019.97000000,20.6
1749266199,20.57000000,844.25000000,20.6
1749266199,20.56000000,372.94000000,20.6
1749266199,20.55000000,404.03000000,20.6
1749266199,20.54000000,537.34000000,20.6
1749266199,20.53000000,130.70000000,20.6
1749266199,20.52000000,707.24000000,20.6
1749266199,20.51000000,27.66000000,20.6
1749266199,20.50000000,351.68000000,20.6
1749266199,20.49000000,279.96000000,20.6
1749266199,20.48000000,439.64000000,20.6
1749266199,20.47000000,282.45000000,20.6
1749266199,20.46000000,202.91000000,20.6
1749266199,20.45000000,37.99000000,20.6
1749266199,20.44000000,275.93000000,20.6
1749266199,20.43000000,27.36000000,20.6
1749266199,20.42000000,215.15000000,20.6
1749266199,20.41000000,27.40000000,20.6
1749266199,20.40000000,443.77000000,20.6
1749266199,20.39000000,27.04000000,20.6
1749266199,20.38000000,329.54000000,20.6
1749266199,20.37000000,29.25000000,20.6
1749266199,20.36000000,298.46000000,20.6
1749266199,20.35000000,22.58000000,20.6
1749266199,20.34000000,196.28000000,20.6
1749266199,20.33000000,116.79000000,20.6
1749266199,20.32000000,202.91000000,20.6
1749266199,20.31000000,361.48000000,20.6
1749266199,20.30000000,197.58000000,20.6
1749266199,20.29000000,20.67000000,20.6
1749266199,20.28000000,259.70000000,20.6
1749266199,20.27000000,20.84000000,20.6
1749266199,20.26000000,198.68000000,20.6
1749266199,20.25000000,27.23000000,20.6
1749266199,20.24000000,196.59000000,20.6
1749266199,20.23000000,20.68000000,20.6
1749266199,20.22000000,200.80000000,20.6
1749266199,20.21000000,0.88000000,20.6
1749266199,20.20000000,516.93000000,20.6
1749266199,20.19000000,2.41000000,20.6
1749266199,20.18000000,175.61000000,20.6
1749266199,20.17000000,0.50000000,20.6
1749266199,20.16000000,92.37000000,20.6
1749266199,20.15000000,208.36000000,20.6
1749266199,20.14000000,258.31000000,20.6
1749266199,20.13000000,0.50000000,20.6
1749266199,20.12000000,0.50000000,20.6
1749266199,20.11000000,31.93000000,20.6
1749266199,20.10000000,0.50000000,20.6
1749266199,20.09000000,0.50000000,20.6
1749266199,20.08000000,0.50000000,20.6
1749266199,20.07000000,2.90000000,20.6
1749266199,20.06000000,1.41000000,20.6
1749266199,20.05000000,2.90000000,20.6
1749266199,20.04000000,2.42000000,20.6
1749266199,20.03000000,1.12000000,20.6
1749266199,20.02000000,25.59000000,20.6
1749266199,20.01000000,0.90000000,20.6
1749266199,20.00000000,21.56000000,20.6
1749266199,19.99000000,1.68000000,20.6
1749266199,19.98000000,0.50000000,20.6
1749266199,19.97000000,0.93000000,20.6
1749266199,19.96000000,11.33000000,20.6
1749266199,19.95000000,1004.92000000,20.6
1749266199,19.94000000,0.50000000,20.6
1749266199,19.93000000,0.50000000,20.6
1749266199,19.92000000,1.80000000,20.6
1749266199,19.91000000,0.90000000,20.6
1749266199,19.90000000,11.50000000,20.6
1749266199,19.89000000,10.08000000,20.6
1749266199,19.88000000,17.78000000,20.6
1749266199,19.87000000,0.50000000,20.6
1749266199,19.86000000,0.50000000,20.6
1749266199,19.85000000,1.41000000,20.6
1749266199,19.84000000,3.60000000,20.6
1749266199,19.83000000,2.48000000,20.6
1749266199,19.82000000,59.95000000,20.6
1749266199,19.81000000,0.60000000,20.6
1749266199,19.80000000,20.69000000,20.6
1749266199,19.77000000,1.30000000,20.6
1749266199,19.75000000,1.40000000,20.6
1749266199,19.74000000,2.82000000,20.6
1749266199,19.73000000,1.30000000,20.6
1749266199,19.70000000,10.00000000,20.6
1749266199,19.69000000,1.10000000,20.6
1749266199,19.68000000,340.48000000,20.6
1749266199,19.66000000,0.81000000,20.6
1749266199,19.64000000,4.74000000,20.6
1749266199,19.62000000,3.70000000,20.6
1749266199,19.61000000,11.06000000,20.6
1749266199,19.60000000,0.83000000,20.6
1749266199,19.58000000,1.91000000,20.6
1749266199,19.55000000,1.52000000,20.6
1749266199,19.54000000,0.91000000,20.6
1749266199,19.51000000,7.43000000,20.6
1749266199,19.50000000,129.90000000,20.6
1749266199,19.49000000,0.40000000,20.6
1749266199,19.48000000,1.30000000,20.6
1749266500,20.52000000,363.17000000,20.53
1749266500,20.51000000,775.31000000,20.53
1749266500,20.50000000,1209.28000000,20.53
1749266500,20.49000000,609.60000000,20.53
1749266500,20.48000000,710.30000000,20.53
1749266500,20.47000000,338.42000000,20.53
1749266500,20.46000000,207.25000000,20.53
1749266500,20.45000000,37.47000000,20.53
1749266500,20.44000000,382.36000000,20.53
1749266500,20.43000000,42.49000000,20.53
1749266500,20.42000000,393.68000000,20.53
1749266500,20.41000000,208.27000000,20.53
1749266500,20.40000000,488.81000000,20.53
1749266500,20.39000000,27.04000000,20.53
1749266500,20.38000000,402.35000000,20.53
1749266500,20.37000000,29.25000000,20.53
1749266500,20.36000000,484.68000000,20.53
1749266500,20.35000000,22.58000000,20.53
1749266500,20.34000000,256.04000000,20.53
1749266500,20.33000000,116.79000000,20.53
1749266500,20.32000000,202.91000000,20.53
1749266500,20.31000000,20.67000000,20.53
1749266500,20.30000000,197.58000000,20.53
1749266500,20.29000000,20.67000000,20.53
1749266500,20.28000000,259.70000000,20.53
1749266500,20.27000000,20.84000000,20.53
1749266500,20.26000000,295.13000000,20.53
1749266500,20.25000000,27.23000000,20.53
1749266500,20.24000000,196.59000000,20.53
1749266500,20.23000000,266.08000000,20.53
1749266500,20.22000000,200.80000000,20.53
1749266500,20.21000000,0.88000000,20.53
1749266500,20.20000000,536.73000000,20.53
1749266500,20.19000000,22.21000000,20.53
1749266500,20.18000000,98.58000000,20.53
1749266500,20.17000000,35.68000000,20.53
1749266500,20.16000000,96.79000000,20.53
1749266500,20.15000000,208.36000000,20.53
1749266500,20.14000000,258.31000000,20.53
1749266500,20.13000000,97.57000000,20.53
1749266500,20.12000000,0.50000000,20.53
1749266500,20.11000000,31.93000000,20.53
1749266500,20.10000000,0.50000000,20.53
1749266500,20.09000000,0.50000000,20.53
1749266500,20.08000000,0.50000000,20.53
1749266500,20.07000000,2.90000000,20.53
1749266500,20.06000000,1.41000000,20.53
1749266500,20.05000000,2.90000000,20.53
1749266500,20.04000000,2.42000000,20.53
1749266500,20.03000000,1.12000000,20.53
1749266500,20.02000000,25.59000000,20.53
1749266500,20.01000000,0.90000000,20.53
1749266500,20.00000000,21.56000000,20.53
1749266500,19.99000000,1.68000000,20.53
1749266500,19.98000000,0.50000000,20.53
1749266500,19.97000000,0.93000000,20.53
1749266500,19.96000000,11.33000000,20.53
1749266500,19.95000000,1004.92000000,20.53
1749266500,19.94000000,0.50000000,20.53
1749266500,19.93000000,0.50000000,20.53
1749266500,19.92000000,1.80000000,20.53
1749266500,19.91000000,0.90000000,20.53
1749266500,19.90000000,11.50000000,20.53
1749266500,19.89000000,10.08000000,20.53
1749266500,19.88000000,17.78000000,20.53
1749266500,19.87000000,0.50000000,20.53
1749266500,19.86000000,0.50000000,20.53
1749266500,19.85000000,1.41000000,20.53
1749266500,19.84000000,4.09000000,20.53
1749266500,19.83000000,2.97000000,20.53
1749266500,19.82000000,60.44000000,20.53
1749266500,19.81000000,1.09000000,20.53
1749266500,19.80000000,21.18000000,20.53
1749266500,19.79000000,0.49000000,20.53
1749266500,19.78000000,0.49000000,20.53
1749266500,19.77000000,1.79000000,20.53
1749266500,19.75000000,1.40000000,20.53
1749266500,19.74000000,2.82000000,20.53
1749266500,19.73000000,1.30000000,20.53
1749266500,19.70000000,10.00000000,20.53
1749266500,19.69000000,1.10000000,20.53
1749266500,19.68000000,340.48000000,20.53
1749266500,19.66000000,0.81000000,20.53
1749266500,19.64000000,4.74000000,20.53
1749266500,19.62000000,3.70000000,20.53
1749266500,19.61000000,11.06000000,20.53
1749266500,19.60000000,0.83000000,20.53
1749266500,19.58000000,1.91000000,20.53
1749266500,19.55000000,1.52000000,20.53
1749266500,19.54000000,0.91000000,20.53
1749266500,19.51000000,7.43000000,20.53
1749266500,19.50000000,129.90000000,20.53
1749266500,19.49000000,0.40000000,20.53
1749266500,19.48000000,1.30000000,20.53
1749266500,19.47000000,4.30000000,20.53
1749266500,19.46000000,11.85000000,20.53
1749266500,19.45000000,9.68000000,20.53
1749266500,19.44000000,3.37000000,20.53
1749266500,19.43000000,1.54000000,20.53
1749266500,19.41000000,2.40000000,20.53
1749266802,20.62000000,203.14000000,20.63
1749266802,20.61000000,299.62000000,20.63
1749266802,20.60000000,598.43000000,20.63
1749266802,20.59000000,809.71000000,20.63
1749266802,20.58000000,717.14000000,20.63
1749266802,20.57000000,170.92000000,20.63
1749266802,20.56000000,677.82000000,20.63
1749266802,20.55000000,130.83000000,20.63
1749266802,20.54000000,664.25000000,20.63
1749266802,20.53000000,74.88000000,20.63
1749266802,20.52000000,415.57000000,20.63
1749266802,20.51000000,27.66000000,20.63
1749266802,20.50000000,292.91000000,20.63
1749266802,20.49000000,433.77000000,20.63
1749266802,20.48000000,350.74000000,20.63
1749266802,20.47000000,117.52000000,20.63
1749266802,20.46000000,202.91000000,20.63
1749266802,20.45000000,27.36000000,20.63
1749266802,20.44000000,276.48000000,20.63
1749266802,20.43000000,27.36000000,20.63
1749266802,20.42000000,215.15000000,20.63
1749266802,20.41000000,28.32000000,20.63
1749266802,20.40000000,448.00000000,20.63
1749266802,20.39000000,122.88000000,20.63
1749266802,20.38000000,323.17000000,20.63
1749266802,20.37000000,22.88000000,20.63
1749266802,20.36000000,260.45000000,20.63
1749266802,20.35000000,22.58000000,20.63
1749266802,20.34000000,196.28000000,20.63
1749266802,20.33000000,20.67000000,20.63
1749266802,20.32000000,543.58000000,20.63
1749266802,20.31000000,21.03000000,20.63
1749266802,20.30000000,196.28000000,20.63
1749266802,20.29000000,20.67000000,20.63
1749266802,20.28000000,259.70000000,20.63
1749266802,20.27000000,20.84000000,20.63
1749266802,20.26000000,198.68000000,20.63
1749266802,20.25000000,27.23000000,20.63
1749266802,20.24000000,196.59000000,20.63
1749266802,20.23000000,20.68000000,20.63
1749266802,20.22000000,181.00000000,20.63
1749266802,20.21000000,0.50000000,20.63
1749266802,20.20000000,647.72000000,20.63
1749266802,20.19000000,99.19000000,20.63
1749266802,20.18000000,78.78000000,20.63
1749266802,20.17000000,0.50000000,20.63
1749266802,20.16000000,76.99000000,20.63
1749266802,20.15000000,208.36000000,20.63
1749266802,20.14000000,183.03000000,20.63
1749266802,20.13000000,0.50000000,20.63
1749266802,20.12000000,15.88000000,20.63
1749266802,20.11000000,31.93000000,20.63
1749266802,20.10000000,0.50000000,20.63
1749266802,20.09000000,0.50000000,20.63
1749266802,20.08000000,0.50000000,20.63
1749266802,20.07000000,2.90000000,20.63
1749266802,20.06000000,1.41000000,20.63
1749266802,20.05000000,2.90000000,20.63
1749266802,20.04000000,2.42000000,20.63
1749266802,20.03000000,1.12000000,20.63
1749266802,20.02000000,25.59000000,20.63
1749266802,20.01000000,0.90000000,20.63
1749266802,20.00000000,21.56000000,20.63
1749266802,19.99000000,1.68000000,20.63
1749266802,19.98000000,0.50000000,20.63
1749266802,19.97000000,0.93000000,20.63
1749266802,19.96000000,13.29000000,20.63
1749266802,19.95000000,1008.45000000,20.63
1749266802,19.94000000,0.50000000,20.63
1749266802,19.93000000,0.50000000,20.63
1749266802,19.92000000,1.80000000,20.63
1749266802,19.91000000,0.90000000,20.63
1749266802,19.90000000,11.50000000,20.63
1749266802,19.89000000,10.08000000,20.63
1749266802,19.88000000,17.78000000,20.63
1749266802,19.87000000,0.50000000,20.63
1749266802,19.85000000,0.91000000,20.63
1749266802,19.84000000,3.60000000,20.63
1749266802,19.83000000,0.50000000,20.63
1749266802,19.82000000,56.40000000,20.63
1749266802,19.81000000,0.60000000,20.63
1749266802,19.80000000,20.69000000,20.63
1749266802,19.77000000,1.30000000,20.63
1749266802,19.75000000,1.40000000,20.63
1749266802,19.74000000,2.82000000,20.63
1749266802,19.73000000,1.30000000,20.63
1749266802,19.70000000,10.00000000,20.63
1749266802,19.69000000,1.10000000,20.63
1749266802,19.68000000,340.48000000,20.63
1749266802,19.66000000,0.81000000,20.63
1749266802,19.64000000,4.74000000,20.63
1749266802,19.62000000,3.70000000,20.63
1749266802,19.61000000,11.06000000,20.63
1749266802,19.60000000,0.83000000,20.63
1749266802,19.58000000,1.91000000,20.63
1749266802,19.55000000,1.52000000,20.63
1749266802,19.54000000,0.91000000,20.63
1749266802,19.51000000,7.43000000,20.63
1749266802,19.50000000,129.90000000,20.63
1749266802,19.49000000,0.40000000,20.63
1749267103,20.57000000,63.16000000,20.57
1749267103,20.56000000,609.79000000,20.57
1749267103,20.55000000,963.06000000,20.57
1749267103,20.54000000,1086.35000000,20.57
1749267103,20.53000000,626.91000000,20.57
1749267103,20.52000000,515.42000000,20.57
1749267103,20.51000000,178.85000000,20.57
1749267103,20.50000000,678.31000000,20.57
1749267103,20.49000000,56.09000000,20.57
1749267103,20.48000000,277.71000000,20.57
1749267103,20.47000000,117.82000000,20.57
1749267103,20.46000000,507.93000000,20.57
1749267103,20.45000000,265.42000000,20.57
1749267103,20.44000000,329.27000000,20.57
1749267103,20.43000000,27.36000000,20.57
1749267103,20.42000000,215.15000000,20.57
1749267103,20.41000000,28.32000000,20.57
1749267103,20.40000000,519.43000000,20.57
1749267103,20.39000000,27.04000000,20.57
1749267103,20.38000000,197.17000000,20.57
1749267103,20.37000000,67.18000000,20.57
1749267103,20.36000000,260.45000000,20.57
1749267103,20.35000000,22.58000000,20.57
1749267103,20.34000000,292.35000000,20.57
1749267103,20.33000000,20.67000000,20.57
1749267103,20.32000000,196.58000000,20.57
1749267103,20.31000000,21.03000000,20.57
1749267103,20.30000000,196.28000000,20.57
1749267103,20.29000000,20.67000000,20.57
1749267103,20.28000000,259.70000000,20.57
1749267103,20.27000000,362.14000000,20.57
1749267103,20.26000000,198.68000000,20.57
1749267103,20.25000000,27.23000000,20.57
1749267103,20.24000000,196.59000000,20.57
1749267103,20.23000000,0.88000000,20.57
1749267103,20.22000000,200.80000000,20.57
1749267103,20.21000000,0.50000000,20.57
1749267103,20.20000000,667.82000000,20.57
1749267103,20.19000000,118.99000000,20.57
1749267103,20.18000000,98.58000000,20.57
1749267103,20.17000000,0.50000000,20.57
1749267103,20.16000000,76.99000000,20.57
1749267103,20.15000000,208.36000000,20.57
1749267103,20.14000000,183.03000000,20.57
1749267103,20.13000000,0.50000000,20.57
1749267103,20.12000000,0.50000000,20.57
1749267103,20.11000000,31.93000000,20.57
1749267103,20.10000000,0.50000000,20.57
1749267103,20.09000000,0.50000000,20.57
1749267103,20.08000000,0.50000000,20.57
1749267103,20.07000000,2.90000000,20.57
1749267103,20.06000000,1.41000000,20.57
1749267103,20.05000000,2.90000000,20.57
1749267103,20.04000000,2.42000000,20.57
1749267103,20.03000000,1.12000000,20.57
1749267103,20.02000000,25.59000000,20.57
1749267103,20.01000000,0.90000000,20.57
1749267103,20.00000000,21.56000000,20.57
1749267103,19.99000000,1.68000000,20.57
1749267103,19.98000000,0.50000000,20.57
1749267103,19.97000000,0.93000000,20.57
1749267103,19.96000000,13.29000000,20.57
1749267103,19.95000000,1008.45000000,20.57
1749267103,19.94000000,0.50000000,20.57
1749267103,19.93000000,0.50000000,20.57
1749267103,19.92000000,1.80000000,20.57
1749267103,19.91000000,0.90000000,20.57
1749267103,19.90000000,11.50000000,20.57
1749267103,19.89000000,10.08000000,20.57
1749267103,19.88000000,33.16000000,20.57
1749267103,19.87000000,0.50000000,20.57
1749267103,19.86000000,0.49000000,20.57
1749267103,19.85000000,1.40000000,20.57
1749267103,19.84000000,4.09000000,20.57
1749267103,19.83000000,0.99000000,20.57
1749267103,19.82000000,56.89000000,20.57
1749267103,19.81000000,0.60000000,20.57
1749267103,19.80000000,20.69000000,20.57
1749267103,19.79000000,0.40000000,20.57
1749267103,19.77000000,1.30000000,20.57
1749267103,19.75000000,1.40000000,20.57
1749267103,19.74000000,2.82000000,20.57
1749267103,19.73000000,1.30000000,20.57
1749267103,19.70000000,10.00000000,20.57
1749267103,19.69000000,1.10000000,20.57
1749267103,19.68000000,340.48000000,20.57
1749267103,19.66000000,0.81000000,20.57
1749267103,19.64000000,4.74000000,20.57
1749267103,19.62000000,3.70000000,20.57
1749267103,19.61000000,11.06000000,20.57
1749267103,19.60000000,0.83000000,20.57
1749267103,19.58000000,1.91000000,20.57
1749267103,19.55000000,1.52000000,20.57
1749267103,19.54000000,0.91000000,20.57
1749267103,19.51000000,7.43000000,20.57
1749267103,19.50000000,129.90000000,20.57
1749267103,19.49000000,0.40000000,20.57
1749267103,19.48000000,1.30000000,20.57
1749267103,19.47000000,4.30000000,20.57
1749267103,19.46000000,11.85000000,20.57
1749267405,20.60000000,244.71000000,20.61
1749267405,20.59000000,491.46000000,20.61
1749267405,20.58000000,604.40000000,20.61
1749267405,20.57000000,699.07000000,20.61
1749267405,20.56000000,634.19000000,20.61
1749267405,20.55000000,288.05000000,20.61
1749267405,20.54000000,689.03000000,20.61
1749267405,20.53000000,502.28000000,20.61
1749267405,20.52000000,449.24000000,20.61
1749267405,20.51000000,27.66000000,20.61
1749267405,20.50000000,203.27000000,20.61
1749267405,20.49000000,205.13000000,20.61
1749267405,20.48000000,582.34000000,20.61
1749267405,20.47000000,117.52000000,20.61
1749267405,20.46000000,202.91000000,20.61
1749267405,20.45000000,27.36000000,20.61
1749267405,20.44000000,329.27000000,20.61
1749267405,20.43000000,99.68000000,20.61
1749267405,20.42000000,215.15000000,20.61
1749267405,20.41000000,28.32000000,20.61
1749267405,20.40000000,448.00000000,20.61
1749267405,20.39000000,27.04000000,20.61
1749267405,20.38000000,197.17000000,20.61
1749267405,20.37000000,67.18000000,20.61
1749267405,20.36000000,260.45000000,20.61
1749267405,20.35000000,22.58000000,20.61
1749267405,20.34000000,292.35000000,20.61
1749267405,20.33000000,20.67000000,20.61
1749267405,20.32000000,441.08000000,20.61
1749267405,20.31000000,21.03000000,20.61
1749267405,20.30000000,196.28000000,20.61
1749267405,20.29000000,20.67000000,20.61
1749267405,20.28000000,259.70000000,20.61
1749267405,20.27000000,117.24000000,20.61
1749267405,20.26000000,198.68000000,20.61
1749267405,20.25000000,27.23000000,20.61
1749267405,20.24000000,196.59000000,20.61
1749267405,20.23000000,0.88000000,20.61
1749267405,20.22000000,181.00000000,20.61
1749267405,20.21000000,0.50000000,20.61
1749267405,20.20000000,648.02000000,20.61
1749267405,20.19000000,99.19000000,20.61
1749267405,20.18000000,78.78000000,20.61
1749267405,20.17000000,0.50000000,20.61
1749267405,20.16000000,76.99000000,20.61
1749267405,20.15000000,208.36000000,20.61
1749267405,20.14000000,183.03000000,20.61
1749267405,20.13000000,0.50000000,20.61
1749267405,20.12000000,0.50000000,20.61
1749267405,20.11000000,31.93000000,20.61
1749267405,20.10000000,0.50000000,20.61
1749267405,20.09000000,15.88000000,20.61
1749267405,20.08000000,0.50000000,20.61
1749267405,20.07000000,2.90000000,20.61
1749267405,20.06000000,1.41000000,20.61
1749267405,20.05000000,2.90000000,20.61
1749267405,20.04000000,2.42000000,20.61
1749267405,20.03000000,1.12000000,20.61
1749267405,20.02000000,25.59000000,20.61
1749267405,20.01000000,0.90000000,20.61
1749267405,20.00000000,21.56000000,20.61
1749267405,19.99000000,1.68000000,20.61
1749267405,19.98000000,0.50000000,20.61
1749267405,19.97000000,0.93000000,20.61
1749267405,19.96000000,13.29000000,20.61
1749267405,19.95000000,1008.45000000,20.61
1749267405,19.94000000,0.50000000,20.61
1749267405,19.93000000,0.50000000,20.61
1749267405,19.92000000,1.80000000,20.61
1749267405,19.91000000,0.90000000,20.61
1749267405,19.90000000,11.50000000,20.61
1749267405,19.89000000,10.08000000,20.61
1749267405,19.88000000,17.78000000,20.61
1749267405,19.87000000,0.50000000,20.61
1749267405,19.86000000,0.49000000,20.61
1749267405,19.85000000,1.40000000,20.61
1749267405,19.84000000,3.60000000,20.61
1749267405,19.83000000,0.50000000,20.61
1749267405,19.82000000,56.40000000,20.61
1749267405,19.81000000,0.60000000,20.61
1749267405,19.80000000,20.69000000,20.61
1749267405,19.79000000,0.40000000,20.61
1749267405,19.77000000,1.30000000,20.61
1749267405,19.75000000,1.40000000,20.61
1749267405,19.74000000,2.82000000,20.61
1749267405,19.73000000,1.30000000,20.61
1749267405,19.70000000,10.00000000,20.61
1749267405,19.69000000,1.10000000,20.61
1749267405,19.68000000,340.48000000,20.61
1749267405,19.66000000,0.81000000,20.61
1749267405,19.64000000,4.74000000,20.61
1749267405,19.62000000,3.70000000,20.61
1749267405,19.61000000,11.06000000,20.61
1749267405,19.60000000,0.83000000,20.61
1749267405,19.58000000,1.91000000,20.61
1749267405,19.55000000,1.52000000,20.61
1749267405,19.54000000,0.91000000,20.61
1749267405,19.51000000,7.43000000,20.61
1749267405,19.50000000,129.90000000,20.61
1749267405,19.49000000,0.40000000,20.61
1749267707,20.61000000,126.66000000,20.62
1749267707,20.60000000,697.08000000,20.62
1749267707,20.59000000,648.75000000,20.62
1749267707,20.58000000,1097.63000000,20.62
1749267707,20.57000000,700.30000000,20.62
1749267707,20.56000000,576.39000000,20.62
1749267707,20.55000000,239.47000000,20.62
1749267707,20.54000000,407.18000000,20.62
1749267707,20.53000000,102.78000000,20.62
1749267707,20.52000000,435.48000000,20.62
1749267707,20.51000000,27.66000000,20.62
1749267707,20.50000000,426.97000000,20.62
1749267707,20.49000000,180.76000000,20.62
1749267707,20.48000000,368.04000000,20.62
1749267707,20.47000000,117.52000000,20.62
1749267707,20.46000000,224.31000000,20.62
1749267707,20.45000000,27.36000000,20.62
1749267707,20.44000000,329.27000000,20.62
1749267707,20.43000000,99.68000000,20.62
1749267707,20.42000000,215.15000000,20.62
1749267707,20.41000000,28.32000000,20.62
1749267707,20.40000000,448.00000000,20.62
1749267707,20.39000000,27.04000000,20.62
1749267707,20.38000000,197.17000000,20.62
1749267707,20.37000000,67.18000000,20.62
1749267707,20.36000000,260.45000000,20.62
1749267707,20.35000000,22.58000000,20.62
1749267707,20.34000000,292.35000000,20.62
1749267707,20.33000000,264.97000000,20.62
1749267707,20.32000000,292.75000000,20.62
1749267707,20.31000000,21.03000000,20.62
1749267707,20.30000000,196.28000000,20.62
1749267707,20.29000000,20.67000000,20.62
1749267707,20.28000000,259.70000000,20.62
1749267707,20.27000000,20.84000000,20.62
1749267707,20.26000000,198.68000000,20.62
1749267707,20.25000000,27.23000000,20.62
1749267707,20.24000000,196.59000000,20.62
1749267707,20.23000000,0.88000000,20.62
1749267707,20.22000000,200.80000000,20.62
1749267707,20.21000000,0.50000000,20.62
1749267707,20.20000000,648.02000000,20.62
1749267707,20.19000000,99.19000000,20.62
1749267707,20.18000000,78.78000000,20.62
1749267707,20.17000000,0.50000000,20.62
1749267707,20.16000000,76.99000000,20.62
1749267707,20.15000000,208.36000000,20.62
1749267707,20.14000000,183.03000000,20.62
1749267707,20.13000000,0.50000000,20.62
1749267707,20.12000000,0.50000000,20.62
1749267707,20.11000000,31.93000000,20.62
1749267707,20.10000000,0.50000000,20.62
1749267707,20.09000000,0.50000000,20.62
1749267707,20.08000000,0.50000000,20.62
1749267707,20.07000000,2.90000000,20.62
1749267707,20.06000000,16.79000000,20.62
1749267707,20.05000000,2.90000000,20.62
1749267707,20.04000000,2.42000000,20.62
1749267707,20.03000000,1.12000000,20.62
1749267707,20.02000000,25.59000000,20.62
1749267707,20.01000000,0.90000000,20.62
1749267707,20.00000000,21.56000000,20.62
1749267707,19.99000000,1.68000000,20.62
1749267707,19.98000000,0.50000000,20.62
1749267707,19.97000000,0.93000000,20.62
1749267707,19.96000000,13.29000000,20.62
1749267707,19.95000000,1008.45000000,20.62
1749267707,19.94000000,0.50000000,20.62
1749267707,19.93000000,0.50000000,20.62
1749267707,19.92000000,1.80000000,20.62
1749267707,19.91000000,0.90000000,20.62
1749267707,19.90000000,11.50000000,20.62
1749267707,19.89000000,10.08000000,20.62
1749267707,19.88000000,17.78000000,20.62
1749267707,19.87000000,0.50000000,20.62
1749267707,19.86000000,0.49000000,20.62
1749267707,19.85000000,0.91000000,20.62
1749267707,19.84000000,3.60000000,20.62
1749267707,19.83000000,0.50000000,20.62
1749267707,19.82000000,56.40000000,20.62
1749267707,19.81000000,0.60000000,20.62
1749267707,19.80000000,20.69000000,20.62
1749267707,19.79000000,0.40000000,20.62
1749267707,19.77000000,1.30000000,20.62
1749267707,19.75000000,1.40000000,20.62
1749267707,19.74000000,2.82000000,20.62
1749267707,19.73000000,1.30000000,20.62
1749267707,19.70000000,10.00000000,20.62
1749267707,19.69000000,1.10000000,20.62
1749267707,19.68000000,340.48000000,20.62
1749267707,19.66000000,0.81000000,20.62
1749267707,19.64000000,4.74000000,20.62
1749267707,19.62000000,3.70000000,20.62
1749267707,19.61000000,11.06000000,20.62
1749267707,19.60000000,0.83000000,20.62
