timestamp,price,volume,current_price
1749260688,16.79000000,550.20000000,16.79
1749260688,16.78000000,1672.54000000,16.79
1749260688,16.77000000,3468.80000000,16.79
1749260688,16.76000000,2902.07000000,16.79
1749260688,16.75000000,944.20000000,16.79
1749260688,16.74000000,410.09000000,16.79
1749260688,16.73000000,1558.81000000,16.79
1749260688,16.72000000,2311.08000000,16.79
1749260688,16.71000000,1925.70000000,16.79
1749260688,16.70000000,363.37000000,16.79
1749260688,16.69000000,2201.23000000,16.79
1749260688,16.68000000,164.92000000,16.79
1749260688,16.67000000,228.99000000,16.79
1749260688,16.66000000,159.03000000,16.79
1749260688,16.65000000,298.04000000,16.79
1749260688,16.64000000,1885.26000000,16.79
1749260688,16.63000000,1024.10000000,16.79
1749260688,16.62000000,229.00000000,16.79
1749260688,16.61000000,188.12000000,16.79
1749260688,16.60000000,159.25000000,16.79
1749260688,16.59000000,161.05000000,16.79
1749260688,16.58000000,155.63000000,16.79
1749260688,16.57000000,76.19000000,16.79
1749260688,16.56000000,300.36000000,16.79
1749260688,16.55000000,1080.13000000,16.79
1749260688,16.54000000,155.72000000,16.79
1749260688,16.53000000,28.82000000,16.79
1749260688,16.52000000,64.84000000,16.79
1749260688,16.51000000,195.61000000,16.79
1749260688,16.50000000,256.80000000,16.79
1749260688,16.49000000,186.58000000,16.79
1749260688,16.48000000,1.73000000,16.79
1749260688,16.47000000,4.23000000,16.79
1749260688,16.46000000,1.79000000,16.79
1749260688,16.45000000,37.33000000,16.79
1749260688,16.44000000,30.87000000,16.79
1749260688,16.43000000,394.88000000,16.79
1749260688,16.42000000,34.59000000,16.79
1749260688,16.41000000,2.10000000,16.79
1749260688,16.40000000,23.17000000,16.79
1749260688,16.39000000,19.43000000,16.79
1749260688,16.38000000,4.42000000,16.79
1749260688,16.37000000,92.94000000,16.79
1749260688,16.36000000,1.07000000,16.79
1749260688,16.35000000,297.14000000,16.79
1749260688,16.34000000,4.70000000,16.79
1749260688,16.33000000,7.60000000,16.79
1749260688,16.32000000,20.06000000,16.79
1749260688,16.31000000,47.33000000,16.79
1749260688,16.30000000,31522.39000000,16.79
1749260688,16.29000000,0.60000000,16.79
1749260688,16.28000000,1.58000000,16.79
1749260688,16.27000000,21.50000000,16.79
1749260688,16.26000000,6.96000000,16.79
1749260688,16.25000000,155.59000000,16.79
1749260688,16.24000000,3.26000000,16.79
1749260688,16.23000000,0.60000000,16.79
1749260688,16.22000000,13.85000000,16.79
1749260688,16.21000000,52.40000000,16.79
1749260688,16.20000000,204.12000000,16.79
1749260688,16.19000000,0.60000000,16.79
1749260688,16.18000000,200.05000000,16.79
1749260688,16.17000000,18.45000000,16.79
1749260688,16.16000000,12.54000000,16.79
1749260688,16.15000000,50.97000000,16.79
1749260688,16.14000000,2.12000000,16.79
1749260688,16.13000000,24.31000000,16.79
1749260688,16.12000000,27.46000000,16.79
1749260688,16.11000000,50.52000000,16.79
1749260688,16.10000000,240.40000000,16.79
1749260688,16.09000000,3.99000000,16.79
1749260688,16.08000000,10.69000000,16.79
1749260688,16.07000000,40.85000000,16.79
1749260688,16.06000000,132.29000000,16.79
1749260688,16.05000000,49.54000000,16.79
1749260688,16.04000000,6.83000000,16.79
1749260688,16.03000000,18.81000000,16.79
1749260688,16.02000000,4.98000000,16.79
1749260688,16.01000000,14.86000000,16.79
1749260688,16.00000000,1546.23000000,16.79
1749260688,15.99000000,19.67000000,16.79
1749260688,15.98000000,4.42000000,16.79
1749260688,15.96000000,9.98000000,16.79
1749260688,15.95000000,104.86000000,16.79
1749260688,15.94000000,0.96000000,16.79
1749260688,15.93000000,12.56000000,16.79
1749260688,15.92000000,1.15000000,16.79
1749260688,15.91000000,4.70000000,16.79
1749260688,15.90000000,100.98000000,16.79
1749260688,15.89000000,36.26000000,16.79
1749260688,15.88000000,176.93000000,16.79
1749260688,15.87000000,2.26000000,16.79
1749260688,15.86000000,60.01000000,16.79
1749260688,15.85000000,127.29000000,16.79
1749260688,15.84000000,2.79000000,16.79
1749260688,15.83000000,23.37000000,16.79
1749260688,15.82000000,7.41000000,16.79
1749260688,15.81000000,29.36000000,16.79
1749260688,15.80000000,235.80000000,16.79
1749260688,15.79000000,2.78000000,16.79
1749261006,16.80000000,770.19000000,16.81
1749261006,16.79000000,2520.27000000,16.81
1749261006,16.78000000,3798.92000000,16.81
1749261006,16.77000000,2095.76000000,16.81
1749261006,16.76000000,1052.90000000,16.81
1749261006,16.75000000,1715.28000000,16.81
1749261006,16.74000000,1239.30000000,16.81
1749261006,16.73000000,1511.03000000,16.81
1749261006,16.72000000,1790.62000000,16.81
1749261006,16.71000000,359.73000000,16.81
1749261006,16.70000000,2153.51000000,16.81
1749261006,16.69000000,159.02000000,16.81
1749261006,16.68000000,161.14000000,16.81
1749261006,16.67000000,268.13000000,16.81
1749261006,16.66000000,159.03000000,16.81
1749261006,16.65000000,1123.32000000,16.81
1749261006,16.64000000,1724.58000000,16.81
1749261006,16.63000000,184.83000000,16.81
1749261006,16.62000000,236.73000000,16.81
1749261006,16.61000000,301.08000000,16.81
1749261006,16.60000000,159.25000000,16.81
1749261006,16.59000000,281.89000000,16.81
1749261006,16.58000000,155.63000000,16.81
1749261006,16.57000000,82.21000000,16.81
1749261006,16.56000000,1196.01000000,16.81
1749261006,16.55000000,191.70000000,16.81
1749261006,16.54000000,161.75000000,16.81
1749261006,16.53000000,28.82000000,16.81
1749261006,16.52000000,64.84000000,16.81
1749261006,16.51000000,74.18000000,16.81
1749261006,16.50000000,256.80000000,16.81
1749261006,16.49000000,2.00000000,16.81
1749261006,16.48000000,1.73000000,16.81
1749261006,16.47000000,34.83000000,16.81
1749261006,16.46000000,1.79000000,16.81
1749261006,16.45000000,12.17000000,16.81
1749261006,16.44000000,433.12000000,16.81
1749261006,16.43000000,0.92000000,16.81
1749261006,16.42000000,34.59000000,16.81
1749261006,16.41000000,2.10000000,16.81
1749261006,16.40000000,23.17000000,16.81
1749261006,16.39000000,0.98000000,16.81
1749261006,16.38000000,4.42000000,16.81
1749261006,16.37000000,92.94000000,16.81
1749261006,16.36000000,1.07000000,16.81
1749261006,16.35000000,297.14000000,16.81
1749261006,16.34000000,4.70000000,16.81
1749261006,16.33000000,7.60000000,16.81
1749261006,16.32000000,20.06000000,16.81
1749261006,16.31000000,458.71000000,16.81
1749261006,16.30000000,31117.12000000,16.81
1749261006,16.29000000,0.60000000,16.81
1749261006,16.28000000,1.58000000,16.81
1749261006,16.27000000,21.50000000,16.81
1749261006,16.26000000,6.96000000,16.81
1749261006,16.25000000,155.59000000,16.81
1749261006,16.24000000,3.26000000,16.81
1749261006,16.23000000,0.60000000,16.81
1749261006,16.22000000,13.85000000,16.81
1749261006,16.21000000,52.40000000,16.81
1749261006,16.20000000,204.12000000,16.81
1749261006,16.19000000,0.60000000,16.81
1749261006,16.18000000,198.15000000,16.81
1749261006,16.17000000,21.23000000,16.81
1749261006,16.16000000,9.76000000,16.81
1749261006,16.15000000,50.97000000,16.81
1749261006,16.14000000,2.12000000,16.81
1749261006,16.13000000,24.31000000,16.81
1749261006,16.12000000,27.46000000,16.81
1749261006,16.11000000,50.52000000,16.81
1749261006,16.10000000,240.40000000,16.81
1749261006,16.09000000,3.99000000,16.81
1749261006,16.08000000,10.69000000,16.81
1749261006,16.07000000,40.85000000,16.81
1749261006,16.06000000,132.29000000,16.81
1749261006,16.05000000,49.54000000,16.81
1749261006,16.04000000,6.23000000,16.81
1749261006,16.03000000,18.81000000,16.81
1749261006,16.02000000,4.98000000,16.81
1749261006,16.01000000,14.86000000,16.81
1749261006,16.00000000,1546.23000000,16.81
1749261006,15.99000000,19.67000000,16.81
1749261006,15.98000000,4.42000000,16.81
1749261006,15.96000000,9.98000000,16.81
1749261006,15.95000000,104.86000000,16.81
1749261006,15.94000000,0.96000000,16.81
1749261006,15.93000000,12.56000000,16.81
1749261006,15.92000000,1.15000000,16.81
1749261006,15.91000000,4.70000000,16.81
1749261006,15.90000000,100.98000000,16.81
1749261006,15.89000000,36.26000000,16.81
1749261006,15.88000000,176.93000000,16.81
1749261006,15.87000000,2.26000000,16.81
1749261006,15.86000000,60.01000000,16.81
1749261006,15.85000000,127.29000000,16.81
1749261006,15.84000000,2.79000000,16.81
1749261006,15.83000000,23.37000000,16.81
1749261006,15.82000000,7.41000000,16.81
1749261006,15.81000000,29.36000000,16.81
1749261006,15.80000000,235.80000000,16.81
1749261313,16.79000000,515.38000000,16.79
1749261313,16.78000000,1929.45000000,16.79
1749261313,16.77000000,3557.76000000,16.79
1749261313,16.76000000,2616.93000000,16.79
1749261313,16.75000000,1619.74000000,16.79
1749261313,16.74000000,453.85000000,16.79
1749261313,16.73000000,2403.28000000,16.79
1749261313,16.72000000,1802.54000000,16.79
1749261313,16.71000000,417.56000000,16.79
1749261313,16.70000000,2153.51000000,16.79
1749261313,16.69000000,159.02000000,16.79
1749261313,16.68000000,161.14000000,16.79
1749261313,16.67000000,268.13000000,16.79
1749261313,16.66000000,159.03000000,16.79
1749261313,16.65000000,296.35000000,16.79
1749261313,16.64000000,2557.28000000,16.79
1749261313,16.63000000,184.83000000,16.79
1749261313,16.62000000,236.74000000,16.79
1749261313,16.61000000,301.08000000,16.79
1749261313,16.60000000,159.25000000,16.79
1749261313,16.59000000,161.05000000,16.79
1749261313,16.58000000,181.71000000,16.79
1749261313,16.57000000,76.19000000,16.79
1749261313,16.56000000,1175.93000000,16.79
1749261313,16.55000000,346.61000000,16.79
1749261313,16.54000000,155.72000000,16.79
1749261313,16.53000000,1.05000000,16.79
1749261313,16.52000000,64.84000000,16.79
1749261313,16.51000000,74.18000000,16.79
1749261313,16.50000000,256.80000000,16.79
1749261313,16.49000000,2.00000000,16.79
1749261313,16.48000000,1.73000000,16.79
1749261313,16.47000000,4.23000000,16.79
1749261313,16.46000000,35.73000000,16.79
1749261313,16.45000000,6.11000000,16.79
1749261313,16.44000000,435.61000000,16.79
1749261313,16.43000000,0.92000000,16.79
1749261313,16.42000000,34.59000000,16.79
1749261313,16.41000000,2.10000000,16.79
1749261313,16.40000000,23.17000000,16.79
1749261313,16.39000000,0.98000000,16.79
1749261313,16.38000000,4.42000000,16.79
1749261313,16.37000000,92.94000000,16.79
1749261313,16.36000000,1.07000000,16.79
1749261313,16.35000000,297.14000000,16.79
1749261313,16.34000000,4.70000000,16.79
1749261313,16.33000000,7.60000000,16.79
1749261313,16.32000000,20.06000000,16.79
1749261313,16.31000000,458.71000000,16.79
1749261313,16.30000000,31117.12000000,16.79
1749261313,16.29000000,0.60000000,16.79
1749261313,16.28000000,1.58000000,16.79
1749261313,16.27000000,21.50000000,16.79
1749261313,16.26000000,6.96000000,16.79
1749261313,16.25000000,155.59000000,16.79
1749261313,16.24000000,3.26000000,16.79
1749261313,16.23000000,0.60000000,16.79
1749261313,16.22000000,13.85000000,16.79
1749261313,16.21000000,52.40000000,16.79
1749261313,16.20000000,204.12000000,16.79
1749261313,16.19000000,0.60000000,16.79
1749261313,16.18000000,198.15000000,16.79
1749261313,16.17000000,21.23000000,16.79
1749261313,16.16000000,9.76000000,16.79
1749261313,16.15000000,50.97000000,16.79
1749261313,16.14000000,2.12000000,16.79
1749261313,16.13000000,24.31000000,16.79
1749261313,16.12000000,27.46000000,16.79
1749261313,16.11000000,50.52000000,16.79
1749261313,16.10000000,240.40000000,16.79
1749261313,16.09000000,3.99000000,16.79
1749261313,16.08000000,10.69000000,16.79
1749261313,16.07000000,40.85000000,16.79
1749261313,16.06000000,132.29000000,16.79
1749261313,16.05000000,49.54000000,16.79
1749261313,16.04000000,6.83000000,16.79
1749261313,16.03000000,18.81000000,16.79
1749261313,16.02000000,4.98000000,16.79
1749261313,16.01000000,14.86000000,16.79
1749261313,16.00000000,1546.23000000,16.79
1749261313,15.99000000,19.67000000,16.79
1749261313,15.98000000,4.42000000,16.79
1749261313,15.96000000,9.98000000,16.79
1749261313,15.95000000,104.86000000,16.79
1749261313,15.94000000,0.96000000,16.79
1749261313,15.93000000,12.56000000,16.79
1749261313,15.92000000,1.15000000,16.79
1749261313,15.91000000,4.70000000,16.79
1749261313,15.90000000,100.98000000,16.79
1749261313,15.89000000,36.26000000,16.79
1749261313,15.88000000,176.93000000,16.79
1749261313,15.87000000,2.26000000,16.79
1749261313,15.86000000,60.01000000,16.79
1749261313,15.85000000,127.29000000,16.79
1749261313,15.84000000,2.79000000,16.79
1749261313,15.83000000,23.37000000,16.79
1749261313,15.82000000,7.41000000,16.79
1749261313,15.81000000,29.36000000,16.79
1749261313,15.80000000,235.80000000,16.79
1749261313,15.79000000,2.78000000,16.79
1749261614,16.79000000,633.09000000,16.8
1749261614,16.78000000,2878.38000000,16.8
1749261614,16.77000000,3383.11000000,16.8
1749261614,16.76000000,1838.09000000,16.8
1749261614,16.75000000,1928.91000000,16.8
1749261614,16.74000000,459.80000000,16.8
1749261614,16.73000000,2165.76000000,16.8
1749261614,16.72000000,2035.41000000,16.8
1749261614,16.71000000,417.58000000,16.8
1749261614,16.70000000,2147.58000000,16.8
1749261614,16.69000000,159.03000000,16.8
1749261614,16.68000000,161.15000000,16.8
1749261614,16.67000000,268.14000000,16.8
1749261614,16.66000000,159.03000000,16.8
1749261614,16.65000000,296.35000000,16.8
1749261614,16.64000000,2557.34000000,16.8
1749261614,16.63000000,184.83000000,16.8
1749261614,16.62000000,229.00000000,16.8
1749261614,16.61000000,308.82000000,16.8
1749261614,16.60000000,159.25000000,16.8
1749261614,16.59000000,161.05000000,16.8
1749261614,16.58000000,155.63000000,16.8
1749261614,16.57000000,76.19000000,16.8
1749261614,16.56000000,1175.93000000,16.8
1749261614,16.55000000,191.70000000,16.8
1749261614,16.54000000,155.72000000,16.8
1749261614,16.53000000,1.05000000,16.8
1749261614,16.52000000,64.84000000,16.8
1749261614,16.51000000,195.61000000,16.8
1749261614,16.50000000,256.80000000,16.8
1749261614,16.49000000,2.00000000,16.8
1749261614,16.48000000,1.73000000,16.8
1749261614,16.47000000,4.23000000,16.8
1749261614,16.46000000,1.79000000,16.8
1749261614,16.45000000,6.11000000,16.8
1749261614,16.44000000,405.20000000,16.8
1749261614,16.43000000,0.92000000,16.8
1749261614,16.42000000,34.59000000,16.8
1749261614,16.41000000,2.10000000,16.8
1749261614,16.40000000,23.17000000,16.8
1749261614,16.39000000,0.98000000,16.8
1749261614,16.38000000,4.42000000,16.8
1749261614,16.37000000,92.94000000,16.8
1749261614,16.36000000,1.07000000,16.8
1749261614,16.35000000,297.14000000,16.8
1749261614,16.34000000,4.70000000,16.8
1749261614,16.33000000,7.60000000,16.8
1749261614,16.32000000,20.06000000,16.8
1749261614,16.31000000,458.71000000,16.8
1749261614,16.30000000,31117.12000000,16.8
1749261614,16.29000000,0.60000000,16.8
1749261614,16.28000000,1.58000000,16.8
1749261614,16.27000000,21.50000000,16.8
1749261614,16.26000000,6.96000000,16.8
1749261614,16.25000000,155.59000000,16.8
1749261614,16.24000000,3.26000000,16.8
1749261614,16.23000000,0.60000000,16.8
1749261614,16.22000000,13.85000000,16.8
1749261614,16.21000000,52.40000000,16.8
1749261614,16.20000000,204.12000000,16.8
1749261614,16.19000000,0.60000000,16.8
1749261614,16.18000000,198.15000000,16.8
1749261614,16.17000000,21.23000000,16.8
1749261614,16.16000000,9.76000000,16.8
1749261614,16.15000000,50.97000000,16.8
1749261614,16.14000000,2.12000000,16.8
1749261614,16.13000000,24.31000000,16.8
1749261614,16.12000000,27.46000000,16.8
1749261614,16.11000000,50.52000000,16.8
1749261614,16.10000000,240.40000000,16.8
1749261614,16.09000000,3.99000000,16.8
1749261614,16.08000000,10.69000000,16.8
1749261614,16.07000000,40.85000000,16.8
1749261614,16.06000000,132.29000000,16.8
1749261614,16.05000000,49.54000000,16.8
1749261614,16.04000000,6.83000000,16.8
1749261614,16.03000000,18.81000000,16.8
1749261614,16.02000000,4.98000000,16.8
1749261614,16.01000000,14.86000000,16.8
1749261614,16.00000000,1546.23000000,16.8
1749261614,15.99000000,19.67000000,16.8
1749261614,15.98000000,4.42000000,16.8
1749261614,15.96000000,9.98000000,16.8
1749261614,15.95000000,104.86000000,16.8
1749261614,15.94000000,0.96000000,16.8
1749261614,15.93000000,12.56000000,16.8
1749261614,15.92000000,1.15000000,16.8
1749261614,15.91000000,4.70000000,16.8
1749261614,15.90000000,100.98000000,16.8
1749261614,15.89000000,36.26000000,16.8
1749261614,15.88000000,176.93000000,16.8
1749261614,15.87000000,2.26000000,16.8
1749261614,15.86000000,60.01000000,16.8
1749261614,15.85000000,127.29000000,16.8
1749261614,15.84000000,2.79000000,16.8
1749261614,15.83000000,23.37000000,16.8
1749261614,15.82000000,7.41000000,16.8
1749261614,15.81000000,29.36000000,16.8
1749261614,15.80000000,235.80000000,16.8
1749261614,15.79000000,2.78000000,16.8
1749261916,16.79000000,826.07000000,16.79
1749261916,16.78000000,1650.97000000,16.79
1749261916,16.77000000,3136.61000000,16.79
1749261916,16.76000000,2936.38000000,16.79
1749261916,16.75000000,1053.68000000,16.79
1749261916,16.74000000,1273.10000000,16.79
1749261916,16.73000000,2548.25000000,16.79
1749261916,16.72000000,2143.67000000,16.79
1749261916,16.71000000,371.60000000,16.79
1749261916,16.70000000,2147.58000000,16.79
1749261916,16.69000000,171.34000000,16.79
1749261916,16.68000000,219.04000000,16.79
1749261916,16.67000000,159.03000000,16.79
1749261916,16.66000000,159.03000000,16.79
1749261916,16.65000000,296.35000000,16.79
1749261916,16.64000000,2672.55000000,16.79
1749261916,16.63000000,184.83000000,16.79
1749261916,16.62000000,236.74000000,16.79
1749261916,16.61000000,301.08000000,16.79
1749261916,16.60000000,159.25000000,16.79
1749261916,16.59000000,161.05000000,16.79
1749261916,16.58000000,155.63000000,16.79
1749261916,16.57000000,102.28000000,16.79
1749261916,16.56000000,1175.93000000,16.79
1749261916,16.55000000,70.56000000,16.79
1749261916,16.54000000,189.51000000,16.79
1749261916,16.53000000,1.05000000,16.79
1749261916,16.52000000,64.84000000,16.79
1749261916,16.51000000,317.04000000,16.79
1749261916,16.50000000,256.80000000,16.79
1749261916,16.49000000,2.00000000,16.79
1749261916,16.48000000,1.73000000,16.79
1749261916,16.47000000,4.23000000,16.79
1749261916,16.46000000,94.52000000,16.79
1749261916,16.45000000,40.07000000,16.79
1749261916,16.44000000,405.20000000,16.79
1749261916,16.43000000,0.92000000,16.79
1749261916,16.42000000,34.59000000,16.79
1749261916,16.41000000,2.10000000,16.79
1749261916,16.40000000,23.17000000,16.79
1749261916,16.39000000,0.98000000,16.79
1749261916,16.38000000,4.42000000,16.79
1749261916,16.37000000,92.94000000,16.79
1749261916,16.36000000,1.07000000,16.79
1749261916,16.35000000,297.14000000,16.79
1749261916,16.34000000,4.70000000,16.79
1749261916,16.33000000,7.60000000,16.79
1749261916,16.32000000,20.06000000,16.79
1749261916,16.31000000,458.71000000,16.79
1749261916,16.30000000,31117.12000000,16.79
1749261916,16.29000000,0.60000000,16.79
1749261916,16.28000000,1.58000000,16.79
1749261916,16.27000000,21.50000000,16.79
1749261916,16.26000000,6.96000000,16.79
1749261916,16.25000000,155.59000000,16.79
1749261916,16.24000000,3.26000000,16.79
1749261916,16.23000000,0.60000000,16.79
1749261916,16.22000000,13.85000000,16.79
1749261916,16.21000000,52.40000000,16.79
1749261916,16.20000000,204.12000000,16.79
1749261916,16.19000000,0.60000000,16.79
1749261916,16.18000000,198.15000000,16.79
1749261916,16.17000000,21.23000000,16.79
1749261916,16.16000000,9.76000000,16.79
1749261916,16.15000000,50.97000000,16.79
1749261916,16.14000000,2.12000000,16.79
1749261916,16.13000000,24.31000000,16.79
1749261916,16.12000000,27.46000000,16.79
1749261916,16.11000000,50.52000000,16.79
1749261916,16.10000000,240.40000000,16.79
1749261916,16.09000000,3.99000000,16.79
1749261916,16.08000000,10.69000000,16.79
1749261916,16.07000000,40.85000000,16.79
1749261916,16.06000000,132.29000000,16.79
1749261916,16.05000000,49.54000000,16.79
1749261916,16.04000000,6.83000000,16.79
1749261916,16.03000000,18.81000000,16.79
1749261916,16.02000000,4.98000000,16.79
1749261916,16.01000000,14.86000000,16.79
1749261916,16.00000000,1546.23000000,16.79
1749261916,15.99000000,19.67000000,16.79
1749261916,15.98000000,4.42000000,16.79
1749261916,15.96000000,9.98000000,16.79
1749261916,15.95000000,104.86000000,16.79
1749261916,15.94000000,0.96000000,16.79
1749261916,15.93000000,12.56000000,16.79
1749261916,15.92000000,1.15000000,16.79
1749261916,15.91000000,4.70000000,16.79
1749261916,15.90000000,100.98000000,16.79
1749261916,15.89000000,36.26000000,16.79
1749261916,15.88000000,176.93000000,16.79
1749261916,15.87000000,2.26000000,16.79
1749261916,15.86000000,60.01000000,16.79
1749261916,15.85000000,127.29000000,16.79
1749261916,15.84000000,2.79000000,16.79
1749261916,15.83000000,23.37000000,16.79
1749261916,15.82000000,7.41000000,16.79
1749261916,15.81000000,29.36000000,16.79
1749261916,15.80000000,235.80000000,16.79
1749261916,15.79000000,2.78000000,16.79
1749262217,16.80000000,345.68000000,16.8
1749262217,16.79000000,1818.39000000,16.8
1749262217,16.78000000,3248.29000000,16.8
1749262217,16.77000000,3024.12000000,16.8
1749262217,16.76000000,1098.62000000,16.8
1749262217,16.75000000,1401.94000000,16.8
1749262217,16.74000000,1098.42000000,16.8
1749262217,16.73000000,2240.11000000,16.8
1749262217,16.72000000,1904.73000000,16.8
1749262217,16.71000000,371.60000000,16.8
1749262217,16.70000000,2147.58000000,16.8
1749262217,16.69000000,171.34000000,16.8
1749262217,16.68000000,219.04000000,16.8
1749262217,16.67000000,159.03000000,16.8
1749262217,16.66000000,159.03000000,16.8
1749262217,16.65000000,296.35000000,16.8
1749262217,16.64000000,2671.88000000,16.8
1749262217,16.63000000,259.36000000,16.8
1749262217,16.62000000,162.16000000,16.8
1749262217,16.61000000,301.08000000,16.8
1749262217,16.60000000,159.25000000,16.8
1749262217,16.59000000,161.05000000,16.8
1749262217,16.58000000,181.71000000,16.8
1749262217,16.57000000,76.19000000,16.8
1749262217,16.56000000,1175.93000000,16.8
1749262217,16.55000000,104.33000000,16.8
1749262217,16.54000000,155.72000000,16.8
1749262217,16.53000000,1.05000000,16.8
1749262217,16.52000000,64.84000000,16.8
1749262217,16.51000000,317.04000000,16.8
1749262217,16.50000000,256.80000000,16.8
1749262217,16.49000000,2.00000000,16.8
1749262217,16.48000000,1.73000000,16.8
1749262217,16.47000000,4.23000000,16.8
1749262217,16.46000000,65.46000000,16.8
1749262217,16.45000000,6.11000000,16.8
1749262217,16.44000000,405.20000000,16.8
1749262217,16.43000000,0.92000000,16.8
1749262217,16.42000000,34.59000000,16.8
1749262217,16.41000000,2.10000000,16.8
1749262217,16.40000000,23.17000000,16.8
1749262217,16.39000000,0.98000000,16.8
1749262217,16.38000000,4.42000000,16.8
1749262217,16.37000000,92.94000000,16.8
1749262217,16.36000000,1.07000000,16.8
1749262217,16.35000000,297.14000000,16.8
1749262217,16.34000000,4.70000000,16.8
1749262217,16.33000000,7.60000000,16.8
1749262217,16.32000000,20.06000000,16.8
1749262217,16.31000000,458.71000000,16.8
1749262217,16.30000000,31117.12000000,16.8
1749262217,16.29000000,0.60000000,16.8
1749262217,16.28000000,1.58000000,16.8
1749262217,16.27000000,21.50000000,16.8
1749262217,16.26000000,6.96000000,16.8
1749262217,16.25000000,155.59000000,16.8
1749262217,16.24000000,3.26000000,16.8
1749262217,16.23000000,0.60000000,16.8
1749262217,16.22000000,13.85000000,16.8
1749262217,16.21000000,52.40000000,16.8
1749262217,16.20000000,204.12000000,16.8
1749262217,16.19000000,0.60000000,16.8
1749262217,16.18000000,198.15000000,16.8
1749262217,16.17000000,21.23000000,16.8
1749262217,16.16000000,9.76000000,16.8
1749262217,16.15000000,50.97000000,16.8
1749262217,16.14000000,2.12000000,16.8
1749262217,16.13000000,24.31000000,16.8
1749262217,16.12000000,27.46000000,16.8
1749262217,16.11000000,50.52000000,16.8
1749262217,16.10000000,240.40000000,16.8
1749262217,16.09000000,3.99000000,16.8
1749262217,16.08000000,10.69000000,16.8
1749262217,16.07000000,40.20000000,16.8
1749262217,16.06000000,132.29000000,16.8
1749262217,16.05000000,50.20000000,16.8
1749262217,16.04000000,6.23000000,16.8
1749262217,16.03000000,18.81000000,16.8
1749262217,16.02000000,4.98000000,16.8
1749262217,16.01000000,14.86000000,16.8
1749262217,16.00000000,1546.23000000,16.8
1749262217,15.99000000,19.67000000,16.8
1749262217,15.98000000,4.42000000,16.8
1749262217,15.96000000,9.98000000,16.8
1749262217,15.95000000,104.86000000,16.8
1749262217,15.94000000,0.96000000,16.8
1749262217,15.93000000,12.56000000,16.8
1749262217,15.92000000,1.15000000,16.8
1749262217,15.91000000,4.70000000,16.8
1749262217,15.90000000,100.98000000,16.8
1749262217,15.89000000,36.26000000,16.8
1749262217,15.88000000,176.93000000,16.8
1749262217,15.87000000,2.26000000,16.8
1749262217,15.86000000,60.01000000,16.8
1749262217,15.85000000,127.29000000,16.8
1749262217,15.84000000,2.79000000,16.8
1749262217,15.83000000,23.37000000,16.8
1749262217,15.82000000,7.41000000,16.8
1749262217,15.81000000,29.36000000,16.8
1749262217,15.80000000,235.80000000,16.8
1749262519,16.82000000,1010.46000000,16.83
1749262519,16.81000000,1821.27000000,16.83
1749262519,16.80000000,3953.92000000,16.83
1749262519,16.79000000,2395.97000000,16.83
1749262519,16.78000000,1337.42000000,16.83
1749262519,16.77000000,969.26000000,16.83
1749262519,16.76000000,2226.79000000,16.83
1749262519,16.75000000,523.69000000,16.83
1749262519,16.74000000,2939.69000000,16.83
1749262519,16.73000000,341.63000000,16.83
1749262519,16.72000000,182.91000000,16.83
1749262519,16.71000000,250.51000000,16.83
1749262519,16.70000000,2147.25000000,16.83
1749262519,16.69000000,171.01000000,16.83
1749262519,16.68000000,328.83000000,16.83
1749262519,16.67000000,1099.99000000,16.83
1749262519,16.66000000,159.03000000,16.83
1749262519,16.65000000,314.46000000,16.83
1749262519,16.64000000,1730.53000000,16.83
1749262519,16.63000000,184.83000000,16.83
1749262519,16.62000000,154.42000000,16.83
1749262519,16.61000000,194.39000000,16.83
1749262519,16.60000000,171.27000000,16.83
1749262519,16.59000000,281.89000000,16.83
1749262519,16.58000000,177.30000000,16.83
1749262519,16.57000000,88.23000000,16.83
1749262519,16.56000000,1175.93000000,16.83
1749262519,16.55000000,70.56000000,16.83
1749262519,16.54000000,155.72000000,16.83
1749262519,16.53000000,1.05000000,16.83
1749262519,16.52000000,1.84000000,16.83
1749262519,16.51000000,132.61000000,16.83
1749262519,16.50000000,193.80000000,16.83
1749262519,16.49000000,23.78000000,16.83
1749262519,16.48000000,13.84000000,16.83
1749262519,16.47000000,34.91000000,16.83
1749262519,16.46000000,1.79000000,16.83
1749262519,16.45000000,6.11000000,16.83
1749262519,16.44000000,405.20000000,16.83
1749262519,16.43000000,0.92000000,16.83
1749262519,16.42000000,34.59000000,16.83
1749262519,16.41000000,2.10000000,16.83
1749262519,16.40000000,23.17000000,16.83
1749262519,16.39000000,0.98000000,16.83
1749262519,16.38000000,4.42000000,16.83
1749262519,16.37000000,92.94000000,16.83
1749262519,16.36000000,1.07000000,16.83
1749262519,16.35000000,297.14000000,16.83
1749262519,16.34000000,4.70000000,16.83
1749262519,16.33000000,7.60000000,16.83
1749262519,16.32000000,20.06000000,16.83
1749262519,16.31000000,458.71000000,16.83
1749262519,16.30000000,31117.12000000,16.83
1749262519,16.29000000,0.60000000,16.83
1749262519,16.28000000,1.58000000,16.83
1749262519,16.27000000,21.50000000,16.83
1749262519,16.26000000,6.96000000,16.83
1749262519,16.25000000,155.59000000,16.83
1749262519,16.24000000,3.26000000,16.83
1749262519,16.23000000,0.60000000,16.83
1749262519,16.22000000,13.85000000,16.83
1749262519,16.21000000,52.40000000,16.83
1749262519,16.20000000,204.12000000,16.83
1749262519,16.19000000,3.37000000,16.83
1749262519,16.18000000,198.15000000,16.83
1749262519,16.17000000,18.45000000,16.83
1749262519,16.16000000,9.76000000,16.83
1749262519,16.15000000,50.97000000,16.83
1749262519,16.14000000,2.12000000,16.83
1749262519,16.13000000,24.31000000,16.83
1749262519,16.12000000,27.46000000,16.83
1749262519,16.11000000,50.52000000,16.83
1749262519,16.10000000,240.40000000,16.83
1749262519,16.09000000,3.99000000,16.83
1749262519,16.08000000,10.69000000,16.83
1749262519,16.07000000,40.20000000,16.83
1749262519,16.06000000,131.69000000,16.83
1749262519,16.05000000,49.60000000,16.83
1749262519,16.04000000,6.23000000,16.83
1749262519,16.03000000,18.81000000,16.83
1749262519,16.02000000,4.98000000,16.83
1749262519,16.01000000,14.86000000,16.83
1749262519,16.00000000,1546.23000000,16.83
1749262519,15.99000000,19.67000000,16.83
1749262519,15.98000000,4.42000000,16.83
1749262519,15.96000000,9.98000000,16.83
1749262519,15.95000000,104.86000000,16.83
1749262519,15.94000000,0.96000000,16.83
1749262519,15.93000000,12.56000000,16.83
1749262519,15.92000000,1.15000000,16.83
1749262519,15.91000000,4.70000000,16.83
1749262519,15.90000000,100.98000000,16.83
1749262519,15.89000000,36.26000000,16.83
1749262519,15.88000000,176.93000000,16.83
1749262519,15.87000000,2.26000000,16.83
1749262519,15.86000000,60.01000000,16.83
1749262519,15.85000000,127.29000000,16.83
1749262519,15.84000000,2.79000000,16.83
1749262519,15.83000000,23.37000000,16.83
1749262519,15.82000000,7.41000000,16.83
1749262821,16.82000000,887.65000000,16.82
1749262821,16.81000000,3202.50000000,16.82
1749262821,16.80000000,2912.88000000,16.82
1749262821,16.79000000,1732.95000000,16.82
1749262821,16.78000000,2206.97000000,16.82
1749262821,16.77000000,803.60000000,16.82
1749262821,16.76000000,2567.06000000,16.82
1749262821,16.75000000,655.75000000,16.82
1749262821,16.74000000,1767.45000000,16.82
1749262821,16.73000000,2226.22000000,16.82
1749262821,16.72000000,182.18000000,16.82
1749262821,16.71000000,250.51000000,16.82
1749262821,16.70000000,268.23000000,16.82
1749262821,16.69000000,159.03000000,16.82
1749262821,16.68000000,270.94000000,16.82
1749262821,16.67000000,990.32000000,16.82
1749262821,16.66000000,159.03000000,16.82
1749262821,16.65000000,308.51000000,16.82
1749262821,16.64000000,1724.58000000,16.82
1749262821,16.63000000,184.83000000,16.82
1749262821,16.62000000,174.43000000,16.82
1749262821,16.61000000,189.61000000,16.82
1749262821,16.60000000,159.25000000,16.82
1749262821,16.59000000,309.56000000,16.82
1749262821,16.58000000,161.65000000,16.82
1749262821,16.57000000,76.19000000,16.82
1749262821,16.56000000,1172.69000000,16.82
1749262821,16.55000000,191.70000000,16.82
1749262821,16.54000000,155.72000000,16.82
1749262821,16.53000000,1.05000000,16.82
1749262821,16.52000000,1.84000000,16.82
1749262821,16.51000000,11.18000000,16.82
1749262821,16.50000000,221.63000000,16.82
1749262821,16.49000000,8.05000000,16.82
1749262821,16.48000000,32.51000000,16.82
1749262821,16.47000000,4.23000000,16.82
1749262821,16.46000000,1.79000000,16.82
1749262821,16.45000000,6.11000000,16.82
1749262821,16.44000000,405.20000000,16.82
1749262821,16.43000000,0.92000000,16.82
1749262821,16.42000000,34.59000000,16.82
1749262821,16.41000000,2.10000000,16.82
1749262821,16.40000000,23.17000000,16.82
1749262821,16.39000000,0.98000000,16.82
1749262821,16.38000000,4.42000000,16.82
1749262821,16.37000000,92.94000000,16.82
1749262821,16.36000000,1.07000000,16.82
1749262821,16.35000000,297.14000000,16.82
1749262821,16.34000000,4.70000000,16.82
1749262821,16.33000000,7.60000000,16.82
1749262821,16.32000000,20.06000000,16.82
1749262821,16.31000000,458.71000000,16.82
1749262821,16.30000000,31117.12000000,16.82
1749262821,16.29000000,0.60000000,16.82
1749262821,16.28000000,1.58000000,16.82
1749262821,16.27000000,21.50000000,16.82
1749262821,16.26000000,6.96000000,16.82
1749262821,16.25000000,155.59000000,16.82
1749262821,16.24000000,3.26000000,16.82
1749262821,16.23000000,0.60000000,16.82
1749262821,16.22000000,13.85000000,16.82
1749262821,16.21000000,52.40000000,16.82
1749262821,16.20000000,204.12000000,16.82
1749262821,16.19000000,3.37000000,16.82
1749262821,16.18000000,198.15000000,16.82
1749262821,16.17000000,18.45000000,16.82
1749262821,16.16000000,9.76000000,16.82
1749262821,16.15000000,50.97000000,16.82
1749262821,16.14000000,2.12000000,16.82
1749262821,16.13000000,24.31000000,16.82
1749262821,16.12000000,27.46000000,16.82
1749262821,16.11000000,50.52000000,16.82
1749262821,16.10000000,240.40000000,16.82
1749262821,16.09000000,3.99000000,16.82
1749262821,16.08000000,10.69000000,16.82
1749262821,16.07000000,40.20000000,16.82
1749262821,16.06000000,131.69000000,16.82
1749262821,16.05000000,49.60000000,16.82
1749262821,16.04000000,6.23000000,16.82
1749262821,16.03000000,18.81000000,16.82
1749262821,16.02000000,4.98000000,16.82
1749262821,16.01000000,14.86000000,16.82
1749262821,16.00000000,1546.23000000,16.82
1749262821,15.99000000,19.67000000,16.82
1749262821,15.98000000,4.42000000,16.82
1749262821,15.96000000,9.98000000,16.82
1749262821,15.95000000,104.86000000,16.82
1749262821,15.94000000,0.96000000,16.82
1749262821,15.93000000,12.56000000,16.82
1749262821,15.92000000,1.15000000,16.82
1749262821,15.91000000,4.70000000,16.82
1749262821,15.90000000,100.98000000,16.82
1749262821,15.89000000,36.26000000,16.82
1749262821,15.88000000,176.93000000,16.82
1749262821,15.87000000,2.26000000,16.82
1749262821,15.86000000,60.01000000,16.82
1749262821,15.85000000,127.29000000,16.82
1749262821,15.84000000,2.79000000,16.82
1749262821,15.83000000,23.37000000,16.82
1749262821,15.82000000,7.41000000,16.82
1749263122,16.90000000,717.74000000,16.9
1749263122,16.89000000,4169.69000000,16.9
1749263122,16.88000000,45062.23000000,16.9
1749263122,16.87000000,2762.10000000,16.9
1749263122,16.86000000,1718.39000000,16.9
1749263122,16.85000000,1276.26000000,16.9
1749263122,16.84000000,462.45000000,16.9
1749263122,16.83000000,1177.55000000,16.9
1749263122,16.82000000,566.96000000,16.9
1749263122,16.81000000,625.58000000,16.9
1749263122,16.80000000,375.01000000,16.9
1749263122,16.79000000,1119.31000000,16.9
1749263122,16.78000000,393.48000000,16.9
1749263122,16.77000000,1352.93000000,16.9
1749263122,16.76000000,1647.39000000,16.9
1749263122,16.75000000,213.84000000,16.9
1749263122,16.74000000,2225.84000000,16.9
1749263122,16.73000000,1158.69000000,16.9
1749263122,16.72000000,81.65000000,16.9
1749263122,16.71000000,168.23000000,16.9
1749263122,16.70000000,64.50000000,16.9
1749263122,16.69000000,1750.38000000,16.9
1749263122,16.68000000,66.54000000,16.9
1749263122,16.67000000,149.15000000,16.9
1749263122,16.66000000,195.79000000,16.9
1749263122,16.65000000,218.21000000,16.9
1749263122,16.64000000,170.18000000,16.9
1749263122,16.63000000,33.26000000,16.9
1749263122,16.62000000,47.54000000,16.9
1749263122,16.61000000,1012.98000000,16.9
1749263122,16.60000000,180.63000000,16.9
1749263122,16.59000000,225.79000000,16.9
1749263122,16.58000000,4.06000000,16.9
1749263122,16.57000000,13.19000000,16.9
1749263122,16.56000000,39.68000000,16.9
1749263122,16.55000000,2.36000000,16.9
1749263122,16.54000000,4.15000000,16.9
1749263122,16.53000000,31.55000000,16.9
1749263122,16.52000000,1.84000000,16.9
1749263122,16.51000000,11.18000000,16.9
1749263122,16.50000000,193.80000000,16.9
1749263122,16.49000000,1.55000000,16.9
1749263122,16.48000000,421.39000000,16.9
1749263122,16.47000000,1.96000000,16.9
1749263122,16.46000000,1.79000000,16.9
1749263122,16.45000000,6.11000000,16.9
1749263122,16.44000000,2.95000000,16.9
1749263122,16.43000000,0.92000000,16.9
1749263122,16.42000000,34.59000000,16.9
1749263122,16.41000000,2.10000000,16.9
1749263122,16.40000000,22.83000000,16.9
1749263122,16.39000000,0.98000000,16.9
1749263122,16.38000000,4.42000000,16.9
1749263122,16.37000000,92.94000000,16.9
1749263122,16.36000000,1.07000000,16.9
1749263122,16.35000000,704.05000000,16.9
1749263122,16.34000000,4.70000000,16.9
1749263122,16.33000000,7.60000000,16.9
1749263122,16.32000000,20.06000000,16.9
1749263122,16.31000000,47.33000000,16.9
1749263122,16.30000000,31117.12000000,16.9
1749263122,16.29000000,0.60000000,16.9
1749263122,16.28000000,1.58000000,16.9
1749263122,16.27000000,21.50000000,16.9
1749263122,16.26000000,6.96000000,16.9
1749263122,16.25000000,155.59000000,16.9
1749263122,16.24000000,1.36000000,16.9
1749263122,16.23000000,201.60000000,16.9
1749263122,16.22000000,13.85000000,16.9
1749263122,16.21000000,55.17000000,16.9
1749263122,16.20000000,204.12000000,16.9
1749263122,16.19000000,0.60000000,16.9
1749263122,16.18000000,0.99000000,16.9
1749263122,16.17000000,18.45000000,16.9
1749263122,16.16000000,9.76000000,16.9
1749263122,16.15000000,50.97000000,16.9
1749263122,16.14000000,1.52000000,16.9
1749263122,16.13000000,23.71000000,16.9
1749263122,16.12000000,26.86000000,16.9
1749263122,16.11000000,49.92000000,16.9
1749263122,16.10000000,239.80000000,16.9
1749263122,16.09000000,3.39000000,16.9
1749263122,16.08000000,10.09000000,16.9
1749263122,16.07000000,39.60000000,16.9
1749263122,16.06000000,131.69000000,16.9
1749263122,16.05000000,49.60000000,16.9
1749263122,16.04000000,6.23000000,16.9
1749263122,16.03000000,18.81000000,16.9
1749263122,16.02000000,4.98000000,16.9
1749263122,16.01000000,14.86000000,16.9
1749263122,16.00000000,1546.23000000,16.9
1749263122,15.99000000,19.67000000,16.9
1749263122,15.98000000,4.42000000,16.9
1749263122,15.96000000,9.98000000,16.9
1749263122,15.95000000,104.86000000,16.9
1749263122,15.94000000,0.96000000,16.9
1749263122,15.93000000,12.56000000,16.9
1749263122,15.92000000,1.15000000,16.9
1749263122,15.91000000,4.70000000,16.9
1749263122,15.90000000,100.98000000,16.9
1749263424,16.90000000,113.11000000,16.9
1749263424,16.89000000,2017.93000000,16.9
1749263424,16.88000000,4145.59000000,16.9
1749263424,16.87000000,3104.82000000,16.9
1749263424,16.86000000,2315.42000000,16.9
1749263424,16.85000000,893.05000000,16.9
1749263424,16.84000000,408.82000000,16.9
1749263424,16.83000000,1912.79000000,16.9
1749263424,16.82000000,596.08000000,16.9
1749263424,16.81000000,1799.61000000,16.9
1749263424,16.80000000,1774.45000000,16.9
1749263424,16.79000000,395.64000000,16.9
1749263424,16.78000000,245.14000000,16.9
1749263424,16.77000000,2198.16000000,16.9
1749263424,16.76000000,71.11000000,16.9
1749263424,16.75000000,159.01000000,16.9
1749263424,16.74000000,1016.20000000,16.9
1749263424,16.73000000,335.00000000,16.9
1749263424,16.72000000,81.65000000,16.9
1749263424,16.71000000,162.28000000,16.9
1749263424,16.70000000,192.25000000,16.9
1749263424,16.69000000,1687.38000000,16.9
1749263424,16.68000000,3.54000000,16.9
1749263424,16.67000000,1.06000000,16.9
1749263424,16.66000000,125.07000000,16.9
1749263424,16.65000000,34.80000000,16.9
1749263424,16.64000000,4.70000000,16.9
1749263424,16.63000000,32.69000000,16.9
1749263424,16.62000000,2.85000000,16.9
1749263424,16.61000000,1012.98000000,16.9
1749263424,16.60000000,7.68000000,16.9
1749263424,16.59000000,130.32000000,16.9
1749263424,16.58000000,4.06000000,16.9
1749263424,16.57000000,13.19000000,16.9
1749263424,16.56000000,6.22000000,16.9
1749263424,16.55000000,32.02000000,16.9
1749263424,16.54000000,4.15000000,16.9
1749263424,16.53000000,1.05000000,16.9
1749263424,16.52000000,1.84000000,16.9
1749263424,16.51000000,11.18000000,16.9
1749263424,16.50000000,193.80000000,16.9
1749263424,16.49000000,1.55000000,16.9
1749263424,16.48000000,421.39000000,16.9
1749263424,16.47000000,1.96000000,16.9
1749263424,16.46000000,1.79000000,16.9
1749263424,16.45000000,6.11000000,16.9
1749263424,16.44000000,2.95000000,16.9
1749263424,16.43000000,0.92000000,16.9
1749263424,16.42000000,34.59000000,16.9
1749263424,16.41000000,2.10000000,16.9
1749263424,16.40000000,22.83000000,16.9
1749263424,16.39000000,0.98000000,16.9
1749263424,16.38000000,4.42000000,16.9
1749263424,16.37000000,92.94000000,16.9
1749263424,16.36000000,1.07000000,16.9
1749263424,16.35000000,704.05000000,16.9
1749263424,16.34000000,4.70000000,16.9
1749263424,16.33000000,7.60000000,16.9
1749263424,16.32000000,20.06000000,16.9
1749263424,16.31000000,47.33000000,16.9
1749263424,16.30000000,31117.12000000,16.9
1749263424,16.29000000,0.60000000,16.9
1749263424,16.28000000,4.33000000,16.9
1749263424,16.27000000,21.50000000,16.9
1749263424,16.26000000,6.96000000,16.9
1749263424,16.25000000,155.59000000,16.9
1749263424,16.24000000,1.36000000,16.9
1749263424,16.23000000,201.60000000,16.9
1749263424,16.22000000,13.85000000,16.9
1749263424,16.21000000,52.40000000,16.9
1749263424,16.20000000,204.12000000,16.9
1749263424,16.19000000,0.60000000,16.9
1749263424,16.18000000,0.99000000,16.9
1749263424,16.17000000,18.45000000,16.9
1749263424,16.16000000,9.76000000,16.9
1749263424,16.15000000,50.97000000,16.9
1749263424,16.14000000,1.52000000,16.9
1749263424,16.13000000,23.71000000,16.9
1749263424,16.12000000,26.86000000,16.9
1749263424,16.11000000,49.92000000,16.9
1749263424,16.10000000,239.80000000,16.9
1749263424,16.09000000,3.39000000,16.9
1749263424,16.08000000,10.09000000,16.9
1749263424,16.07000000,39.60000000,16.9
1749263424,16.06000000,131.69000000,16.9
1749263424,16.05000000,49.60000000,16.9
1749263424,16.04000000,6.23000000,16.9
1749263424,16.03000000,18.81000000,16.9
1749263424,16.02000000,4.98000000,16.9
1749263424,16.01000000,14.86000000,16.9
1749263424,16.00000000,1546.23000000,16.9
1749263424,15.99000000,19.67000000,16.9
1749263424,15.98000000,4.42000000,16.9
1749263424,15.96000000,9.98000000,16.9
1749263424,15.95000000,104.86000000,16.9
1749263424,15.94000000,0.96000000,16.9
1749263424,15.93000000,12.56000000,16.9
1749263424,15.92000000,1.15000000,16.9
1749263424,15.91000000,4.70000000,16.9
1749263424,15.90000000,100.98000000,16.9
1749263726,16.91000000,1560.52000000,16.92
1749263726,16.90000000,49530.37000000,16.92
1749263726,16.89000000,2588.52000000,16.92
1749263726,16.88000000,3742.32000000,16.92
1749263726,16.87000000,1738.24000000,16.92
1749263726,16.86000000,463.99000000,16.92
1749263726,16.85000000,2369.92000000,16.92
1749263726,16.84000000,1679.35000000,16.92
1749263726,16.83000000,607.80000000,16.92
1749263726,16.82000000,2014.05000000,16.92
1749263726,16.81000000,177.38000000,16.92
1749263726,16.80000000,2472.93000000,16.92
1749263726,16.79000000,158.98000000,16.92
1749263726,16.78000000,245.14000000,16.92
1749263726,16.77000000,271.23000000,16.92
1749263726,16.76000000,899.34000000,16.92
1749263726,16.75000000,1763.10000000,16.92
1749263726,16.74000000,186.31000000,16.92
1749263726,16.73000000,219.87000000,16.92
1749263726,16.72000000,20.72000000,16.92
1749263726,16.71000000,105.30000000,16.92
1749263726,16.70000000,121.10000000,16.92
1749263726,16.69000000,89.63000000,16.92
1749263726,16.68000000,3.54000000,16.92
1749263726,16.67000000,987.70000000,16.92
1749263726,16.66000000,131.06000000,16.92
1749263726,16.65000000,28.81000000,16.92
1749263726,16.64000000,4.70000000,16.92
1749263726,16.63000000,32.69000000,16.92
1749263726,16.62000000,2.85000000,16.92
1749263726,16.61000000,28.81000000,16.92
1749263726,16.60000000,7.68000000,16.92
1749263726,16.59000000,130.32000000,16.92
1749263726,16.58000000,4.06000000,16.92
1749263726,16.57000000,49.12000000,16.92
1749263726,16.56000000,5.02000000,16.92
1749263726,16.55000000,2.36000000,16.92
1749263726,16.54000000,405.81000000,16.92
1749263726,16.53000000,1.05000000,16.92
1749263726,16.52000000,1.84000000,16.92
1749263726,16.51000000,10.73000000,16.92
1749263726,16.50000000,193.35000000,16.92
1749263726,16.49000000,1.55000000,16.92
1749263726,16.48000000,1.28000000,16.92
1749263726,16.47000000,1.96000000,16.92
1749263726,16.46000000,1.79000000,16.92
1749263726,16.45000000,6.11000000,16.92
1749263726,16.44000000,2.61000000,16.92
1749263726,16.43000000,0.92000000,16.92
1749263726,16.42000000,439.62000000,16.92
1749263726,16.41000000,2.10000000,16.92
1749263726,16.40000000,28.91000000,16.92
1749263726,16.39000000,0.98000000,16.92
1749263726,16.38000000,15.32000000,16.92
1749263726,16.37000000,97.29000000,16.92
1749263726,16.36000000,1.07000000,16.92
1749263726,16.35000000,299.02000000,16.92
1749263726,16.34000000,4.70000000,16.92
1749263726,16.33000000,7.60000000,16.92
1749263726,16.32000000,20.06000000,16.92
1749263726,16.31000000,47.33000000,16.92
1749263726,16.30000000,31117.12000000,16.92
1749263726,16.29000000,201.60000000,16.92
1749263726,16.28000000,1.58000000,16.92
1749263726,16.27000000,12.15000000,16.92
1749263726,16.26000000,6.96000000,16.92
1749263726,16.25000000,155.59000000,16.92
1749263726,16.24000000,1.36000000,16.92
1749263726,16.23000000,0.60000000,16.92
1749263726,16.22000000,13.85000000,16.92
1749263726,16.21000000,70.85000000,16.92
1749263726,16.20000000,204.12000000,16.92
1749263726,16.19000000,0.60000000,16.92
1749263726,16.18000000,0.99000000,16.92
1749263726,16.17000000,18.45000000,16.92
1749263726,16.16000000,9.76000000,16.92
1749263726,16.15000000,50.37000000,16.92
1749263726,16.14000000,1.52000000,16.92
1749263726,16.13000000,23.71000000,16.92
1749263726,16.12000000,26.86000000,16.92
1749263726,16.11000000,49.92000000,16.92
1749263726,16.10000000,239.80000000,16.92
1749263726,16.09000000,3.39000000,16.92
1749263726,16.08000000,10.09000000,16.92
1749263726,16.07000000,39.60000000,16.92
1749263726,16.06000000,131.69000000,16.92
1749263726,16.05000000,49.60000000,16.92
1749263726,16.04000000,6.23000000,16.92
1749263726,16.03000000,18.81000000,16.92
1749263726,16.02000000,4.98000000,16.92
1749263726,16.01000000,14.86000000,16.92
1749263726,16.00000000,1546.23000000,16.92
1749263726,15.99000000,19.67000000,16.92
1749263726,15.98000000,4.42000000,16.92
1749263726,15.96000000,9.98000000,16.92
1749263726,15.95000000,104.86000000,16.92
1749263726,15.94000000,0.96000000,16.92
1749263726,15.93000000,12.56000000,16.92
1749263726,15.92000000,1.15000000,16.92
1749263726,15.91000000,4.70000000,16.92
1749264028,16.93000000,626.90000000,16.93
1749264028,16.92000000,2180.66000000,16.93
1749264028,16.91000000,4828.41000000,16.93
1749264028,16.90000000,3345.63000000,16.93
1749264028,16.89000000,1134.44000000,16.93
1749264028,16.88000000,951.94000000,16.93
1749264028,16.87000000,1743.23000000,16.93
1749264028,16.86000000,326.32000000,16.93
1749264028,16.85000000,2095.71000000,16.93
1749264028,16.84000000,179.18000000,16.93
1749264028,16.83000000,1849.12000000,16.93
1749264028,16.82000000,435.46000000,16.93
1749264028,16.81000000,2206.05000000,16.93
1749264028,16.80000000,198.71000000,16.93
1749264028,16.79000000,159.37000000,16.93
1749264028,16.78000000,1106.41000000,16.93
1749264028,16.77000000,277.18000000,16.93
1749264028,16.76000000,1668.86000000,16.93
1749264028,16.75000000,161.14000000,16.93
1749264028,16.74000000,185.66000000,16.93
1749264028,16.73000000,213.47000000,16.93
1749264028,16.72000000,12.58000000,16.93
1749264028,16.71000000,194.17000000,16.93
1749264028,16.70000000,64.05000000,16.93
1749264028,16.69000000,152.63000000,16.93
1749264028,16.68000000,1027.19000000,16.93
1749264028,16.67000000,3.53000000,16.93
1749264028,16.66000000,125.07000000,16.93
1749264028,16.65000000,28.81000000,16.93
1749264028,16.64000000,112.68000000,16.93
1749264028,16.63000000,32.69000000,16.93
1749264028,16.62000000,2.85000000,16.93
1749264028,16.61000000,10.36000000,16.93
1749264028,16.60000000,7.68000000,16.93
1749264028,16.59000000,164.00000000,16.93
1749264028,16.58000000,4.06000000,16.93
1749264028,16.57000000,43.24000000,16.93
1749264028,16.56000000,23.47000000,16.93
1749264028,16.55000000,404.02000000,16.93
1749264028,16.54000000,4.15000000,16.93
1749264028,16.53000000,0.60000000,16.93
1749264028,16.52000000,1.39000000,16.93
1749264028,16.51000000,10.73000000,16.93
1749264028,16.50000000,193.35000000,16.93
1749264028,16.49000000,1.55000000,16.93
1749264028,16.48000000,1.28000000,16.93
1749264028,16.47000000,1.96000000,16.93
1749264028,16.46000000,1.79000000,16.93
1749264028,16.45000000,6.11000000,16.93
1749264028,16.44000000,2.61000000,16.93
1749264028,16.43000000,0.92000000,16.93
1749264028,16.42000000,439.62000000,16.93
1749264028,16.41000000,2.10000000,16.93
1749264028,16.40000000,22.83000000,16.93
1749264028,16.39000000,0.98000000,16.93
1749264028,16.38000000,15.32000000,16.93
1749264028,16.37000000,97.29000000,16.93
1749264028,16.36000000,1.07000000,16.93
1749264028,16.35000000,299.02000000,16.93
1749264028,16.34000000,4.70000000,16.93
1749264028,16.33000000,7.60000000,16.93
1749264028,16.32000000,20.06000000,16.93
1749264028,16.31000000,47.33000000,16.93
1749264028,16.30000000,31320.87000000,16.93
1749264028,16.29000000,0.60000000,16.93
1749264028,16.28000000,1.58000000,16.93
1749264028,16.27000000,12.15000000,16.93
1749264028,16.26000000,6.96000000,16.93
1749264028,16.25000000,155.59000000,16.93
1749264028,16.24000000,1.36000000,16.93
1749264028,16.23000000,19.05000000,16.93
1749264028,16.22000000,13.85000000,16.93
1749264028,16.21000000,52.40000000,16.93
1749264028,16.20000000,204.12000000,16.93
1749264028,16.19000000,0.60000000,16.93
1749264028,16.18000000,0.99000000,16.93
1749264028,16.17000000,17.85000000,16.93
1749264028,16.16000000,9.16000000,16.93
1749264028,16.15000000,50.37000000,16.93
1749264028,16.14000000,1.52000000,16.93
1749264028,16.13000000,23.71000000,16.93
1749264028,16.12000000,26.86000000,16.93
1749264028,16.11000000,49.92000000,16.93
1749264028,16.10000000,239.80000000,16.93
1749264028,16.09000000,3.39000000,16.93
1749264028,16.08000000,10.09000000,16.93
1749264028,16.07000000,39.60000000,16.93
1749264028,16.06000000,131.69000000,16.93
1749264028,16.05000000,49.60000000,16.93
1749264028,16.04000000,6.23000000,16.93
1749264028,16.03000000,18.81000000,16.93
1749264028,16.02000000,4.98000000,16.93
1749264028,16.01000000,14.86000000,16.93
1749264028,16.00000000,1546.23000000,16.93
1749264028,15.99000000,19.67000000,16.93
1749264028,15.98000000,4.42000000,16.93
1749264028,15.96000000,9.98000000,16.93
1749264028,15.95000000,104.86000000,16.93
1749264028,15.94000000,0.96000000,16.93
1749264028,15.93000000,12.56000000,16.93
1749264334,16.92000000,698.49000000,16.93
1749264334,16.91000000,3430.99000000,16.93
1749264334,16.90000000,6434.25000000,16.93
1749264334,16.89000000,3317.18000000,16.93
1749264334,16.88000000,1666.22000000,16.93
1749264334,16.87000000,1289.12000000,16.93
1749264334,16.86000000,1032.23000000,16.93
1749264334,16.85000000,3342.06000000,16.93
1749264334,16.84000000,235.05000000,16.93
1749264334,16.83000000,199.19000000,16.93
1749264334,16.82000000,441.39000000,16.93
1749264334,16.81000000,2445.72000000,16.93
1749264334,16.80000000,298.71000000,16.93
1749264334,16.79000000,159.37000000,16.93
1749264334,16.78000000,986.38000000,16.93
1749264334,16.77000000,298.60000000,16.93
1749264334,16.76000000,1668.86000000,16.93
1749264334,16.75000000,159.37000000,16.93
1749264334,16.74000000,226.02000000,16.93
1749264334,16.73000000,158.16000000,16.93
1749264334,16.72000000,12.58000000,16.93
1749264334,16.71000000,99.33000000,16.93
1749264334,16.70000000,121.10000000,16.93
1749264334,16.69000000,89.63000000,16.93
1749264334,16.68000000,1013.62000000,16.93
1749264334,16.67000000,9.51000000,16.93
1749264334,16.66000000,4.73000000,16.93
1749264334,16.65000000,62.37000000,16.93
1749264334,16.64000000,112.68000000,16.93
1749264334,16.63000000,51.14000000,16.93
1749264334,16.62000000,123.48000000,16.93
1749264334,16.61000000,10.36000000,16.93
1749264334,16.60000000,7.68000000,16.93
1749264334,16.59000000,130.32000000,16.93
1749264334,16.58000000,5.57000000,16.93
1749264334,16.57000000,13.19000000,16.93
1749264334,16.56000000,38.76000000,16.93
1749264334,16.55000000,433.96000000,16.93
1749264334,16.54000000,4.15000000,16.93
1749264334,16.53000000,0.60000000,16.93
1749264334,16.52000000,1.39000000,16.93
1749264334,16.51000000,10.73000000,16.93
1749264334,16.50000000,193.35000000,16.93
1749264334,16.49000000,1.55000000,16.93
1749264334,16.48000000,1.28000000,16.93
1749264334,16.47000000,1.96000000,16.93
1749264334,16.46000000,1.79000000,16.93
1749264334,16.45000000,6.11000000,16.93
1749264334,16.44000000,2.61000000,16.93
1749264334,16.43000000,0.92000000,16.93
1749264334,16.42000000,439.62000000,16.93
1749264334,16.41000000,2.10000000,16.93
1749264334,16.40000000,22.83000000,16.93
1749264334,16.39000000,0.98000000,16.93
1749264334,16.38000000,15.32000000,16.93
1749264334,16.37000000,97.29000000,16.93
1749264334,16.36000000,1.07000000,16.93
1749264334,16.35000000,299.02000000,16.93
1749264334,16.34000000,4.70000000,16.93
1749264334,16.33000000,7.60000000,16.93
1749264334,16.32000000,20.06000000,16.93
1749264334,16.31000000,47.33000000,16.93
1749264334,16.30000000,31429.19000000,16.93
1749264334,16.29000000,0.60000000,16.93
1749264334,16.28000000,4.33000000,16.93
1749264334,16.27000000,12.15000000,16.93
1749264334,16.26000000,6.96000000,16.93
1749264334,16.25000000,155.59000000,16.93
1749264334,16.24000000,1.36000000,16.93
1749264334,16.23000000,0.60000000,16.93
1749264334,16.22000000,32.30000000,16.93
1749264334,16.21000000,52.40000000,16.93
1749264334,16.20000000,204.12000000,16.93
1749264334,16.19000000,0.60000000,16.93
1749264334,16.18000000,0.99000000,16.93
1749264334,16.17000000,18.45000000,16.93
1749264334,16.16000000,9.16000000,16.93
1749264334,16.15000000,50.37000000,16.93
1749264334,16.14000000,1.52000000,16.93
1749264334,16.13000000,23.71000000,16.93
1749264334,16.12000000,26.86000000,16.93
1749264334,16.11000000,49.92000000,16.93
1749264334,16.10000000,239.80000000,16.93
1749264334,16.09000000,3.39000000,16.93
1749264334,16.08000000,10.09000000,16.93
1749264334,16.07000000,39.60000000,16.93
1749264334,16.06000000,131.69000000,16.93
1749264334,16.05000000,49.60000000,16.93
1749264334,16.04000000,6.23000000,16.93
1749264334,16.03000000,18.81000000,16.93
1749264334,16.02000000,4.98000000,16.93
1749264334,16.01000000,14.86000000,16.93
1749264334,16.00000000,1546.23000000,16.93
1749264334,15.99000000,19.67000000,16.93
1749264334,15.98000000,4.42000000,16.93
1749264334,15.96000000,9.98000000,16.93
1749264334,15.95000000,104.86000000,16.93
1749264334,15.94000000,0.96000000,16.93
1749264334,15.93000000,12.56000000,16.93
1749264334,15.92000000,1.15000000,16.93
1749264635,16.96000000,657.15000000,16.96
1749264635,16.95000000,1203.52000000,16.96
1749264635,16.94000000,2277.75000000,16.96
1749264635,16.93000000,3021.07000000,16.96
1749264635,16.92000000,2105.56000000,16.96
1749264635,16.91000000,1031.51000000,16.96
1749264635,16.90000000,3657.87000000,16.96
1749264635,16.89000000,1210.51000000,16.96
1749264635,16.88000000,159.62000000,16.96
1749264635,16.87000000,1608.46000000,16.96
1749264635,16.86000000,1744.96000000,16.96
1749264635,16.85000000,158.97000000,16.96
1749264635,16.84000000,158.15000000,16.96
1749264635,16.83000000,257.26000000,16.96
1749264635,16.82000000,2461.49000000,16.96
1749264635,16.81000000,85.50000000,16.96
1749264635,16.80000000,1006.25000000,16.96
1749264635,16.79000000,70.35000000,16.96
1749264635,16.78000000,71.35000000,16.96
1749264635,16.77000000,1692.35000000,16.96
1749264635,16.76000000,83.17000000,16.96
1749264635,16.75000000,89.30000000,16.96
1749264635,16.74000000,168.90000000,16.96
1749264635,16.73000000,71.58000000,16.96
1749264635,16.72000000,13.08000000,16.96
1749264635,16.71000000,141.50000000,16.96
1749264635,16.70000000,184.10000000,16.96
1749264635,16.69000000,1048.23000000,16.96
1749264635,16.68000000,66.54000000,16.96
1749264635,16.67000000,66.53000000,16.96
1749264635,16.66000000,7.45000000,16.96
1749264635,16.65000000,119.15000000,16.96
1749264635,16.64000000,177.48000000,16.96
1749264635,16.63000000,217.73000000,16.96
1749264635,16.62000000,65.85000000,16.96
1749264635,16.61000000,10.36000000,16.96
1749264635,16.60000000,70.68000000,16.96
1749264635,16.59000000,102.46000000,16.96
1749264635,16.58000000,66.61000000,16.96
1749264635,16.57000000,75.74000000,16.96
1749264635,16.56000000,404.42000000,16.96
1749264635,16.55000000,64.91000000,16.96
1749264635,16.54000000,3.70000000,16.96
1749264635,16.53000000,1.63000000,16.96
1749264635,16.52000000,1.05000000,16.96
1749264635,16.51000000,16.77000000,16.96
1749264635,16.50000000,193.35000000,16.96
1749264635,16.49000000,1.55000000,16.96
1749264635,16.48000000,0.94000000,16.96
1749264635,16.47000000,1.96000000,16.96
1749264635,16.46000000,1.79000000,16.96
1749264635,16.45000000,24.56000000,16.96
1749264635,16.44000000,2.61000000,16.96
1749264635,16.43000000,405.95000000,16.96
1749264635,16.42000000,34.59000000,16.96
1749264635,16.41000000,1.41000000,16.96
1749264635,16.40000000,22.83000000,16.96
1749264635,16.39000000,0.98000000,16.96
1749264635,16.38000000,15.32000000,16.96
1749264635,16.37000000,97.29000000,16.96
1749264635,16.36000000,1.07000000,16.96
1749264635,16.35000000,301.76000000,16.96
1749264635,16.34000000,4.33000000,16.96
1749264635,16.33000000,7.60000000,16.96
1749264635,16.32000000,20.06000000,16.96
1749264635,16.31000000,248.33000000,16.96
1749264635,16.30000000,31228.19000000,16.96
1749264635,16.29000000,0.60000000,16.96
1749264635,16.28000000,1.58000000,16.96
1749264635,16.27000000,12.15000000,16.96
1749264635,16.26000000,6.96000000,16.96
1749264635,16.25000000,155.59000000,16.96
1749264635,16.24000000,1.35000000,16.96
1749264635,16.23000000,0.59000000,16.96
1749264635,16.22000000,13.85000000,16.96
1749264635,16.21000000,52.40000000,16.96
1749264635,16.20000000,203.52000000,16.96
1749264635,16.18000000,0.39000000,16.96
1749264635,16.17000000,17.85000000,16.96
1749264635,16.16000000,9.16000000,16.96
1749264635,16.15000000,50.37000000,16.96
1749264635,16.14000000,1.52000000,16.96
1749264635,16.13000000,23.71000000,16.96
1749264635,16.12000000,26.86000000,16.96
1749264635,16.11000000,49.92000000,16.96
1749264635,16.10000000,146.64000000,16.96
1749264635,16.09000000,3.39000000,16.96
1749264635,16.08000000,10.09000000,16.96
1749264635,16.07000000,39.60000000,16.96
1749264635,16.06000000,131.69000000,16.96
1749264635,16.05000000,49.60000000,16.96
1749264635,16.04000000,6.23000000,16.96
1749264635,16.03000000,18.81000000,16.96
1749264635,16.02000000,4.98000000,16.96
1749264635,16.01000000,14.86000000,16.96
1749264635,16.00000000,1546.23000000,16.96
1749264635,15.99000000,19.67000000,16.96
1749264635,15.98000000,4.42000000,16.96
1749264635,15.96000000,9.98000000,16.96
1749264635,15.95000000,104.86000000,16.96
1749264937,16.99000000,803.34000000,17.0
1749264937,16.98000000,1845.99000000,17.0
1749264937,16.97000000,3130.15000000,17.0
1749264937,16.96000000,2354.11000000,17.0
1749264937,16.95000000,1939.87000000,17.0
1749264937,16.94000000,1284.52000000,17.0
1749264937,16.93000000,1355.12000000,17.0
1749264937,16.92000000,1587.65000000,17.0
1749264937,16.91000000,704.21000000,17.0
1749264937,16.90000000,3445.45000000,17.0
1749264937,16.89000000,1846.76000000,17.0
1749264937,16.88000000,159.62000000,17.0
1749264937,16.87000000,170.30000000,17.0
1749264937,16.86000000,168.68000000,17.0
1749264937,16.85000000,2296.88000000,17.0
1749264937,16.84000000,995.64000000,17.0
1749264937,16.83000000,198.86000000,17.0
1749264937,16.82000000,315.97000000,17.0
1749264937,16.81000000,73.64000000,17.0
1749264937,16.80000000,1798.58000000,17.0
1749264937,16.79000000,129.63000000,17.0
1749264937,16.78000000,71.35000000,17.0
1749264937,16.77000000,57.18000000,17.0
1749264937,16.76000000,83.17000000,17.0
1749264937,16.75000000,208.69000000,17.0
1749264937,16.74000000,2.45000000,17.0
1749264937,16.73000000,71.58000000,17.0
1749264937,16.72000000,1103.82000000,17.0
1749264937,16.71000000,80.73000000,17.0
1749264937,16.70000000,64.05000000,17.0
1749264937,16.69000000,64.06000000,17.0
1749264937,16.68000000,66.54000000,17.0
1749264937,16.67000000,66.53000000,17.0
1749264937,16.66000000,1.51000000,17.0
1749264937,16.65000000,91.81000000,17.0
1749264937,16.64000000,69.50000000,17.0
1749264937,16.63000000,217.73000000,17.0
1749264937,16.62000000,96.07000000,17.0
1749264937,16.61000000,10.36000000,17.0
1749264937,16.60000000,70.68000000,17.0
1749264937,16.59000000,473.69000000,17.0
1749264937,16.58000000,66.61000000,17.0
1749264937,16.57000000,75.74000000,17.0
1749264937,16.56000000,2.76000000,17.0
1749264937,16.55000000,1.91000000,17.0
1749264937,16.54000000,3.70000000,17.0
1749264937,16.53000000,20.08000000,17.0
1749264937,16.52000000,1.05000000,17.0
1749264937,16.51000000,10.73000000,17.0
1749264937,16.50000000,93.35000000,17.0
1749264937,16.49000000,1.55000000,17.0
1749264937,16.48000000,0.94000000,17.0
1749264937,16.47000000,1.96000000,17.0
1749264937,16.46000000,408.68000000,17.0
1749264937,16.45000000,6.11000000,17.0
1749264937,16.44000000,2.61000000,17.0
1749264937,16.43000000,0.92000000,17.0
1749264937,16.42000000,34.59000000,17.0
1749264937,16.41000000,1.41000000,17.0
1749264937,16.40000000,22.83000000,17.0
1749264937,16.39000000,0.98000000,17.0
1749264937,16.38000000,15.32000000,17.0
1749264937,16.37000000,97.29000000,17.0
1749264937,16.36000000,1.07000000,17.0
1749264937,16.35000000,299.88000000,17.0
1749264937,16.34000000,205.33000000,17.0
1749264937,16.33000000,7.60000000,17.0
1749264937,16.32000000,20.06000000,17.0
1749264937,16.31000000,47.33000000,17.0
1749264937,16.30000000,31230.59000000,17.0
1749264937,16.29000000,0.60000000,17.0
1749264937,16.28000000,1.58000000,17.0
1749264937,16.27000000,12.15000000,17.0
1749264937,16.26000000,6.96000000,17.0
1749264937,16.25000000,155.59000000,17.0
1749264937,16.24000000,1.35000000,17.0
1749264937,16.22000000,13.25000000,17.0
1749264937,16.21000000,51.80000000,17.0
1749264937,16.20000000,203.52000000,17.0
1749264937,16.18000000,0.39000000,17.0
1749264937,16.17000000,17.85000000,17.0
1749264937,16.16000000,9.16000000,17.0
1749264937,16.15000000,50.37000000,17.0
1749264937,16.14000000,1.52000000,17.0
1749264937,16.13000000,23.71000000,17.0
1749264937,16.12000000,26.86000000,17.0
1749264937,16.11000000,49.92000000,17.0
1749264937,16.10000000,146.64000000,17.0
1749264937,16.09000000,3.39000000,17.0
1749264937,16.08000000,10.09000000,17.0
1749264937,16.07000000,39.60000000,17.0
1749264937,16.06000000,131.69000000,17.0
1749264937,16.05000000,49.60000000,17.0
1749264937,16.04000000,6.23000000,17.0
1749264937,16.03000000,18.81000000,17.0
1749264937,16.02000000,4.98000000,17.0
1749264937,16.01000000,14.86000000,17.0
1749264937,16.00000000,1546.23000000,17.0
1749264937,15.99000000,19.67000000,17.0
1749264937,15.98000000,4.42000000,17.0
1749265238,17.01000000,355.51000000,17.01
1749265238,17.00000000,1664.63000000,17.01
1749265238,16.99000000,3119.20000000,17.01
1749265238,16.98000000,2641.38000000,17.01
1749265238,16.97000000,1497.25000000,17.01
1749265238,16.96000000,621.98000000,17.01
1749265238,16.95000000,995.76000000,17.01
1749265238,16.94000000,2456.02000000,17.01
1749265238,16.93000000,632.45000000,17.01
1749265238,16.92000000,2190.20000000,17.01
1749265238,16.91000000,2249.61000000,17.01
1749265238,16.90000000,2075.43000000,17.01
1749265238,16.89000000,264.70000000,17.01
1749265238,16.88000000,2197.53000000,17.01
1749265238,16.87000000,170.30000000,17.01
1749265238,16.86000000,168.68000000,17.01
1749265238,16.85000000,1123.87000000,17.01
1749265238,16.84000000,76.96000000,17.01
1749265238,16.83000000,211.25000000,17.01
1749265238,16.82000000,304.08000000,17.01
1749265238,16.81000000,73.64000000,17.01
1749265238,16.80000000,1792.19000000,17.01
1749265238,16.79000000,249.60000000,17.01
1749265238,16.78000000,71.35000000,17.01
1749265238,16.77000000,57.18000000,17.01
1749265238,16.76000000,83.17000000,17.01
1749265238,16.75000000,242.04000000,17.01
1749265238,16.74000000,1.92000000,17.01
1749265238,16.73000000,71.58000000,17.01
1749265238,16.72000000,1103.82000000,17.01
1749265238,16.71000000,80.73000000,17.01
1749265238,16.70000000,64.05000000,17.01
1749265238,16.69000000,64.06000000,17.01
1749265238,16.68000000,68.03000000,17.01
1749265238,16.67000000,220.30000000,17.01
1749265238,16.66000000,1.51000000,17.01
1749265238,16.65000000,91.81000000,17.01
1749265238,16.64000000,99.64000000,17.01
1749265238,16.63000000,95.69000000,17.01
1749265238,16.62000000,65.85000000,17.01
1749265238,16.61000000,10.36000000,17.01
1749265238,16.60000000,70.23000000,17.01
1749265238,16.59000000,473.69000000,17.01
1749265238,16.58000000,66.61000000,17.01
1749265238,16.57000000,12.74000000,17.01
1749265238,16.56000000,2.76000000,17.01
1749265238,16.55000000,1.91000000,17.01
1749265238,16.54000000,3.70000000,17.01
1749265238,16.53000000,20.08000000,17.01
1749265238,16.52000000,1.05000000,17.01
1749265238,16.51000000,10.73000000,17.01
1749265238,16.50000000,93.35000000,17.01
1749265238,16.49000000,1.55000000,17.01
1749265238,16.48000000,0.94000000,17.01
1749265238,16.47000000,1.96000000,17.01
1749265238,16.46000000,408.68000000,17.01
1749265238,16.45000000,6.11000000,17.01
1749265238,16.44000000,2.61000000,17.01
1749265238,16.43000000,0.92000000,17.01
1749265238,16.42000000,34.59000000,17.01
1749265238,16.41000000,1.41000000,17.01
1749265238,16.40000000,22.83000000,17.01
1749265238,16.39000000,3.72000000,17.01
1749265238,16.38000000,15.32000000,17.01
1749265238,16.37000000,97.29000000,17.01
1749265238,16.36000000,1.07000000,17.01
1749265238,16.35000000,297.14000000,17.01
1749265238,16.34000000,205.33000000,17.01
1749265238,16.33000000,7.60000000,17.01
1749265238,16.32000000,20.06000000,17.01
1749265238,16.31000000,47.33000000,17.01
1749265238,16.30000000,31230.59000000,17.01
1749265238,16.29000000,0.60000000,17.01
1749265238,16.28000000,1.58000000,17.01
1749265238,16.27000000,12.15000000,17.01
1749265238,16.26000000,6.96000000,17.01
1749265238,16.25000000,154.99000000,17.01
1749265238,16.24000000,0.76000000,17.01
1749265238,16.22000000,13.25000000,17.01
1749265238,16.21000000,51.80000000,17.01
1749265238,16.20000000,203.52000000,17.01
1749265238,16.18000000,0.39000000,17.01
1749265238,16.17000000,17.85000000,17.01
1749265238,16.16000000,9.16000000,17.01
1749265238,16.15000000,50.37000000,17.01
1749265238,16.14000000,1.52000000,17.01
1749265238,16.13000000,23.71000000,17.01
1749265238,16.12000000,26.86000000,17.01
1749265238,16.11000000,49.92000000,17.01
1749265238,16.10000000,146.64000000,17.01
1749265238,16.09000000,3.39000000,17.01
1749265238,16.08000000,10.09000000,17.01
1749265238,16.07000000,39.60000000,17.01
1749265238,16.06000000,131.69000000,17.01
1749265238,16.05000000,49.60000000,17.01
1749265238,16.04000000,6.23000000,17.01
1749265238,16.03000000,18.81000000,17.01
1749265238,16.02000000,4.98000000,17.01
1749265238,16.01000000,14.86000000,17.01
1749265238,16.00000000,1546.23000000,17.01
1749265540,17.05000000,885.19000000,17.06
1749265540,17.04000000,1747.50000000,17.06
1749265540,17.03000000,3067.89000000,17.06
1749265540,17.02000000,2298.27000000,17.06
1749265540,17.01000000,1763.88000000,17.06
1749265540,17.00000000,792.20000000,17.06
1749265540,16.99000000,1237.31000000,17.06
1749265540,16.98000000,2284.53000000,17.06
1749265540,16.97000000,159.27000000,17.06
1749265540,16.96000000,1352.27000000,17.06
1749265540,16.95000000,1857.87000000,17.06
1749265540,16.94000000,442.86000000,17.06
1749265540,16.93000000,161.34000000,17.06
1749265540,16.92000000,177.25000000,17.06
1749265540,16.91000000,2247.29000000,17.06
1749265540,16.90000000,3109.75000000,17.06
1749265540,16.89000000,348.05000000,17.06
1749265540,16.88000000,161.40000000,17.06
1749265540,16.87000000,163.95000000,17.06
1749265540,16.86000000,154.21000000,17.06
1749265540,16.85000000,2225.41000000,17.06
1749265540,16.84000000,197.24000000,17.06
1749265540,16.83000000,196.76000000,17.06
1749265540,16.82000000,196.27000000,17.06
1749265540,16.81000000,174.93000000,17.06
1749265540,16.80000000,114.93000000,17.06
1749265540,16.79000000,122.33000000,17.06
1749265540,16.78000000,99.50000000,17.06
1749265540,16.77000000,57.18000000,17.06
1749265540,16.76000000,83.17000000,17.06
1749265540,16.75000000,89.77000000,17.06
1749265540,16.74000000,1.92000000,17.06
1749265540,16.73000000,70.66000000,17.06
1749265540,16.72000000,1224.19000000,17.06
1749265540,16.71000000,86.70000000,17.06
1749265540,16.70000000,67.93000000,17.06
1749265540,16.69000000,94.32000000,17.06
1749265540,16.68000000,73.89000000,17.06
1749265540,16.67000000,93.61000000,17.06
1749265540,16.66000000,1.06000000,17.06
1749265540,16.65000000,89.64000000,17.06
1749265540,16.64000000,67.25000000,17.06
1749265540,16.63000000,95.24000000,17.06
1749265540,16.62000000,2.40000000,17.06
1749265540,16.61000000,9.91000000,17.06
1749265540,16.60000000,5.68000000,17.06
1749265540,16.59000000,410.69000000,17.06
1749265540,16.58000000,3.61000000,17.06
1749265540,16.57000000,12.74000000,17.06
1749265540,16.56000000,2.42000000,17.06
1749265540,16.55000000,1.91000000,17.06
1749265540,16.54000000,3.70000000,17.06
1749265540,16.53000000,22.92000000,17.06
1749265540,16.52000000,1.05000000,17.06
1749265540,16.51000000,14.71000000,17.06
1749265540,16.50000000,93.35000000,17.06
1749265540,16.49000000,10.74000000,17.06
1749265540,16.48000000,1.68000000,17.06
1749265540,16.47000000,4.90000000,17.06
1749265540,16.46000000,408.68000000,17.06
1749265540,16.45000000,6.11000000,17.06
1749265540,16.44000000,2.61000000,17.06
1749265540,16.43000000,0.92000000,17.06
1749265540,16.42000000,37.32000000,17.06
1749265540,16.41000000,1.41000000,17.06
1749265540,16.40000000,18.91000000,17.06
1749265540,16.39000000,0.98000000,17.06
1749265540,16.38000000,4.42000000,17.06
1749265540,16.37000000,92.94000000,17.06
1749265540,16.36000000,1.07000000,17.06
1749265540,16.35000000,297.14000000,17.06
1749265540,16.34000000,203.22000000,17.06
1749265540,16.33000000,7.60000000,17.06
1749265540,16.32000000,20.05000000,17.06
1749265540,16.31000000,47.32000000,17.06
1749265540,16.30000000,31230.58000000,17.06
1749265540,16.28000000,1.73000000,17.06
1749265540,16.27000000,11.55000000,17.06
1749265540,16.26000000,6.36000000,17.06
1749265540,16.25000000,154.99000000,17.06
1749265540,16.24000000,0.76000000,17.06
1749265540,16.22000000,13.25000000,17.06
1749265540,16.21000000,51.80000000,17.06
1749265540,16.20000000,203.52000000,17.06
1749265540,16.19000000,0.40000000,17.06
1749265540,16.18000000,0.39000000,17.06
1749265540,16.17000000,17.85000000,17.06
1749265540,16.16000000,9.16000000,17.06
1749265540,16.15000000,50.37000000,17.06
1749265540,16.14000000,1.52000000,17.06
1749265540,16.13000000,23.71000000,17.06
1749265540,16.12000000,26.86000000,17.06
1749265540,16.11000000,49.92000000,17.06
1749265540,16.10000000,146.64000000,17.06
1749265540,16.09000000,3.39000000,17.06
1749265540,16.08000000,10.09000000,17.06
1749265540,16.07000000,39.60000000,17.06
1749265540,16.06000000,131.69000000,17.06
1749265540,16.05000000,49.60000000,17.06
1749265540,16.04000000,5.86000000,17.06
1749265841,17.06000000,521.90000000,17.06
1749265841,17.05000000,1850.17000000,17.06
1749265841,17.04000000,2836.11000000,17.06
1749265841,17.03000000,2651.95000000,17.06
1749265841,17.02000000,1341.86000000,17.06
1749265841,17.01000000,2085.87000000,17.06
1749265841,17.00000000,966.55000000,17.06
1749265841,16.99000000,2422.81000000,17.06
1749265841,16.98000000,523.91000000,17.06
1749265841,16.97000000,1735.55000000,17.06
1749265841,16.96000000,568.67000000,17.06
1749265841,16.95000000,168.07000000,17.06
1749265841,16.94000000,2286.92000000,17.06
1749265841,16.93000000,161.34000000,17.06
1749265841,16.92000000,997.07000000,17.06
1749265841,16.91000000,359.38000000,17.06
1749265841,16.90000000,3783.92000000,17.06
1749265841,16.89000000,343.19000000,17.06
1749265841,16.88000000,159.63000000,17.06
1749265841,16.87000000,163.95000000,17.06
1749265841,16.86000000,154.21000000,17.06
1749265841,16.85000000,598.00000000,17.06
1749265841,16.84000000,215.33000000,17.06
1749265841,16.83000000,197.76000000,17.06
1749265841,16.82000000,196.27000000,17.06
1749265841,16.81000000,1057.36000000,17.06
1749265841,16.80000000,115.25000000,17.06
1749265841,16.79000000,228.46000000,17.06
1749265841,16.78000000,74.55000000,17.06
1749265841,16.77000000,57.18000000,17.06
1749265841,16.76000000,83.17000000,17.06
1749265841,16.75000000,89.77000000,17.06
1749265841,16.74000000,1.92000000,17.06
1749265841,16.73000000,72.14000000,17.06
1749265841,16.72000000,166.88000000,17.06
1749265841,16.71000000,80.73000000,17.06
1749265841,16.70000000,67.93000000,17.06
1749265841,16.69000000,94.30000000,17.06
1749265841,16.68000000,9.40000000,17.06
1749265841,16.67000000,66.08000000,17.06
1749265841,16.66000000,1.06000000,17.06
1749265841,16.65000000,26.64000000,17.06
1749265841,16.64000000,4.25000000,17.06
1749265841,16.63000000,32.24000000,17.06
1749265841,16.62000000,2.40000000,17.06
1749265841,16.61000000,9.91000000,17.06
1749265841,16.60000000,5.68000000,17.06
1749265841,16.59000000,410.69000000,17.06
1749265841,16.58000000,3.61000000,17.06
1749265841,16.57000000,12.74000000,17.06
1749265841,16.56000000,2.42000000,17.06
1749265841,16.55000000,1.91000000,17.06
1749265841,16.54000000,3.70000000,17.06
1749265841,16.53000000,4.47000000,17.06
1749265841,16.52000000,1.05000000,17.06
1749265841,16.51000000,14.71000000,17.06
1749265841,16.50000000,93.35000000,17.06
1749265841,16.49000000,10.74000000,17.06
1749265841,16.48000000,1.68000000,17.06
1749265841,16.47000000,4.90000000,17.06
1749265841,16.46000000,408.68000000,17.06
1749265841,16.45000000,6.11000000,17.06
1749265841,16.44000000,5.34000000,17.06
1749265841,16.43000000,0.92000000,17.06
1749265841,16.42000000,34.59000000,17.06
1749265841,16.41000000,1.41000000,17.06
1749265841,16.40000000,18.91000000,17.06
1749265841,16.39000000,0.98000000,17.06
1749265841,16.38000000,4.42000000,17.06
1749265841,16.37000000,92.94000000,17.06
1749265841,16.36000000,1.07000000,17.06
1749265841,16.35000000,297.14000000,17.06
1749265841,16.34000000,203.22000000,17.06
1749265841,16.33000000,7.60000000,17.06
1749265841,16.32000000,20.05000000,17.06
1749265841,16.31000000,47.32000000,17.06
1749265841,16.30000000,31229.99000000,17.06
1749265841,16.28000000,1.73000000,17.06
1749265841,16.27000000,11.55000000,17.06
1749265841,16.26000000,6.36000000,17.06
1749265841,16.25000000,154.99000000,17.06
1749265841,16.24000000,0.76000000,17.06
1749265841,16.22000000,13.25000000,17.06
1749265841,16.21000000,51.80000000,17.06
1749265841,16.20000000,221.97000000,17.06
1749265841,16.19000000,0.40000000,17.06
1749265841,16.18000000,0.39000000,17.06
1749265841,16.17000000,17.85000000,17.06
1749265841,16.16000000,9.16000000,17.06
1749265841,16.15000000,50.37000000,17.06
1749265841,16.14000000,1.52000000,17.06
1749265841,16.13000000,23.71000000,17.06
1749265841,16.12000000,26.86000000,17.06
1749265841,16.11000000,49.92000000,17.06
1749265841,16.10000000,146.64000000,17.06
1749265841,16.09000000,3.39000000,17.06
1749265841,16.08000000,10.09000000,17.06
1749265841,16.07000000,39.60000000,17.06
1749265841,16.06000000,131.69000000,17.06
1749265841,16.05000000,48.94000000,17.06
1749266143,17.10000000,1191.95000000,17.1
1749266143,17.09000000,2002.39000000,17.1
1749266143,17.08000000,2611.14000000,17.1
1749266143,17.07000000,2595.12000000,17.1
1749266143,17.06000000,785.22000000,17.1
1749266143,17.05000000,920.16000000,17.1
1749266143,17.04000000,707.04000000,17.1
1749266143,17.03000000,2846.06000000,17.1
1749266143,17.02000000,567.85000000,17.1
1749266143,17.01000000,1691.71000000,17.1
1749266143,17.00000000,341.68000000,17.1
1749266143,16.99000000,1735.20000000,17.1
1749266143,16.98000000,399.60000000,17.1
1749266143,16.97000000,2196.85000000,17.1
1749266143,16.96000000,159.59000000,17.1
1749266143,16.95000000,178.25000000,17.1
1749266143,16.94000000,1067.80000000,17.1
1749266143,16.93000000,384.43000000,17.1
1749266143,16.92000000,277.53000000,17.1
1749266143,16.91000000,312.23000000,17.1
1749266143,16.90000000,1850.71000000,17.1
1749266143,16.89000000,271.67000000,17.1
1749266143,16.88000000,165.12000000,17.1
1749266143,16.87000000,171.83000000,17.1
1749266143,16.86000000,290.88000000,17.1
1749266143,16.85000000,590.37000000,17.1
1749266143,16.84000000,64.69000000,17.1
1749266143,16.83000000,203.98000000,17.1
1749266143,16.82000000,100.80000000,17.1
1749266143,16.81000000,1057.36000000,17.1
1749266143,16.80000000,94.50000000,17.1
1749266143,16.79000000,170.91000000,17.1
1749266143,16.78000000,71.35000000,17.1
1749266143,16.77000000,1.75000000,17.1
1749266143,16.76000000,121.34000000,17.1
1749266143,16.75000000,42.26000000,17.1
1749266143,16.74000000,19.80000000,17.1
1749266143,16.73000000,38.59000000,17.1
1749266143,16.72000000,13.55000000,17.1
1749266143,16.71000000,17.73000000,17.1
1749266143,16.70000000,4.48000000,17.1
1749266143,16.69000000,0.61000000,17.1
1749266143,16.68000000,8.95000000,17.1
1749266143,16.67000000,3.08000000,17.1
1749266143,16.66000000,1.06000000,17.1
1749266143,16.65000000,26.64000000,17.1
1749266143,16.64000000,4.25000000,17.1
1749266143,16.63000000,32.24000000,17.1
1749266143,16.62000000,2.40000000,17.1
1749266143,16.61000000,9.91000000,17.1
1749266143,16.60000000,5.68000000,17.1
1749266143,16.59000000,410.69000000,17.1
1749266143,16.58000000,3.61000000,17.1
1749266143,16.57000000,12.74000000,17.1
1749266143,16.56000000,2.42000000,17.1
1749266143,16.55000000,1.91000000,17.1
1749266143,16.54000000,3.70000000,17.1
1749266143,16.53000000,4.47000000,17.1
1749266143,16.52000000,1.05000000,17.1
1749266143,16.51000000,14.71000000,17.1
1749266143,16.50000000,93.35000000,17.1
1749266143,16.49000000,10.74000000,17.1
1749266143,16.48000000,1.68000000,17.1
1749266143,16.47000000,4.90000000,17.1
1749266143,16.46000000,408.68000000,17.1
1749266143,16.45000000,6.11000000,17.1
1749266143,16.44000000,5.34000000,17.1
1749266143,16.43000000,0.92000000,17.1
1749266143,16.42000000,34.59000000,17.1
1749266143,16.41000000,1.41000000,17.1
1749266143,16.40000000,18.91000000,17.1
1749266143,16.39000000,0.98000000,17.1
1749266143,16.38000000,5.34000000,17.1
1749266143,16.37000000,92.94000000,17.1
1749266143,16.36000000,1.07000000,17.1
1749266143,16.35000000,297.13000000,17.1
1749266143,16.34000000,202.62000000,17.1
1749266143,16.33000000,7.00000000,17.1
1749266143,16.32000000,19.46000000,17.1
1749266143,16.31000000,46.73000000,17.1
1749266143,16.30000000,31212.94000000,17.1
1749266143,16.28000000,1.73000000,17.1
1749266143,16.27000000,11.55000000,17.1
1749266143,16.26000000,6.36000000,17.1
1749266143,16.25000000,154.99000000,17.1
1749266143,16.24000000,19.21000000,17.1
1749266143,16.22000000,13.25000000,17.1
1749266143,16.21000000,51.80000000,17.1
1749266143,16.20000000,203.52000000,17.1
1749266143,16.19000000,0.40000000,17.1
1749266143,16.18000000,0.39000000,17.1
1749266143,16.17000000,17.85000000,17.1
1749266143,16.16000000,9.16000000,17.1
1749266143,16.15000000,50.37000000,17.1
1749266143,16.14000000,1.52000000,17.1
1749266143,16.13000000,23.71000000,17.1
1749266143,16.12000000,26.86000000,17.1
1749266143,16.11000000,49.46000000,17.1
1749266143,16.10000000,146.64000000,17.1
1749266143,16.09000000,3.39000000,17.1
1749266444,17.06000000,632.16000000,17.07
1749266444,17.05000000,3033.47000000,17.07
1749266444,17.04000000,2533.03000000,17.07
1749266444,17.03000000,3201.18000000,17.07
1749266444,17.02000000,2016.45000000,17.07
1749266444,17.01000000,2999.03000000,17.07
1749266444,17.00000000,1056.81000000,17.07
1749266444,16.99000000,222.32000000,17.07
1749266444,16.98000000,173.73000000,17.07
1749266444,16.97000000,2373.76000000,17.07
1749266444,16.96000000,159.59000000,17.07
1749266444,16.95000000,400.81000000,17.07
1749266444,16.94000000,249.01000000,17.07
1749266444,16.93000000,380.50000000,17.07
1749266444,16.92000000,170.15000000,17.07
1749266444,16.91000000,1065.58000000,17.07
1749266444,16.90000000,1850.71000000,17.07
1749266444,16.89000000,271.67000000,17.07
1749266444,16.88000000,229.99000000,17.07
1749266444,16.87000000,163.95000000,17.07
1749266444,16.86000000,273.12000000,17.07
1749266444,16.85000000,590.37000000,17.07
1749266444,16.84000000,64.69000000,17.07
1749266444,16.83000000,158.86000000,17.07
1749266444,16.82000000,77.08000000,17.07
1749266444,16.81000000,1057.36000000,17.07
1749266444,16.80000000,145.00000000,17.07
1749266444,16.79000000,170.91000000,17.07
1749266444,16.78000000,8.35000000,17.07
1749266444,16.77000000,64.75000000,17.07
1749266444,16.76000000,184.34000000,17.07
1749266444,16.75000000,89.77000000,17.07
1749266444,16.74000000,64.92000000,17.07
1749266444,16.73000000,72.14000000,17.07
1749266444,16.72000000,13.55000000,17.07
1749266444,16.71000000,80.73000000,17.07
1749266444,16.70000000,4.48000000,17.07
1749266444,16.69000000,0.61000000,17.07
1749266444,16.68000000,102.38000000,17.07
1749266444,16.67000000,3.08000000,17.07
1749266444,16.66000000,1.06000000,17.07
1749266444,16.65000000,89.64000000,17.07
1749266444,16.64000000,4.25000000,17.07
1749266444,16.63000000,95.24000000,17.07
1749266444,16.62000000,2.40000000,17.07
1749266444,16.61000000,9.91000000,17.07
1749266444,16.60000000,5.68000000,17.07
1749266444,16.59000000,429.14000000,17.07
1749266444,16.58000000,3.61000000,17.07
1749266444,16.57000000,12.74000000,17.07
1749266444,16.56000000,2.42000000,17.07
1749266444,16.55000000,1.91000000,17.07
1749266444,16.54000000,3.70000000,17.07
1749266444,16.53000000,4.47000000,17.07
1749266444,16.52000000,1.79000000,17.07
1749266444,16.51000000,14.71000000,17.07
1749266444,16.50000000,93.35000000,17.07
1749266444,16.49000000,10.74000000,17.07
1749266444,16.48000000,0.94000000,17.07
1749266444,16.47000000,4.90000000,17.07
1749266444,16.46000000,411.41000000,17.07
1749266444,16.45000000,6.11000000,17.07
1749266444,16.44000000,2.61000000,17.07
1749266444,16.43000000,0.92000000,17.07
1749266444,16.42000000,34.59000000,17.07
1749266444,16.41000000,1.41000000,17.07
1749266444,16.40000000,18.91000000,17.07
1749266444,16.39000000,0.98000000,17.07
1749266444,16.38000000,5.34000000,17.07
1749266444,16.37000000,92.94000000,17.07
1749266444,16.36000000,1.07000000,17.07
1749266444,16.35000000,297.13000000,17.07
1749266444,16.34000000,203.21000000,17.07
1749266444,16.33000000,7.59000000,17.07
1749266444,16.32000000,20.05000000,17.07
1749266444,16.31000000,47.32000000,17.07
1749266444,16.30000000,31212.94000000,17.07
1749266444,16.28000000,1.73000000,17.07
1749266444,16.27000000,11.55000000,17.07
1749266444,16.26000000,6.36000000,17.07
1749266444,16.25000000,154.99000000,17.07
1749266444,16.24000000,0.76000000,17.07
1749266444,16.22000000,13.25000000,17.07
1749266444,16.21000000,51.80000000,17.07
1749266444,16.20000000,203.52000000,17.07
1749266444,16.19000000,0.40000000,17.07
1749266444,16.18000000,0.39000000,17.07
1749266444,16.17000000,17.85000000,17.07
1749266444,16.16000000,9.16000000,17.07
1749266444,16.15000000,50.37000000,17.07
1749266444,16.14000000,1.52000000,17.07
1749266444,16.13000000,23.71000000,17.07
1749266444,16.12000000,26.86000000,17.07
1749266444,16.11000000,49.46000000,17.07
1749266444,16.10000000,146.64000000,17.07
1749266444,16.09000000,3.39000000,17.07
1749266444,16.08000000,10.09000000,17.07
1749266444,16.07000000,39.60000000,17.07
1749266444,16.06000000,131.69000000,17.07
1749266444,16.05000000,48.94000000,17.07
1749266746,17.11000000,664.65000000,17.11
1749266746,17.10000000,2069.74000000,17.11
1749266746,17.09000000,3772.07000000,17.11
1749266746,17.08000000,2668.53000000,17.11
1749266746,17.07000000,1595.01000000,17.11
1749266746,17.06000000,757.26000000,17.11
1749266746,17.05000000,1962.53000000,17.11
1749266746,17.04000000,1353.34000000,17.11
1749266746,17.03000000,853.84000000,17.11
1749266746,17.02000000,1595.10000000,17.11
1749266746,17.01000000,1743.75000000,17.11
1749266746,17.00000000,159.59000000,17.11
1749266746,16.99000000,231.87000000,17.11
1749266746,16.98000000,167.59000000,17.11
1749266746,16.97000000,2215.30000000,17.11
1749266746,16.96000000,1198.93000000,17.11
1749266746,16.95000000,278.30000000,17.11
1749266746,16.94000000,175.84000000,17.11
1749266746,16.93000000,155.85000000,17.11
1749266746,16.92000000,169.70000000,17.11
1749266746,16.91000000,163.28000000,17.11
1749266746,16.90000000,2090.05000000,17.11
1749266746,16.89000000,271.67000000,17.11
1749266746,16.88000000,165.12000000,17.11
1749266746,16.87000000,163.95000000,17.11
1749266746,16.86000000,221.73000000,17.11
1749266746,16.85000000,611.51000000,17.11
1749266746,16.84000000,64.69000000,17.11
1749266746,16.83000000,158.86000000,17.11
1749266746,16.82000000,77.08000000,17.11
1749266746,16.81000000,1057.36000000,17.11
1749266746,16.80000000,76.05000000,17.11
1749266746,16.79000000,170.91000000,17.11
1749266746,16.78000000,13.63000000,17.11
1749266746,16.77000000,66.53000000,17.11
1749266746,16.76000000,184.34000000,17.11
1749266746,16.75000000,89.77000000,17.11
1749266746,16.74000000,94.20000000,17.11
1749266746,16.73000000,19.59000000,17.11
1749266746,16.72000000,34.59000000,17.11
1749266746,16.71000000,17.28000000,17.11
1749266746,16.70000000,2.69000000,17.11
1749266746,16.69000000,0.61000000,17.11
1749266746,16.68000000,8.95000000,17.11
1749266746,16.67000000,0.61000000,17.11
1749266746,16.66000000,1.06000000,17.11
1749266746,16.65000000,26.64000000,17.11
1749266746,16.64000000,3.91000000,17.11
1749266746,16.63000000,32.24000000,17.11
1749266746,16.62000000,2.40000000,17.11
1749266746,16.61000000,9.91000000,17.11
1749266746,16.60000000,5.68000000,17.11
1749266746,16.59000000,429.14000000,17.11
1749266746,16.58000000,3.61000000,17.11
1749266746,16.57000000,14.60000000,17.11
1749266746,16.56000000,2.42000000,17.11
1749266746,16.55000000,1.91000000,17.11
1749266746,16.54000000,3.70000000,17.11
1749266746,16.53000000,4.47000000,17.11
1749266746,16.52000000,1.79000000,17.11
1749266746,16.51000000,14.71000000,17.11
1749266746,16.50000000,96.06000000,17.11
1749266746,16.49000000,10.74000000,17.11
1749266746,16.48000000,0.94000000,17.11
1749266746,16.47000000,4.90000000,17.11
1749266746,16.46000000,406.82000000,17.11
1749266746,16.45000000,6.11000000,17.11
1749266746,16.44000000,3.33000000,17.11
1749266746,16.43000000,0.92000000,17.11
1749266746,16.42000000,34.59000000,17.11
1749266746,16.41000000,1.41000000,17.11
1749266746,16.40000000,22.46000000,17.11
1749266746,16.39000000,0.98000000,17.11
1749266746,16.38000000,5.34000000,17.11
1749266746,16.37000000,92.93000000,17.11
1749266746,16.36000000,1.06000000,17.11
1749266746,16.35000000,296.54000000,17.11
1749266746,16.34000000,202.62000000,17.11
1749266746,16.33000000,7.00000000,17.11
1749266746,16.32000000,16.42000000,17.11
1749266746,16.31000000,46.73000000,17.11
1749266746,16.30000000,31212.94000000,17.11
1749266746,16.28000000,1.73000000,17.11
1749266746,16.27000000,11.55000000,17.11
1749266746,16.26000000,6.36000000,17.11
1749266746,16.25000000,154.99000000,17.11
1749266746,16.24000000,0.76000000,17.11
1749266746,16.22000000,13.25000000,17.11
1749266746,16.21000000,51.80000000,17.11
1749266746,16.20000000,203.52000000,17.11
1749266746,16.19000000,0.40000000,17.11
1749266746,16.18000000,0.39000000,17.11
1749266746,16.17000000,17.85000000,17.11
1749266746,16.16000000,9.16000000,17.11
1749266746,16.15000000,50.37000000,17.11
1749266746,16.14000000,1.52000000,17.11
1749266746,16.13000000,23.71000000,17.11
1749266746,16.12000000,26.50000000,17.11
1749266746,16.11000000,49.46000000,17.11
1749266746,16.10000000,146.64000000,17.11
1749267048,17.11000000,452.34000000,17.11
1749267048,17.10000000,2212.62000000,17.11
1749267048,17.09000000,3503.74000000,17.11
1749267048,17.08000000,3479.33000000,17.11
1749267048,17.07000000,1881.17000000,17.11
1749267048,17.06000000,695.72000000,17.11
1749267048,17.05000000,2617.50000000,17.11
1749267048,17.04000000,1228.51000000,17.11
1749267048,17.03000000,2225.14000000,17.11
1749267048,17.02000000,171.27000000,17.11
1749267048,17.01000000,167.80000000,17.11
1749267048,17.00000000,2434.83000000,17.11
1749267048,16.99000000,231.87000000,17.11
1749267048,16.98000000,167.59000000,17.11
1749267048,16.97000000,177.39000000,17.11
1749267048,16.96000000,381.46000000,17.11
1749267048,16.95000000,2583.60000000,17.11
1749267048,16.94000000,175.84000000,17.11
1749267048,16.93000000,163.44000000,17.11
1749267048,16.92000000,163.81000000,17.11
1749267048,16.91000000,143.98000000,17.11
1749267048,16.90000000,504.27000000,17.11
1749267048,16.89000000,271.67000000,17.11
1749267048,16.88000000,165.12000000,17.11
1749267048,16.87000000,163.95000000,17.11
1749267048,16.86000000,187.36000000,17.11
1749267048,16.85000000,596.29000000,17.11
1749267048,16.84000000,64.69000000,17.11
1749267048,16.83000000,158.86000000,17.11
1749267048,16.82000000,77.08000000,17.11
1749267048,16.81000000,1057.36000000,17.11
1749267048,16.80000000,195.38000000,17.11
1749267048,16.79000000,170.91000000,17.11
1749267048,16.78000000,46.92000000,17.11
1749267048,16.77000000,66.53000000,17.11
1749267048,16.76000000,64.72000000,17.11
1749267048,16.75000000,89.77000000,17.11
1749267048,16.74000000,403.58000000,17.11
1749267048,16.73000000,37.29000000,17.11
1749267048,16.72000000,13.10000000,17.11
1749267048,16.71000000,17.28000000,17.11
1749267048,16.70000000,2.69000000,17.11
1749267048,16.69000000,0.61000000,17.11
1749267048,16.68000000,8.95000000,17.11
1749267048,16.67000000,0.61000000,17.11
1749267048,16.66000000,1.06000000,17.11
1749267048,16.65000000,26.64000000,17.11
1749267048,16.64000000,3.91000000,17.11
1749267048,16.63000000,32.24000000,17.11
1749267048,16.62000000,2.40000000,17.11
1749267048,16.61000000,9.91000000,17.11
1749267048,16.60000000,5.68000000,17.11
1749267048,16.59000000,27.48000000,17.11
1749267048,16.58000000,3.61000000,17.11
1749267048,16.57000000,14.60000000,17.11
1749267048,16.56000000,2.42000000,17.11
1749267048,16.55000000,1.91000000,17.11
1749267048,16.54000000,3.70000000,17.11
1749267048,16.53000000,4.47000000,17.11
1749267048,16.52000000,1.79000000,17.11
1749267048,16.51000000,14.71000000,17.11
1749267048,16.50000000,93.35000000,17.11
1749267048,16.49000000,10.74000000,17.11
1749267048,16.48000000,3.65000000,17.11
1749267048,16.47000000,4.90000000,17.11
1749267048,16.46000000,406.82000000,17.11
1749267048,16.45000000,6.11000000,17.11
1749267048,16.44000000,2.80000000,17.11
1749267048,16.43000000,0.92000000,17.11
1749267048,16.42000000,34.59000000,17.11
1749267048,16.41000000,1.41000000,17.11
1749267048,16.40000000,22.46000000,17.11
1749267048,16.39000000,0.98000000,17.11
1749267048,16.38000000,5.34000000,17.11
1749267048,16.37000000,92.93000000,17.11
1749267048,16.36000000,1.06000000,17.11
1749267048,16.35000000,296.54000000,17.11
1749267048,16.34000000,202.62000000,17.11
1749267048,16.33000000,7.00000000,17.11
1749267048,16.32000000,16.42000000,17.11
1749267048,16.31000000,46.73000000,17.11
1749267048,16.30000000,31212.94000000,17.11
1749267048,16.28000000,1.73000000,17.11
1749267048,16.27000000,11.55000000,17.11
1749267048,16.26000000,6.36000000,17.11
1749267048,16.25000000,154.99000000,17.11
1749267048,16.24000000,0.76000000,17.11
1749267048,16.22000000,13.25000000,17.11
1749267048,16.21000000,51.80000000,17.11
1749267048,16.20000000,203.52000000,17.11
1749267048,16.19000000,0.40000000,17.11
1749267048,16.18000000,0.39000000,17.11
1749267048,16.17000000,17.85000000,17.11
1749267048,16.16000000,9.16000000,17.11
1749267048,16.15000000,50.37000000,17.11
1749267048,16.14000000,1.52000000,17.11
1749267048,16.13000000,23.71000000,17.11
1749267048,16.12000000,26.50000000,17.11
1749267048,16.11000000,49.46000000,17.11
1749267048,16.10000000,146.64000000,17.11
1749267349,17.12000000,1458.97000000,17.12
1749267349,17.11000000,1812.04000000,17.12
1749267349,17.10000000,4039.88000000,17.12
1749267349,17.09000000,2290.78000000,17.12
1749267349,17.08000000,1326.76000000,17.12
1749267349,17.07000000,1793.75000000,17.12
1749267349,17.06000000,2401.21000000,17.12
1749267349,17.05000000,1727.08000000,17.12
1749267349,17.04000000,515.01000000,17.12
1749267349,17.03000000,2049.15000000,17.12
1749267349,17.02000000,353.15000000,17.12
1749267349,17.01000000,167.80000000,17.12
1749267349,17.00000000,2207.68000000,17.12
1749267349,16.99000000,463.64000000,17.12
1749267349,16.98000000,167.59000000,17.12
1749267349,16.97000000,976.45000000,17.12
1749267349,16.96000000,381.46000000,17.12
1749267349,16.95000000,1765.82000000,17.12
1749267349,16.94000000,175.84000000,17.12
1749267349,16.93000000,175.41000000,17.12
1749267349,16.92000000,263.16000000,17.12
1749267349,16.91000000,143.98000000,17.12
1749267349,16.90000000,372.61000000,17.12
1749267349,16.89000000,271.67000000,17.12
1749267349,16.88000000,190.73000000,17.12
1749267349,16.87000000,169.86000000,17.12
1749267349,16.86000000,273.12000000,17.12
1749267349,16.85000000,590.37000000,17.12
1749267349,16.84000000,97.87000000,17.12
1749267349,16.83000000,164.79000000,17.12
1749267349,16.82000000,77.08000000,17.12
1749267349,16.81000000,1057.36000000,17.12
1749267349,16.80000000,195.38000000,17.12
1749267349,16.79000000,170.91000000,17.12
1749267349,16.78000000,13.63000000,17.12
1749267349,16.77000000,66.89000000,17.12
1749267349,16.76000000,29.11000000,17.12
1749267349,16.75000000,32.72000000,17.12
1749267349,16.74000000,433.82000000,17.12
1749267349,16.73000000,7.66000000,17.12
1749267349,16.72000000,13.10000000,17.12
1749267349,16.71000000,17.28000000,17.12
1749267349,16.70000000,2.69000000,17.12
1749267349,16.69000000,0.61000000,17.12
1749267349,16.68000000,8.95000000,17.12
1749267349,16.67000000,0.61000000,17.12
1749267349,16.66000000,1.06000000,17.12
1749267349,16.65000000,26.64000000,17.12
1749267349,16.64000000,3.91000000,17.12
1749267349,16.63000000,32.24000000,17.12
1749267349,16.62000000,2.40000000,17.12
1749267349,16.61000000,9.91000000,17.12
1749267349,16.60000000,5.68000000,17.12
1749267349,16.59000000,27.48000000,17.12
1749267349,16.58000000,3.61000000,17.12
1749267349,16.57000000,14.60000000,17.12
1749267349,16.56000000,2.42000000,17.12
1749267349,16.55000000,1.91000000,17.12
1749267349,16.54000000,3.70000000,17.12
1749267349,16.53000000,4.47000000,17.12
1749267349,16.52000000,1.79000000,17.12
1749267349,16.51000000,14.71000000,17.12
1749267349,16.50000000,93.35000000,17.12
1749267349,16.49000000,10.74000000,17.12
1749267349,16.48000000,3.65000000,17.12
1749267349,16.47000000,4.90000000,17.12
1749267349,16.46000000,406.82000000,17.12
1749267349,16.45000000,6.11000000,17.12
1749267349,16.44000000,2.80000000,17.12
1749267349,16.43000000,1.41000000,17.12
1749267349,16.42000000,34.59000000,17.12
1749267349,16.41000000,1.41000000,17.12
1749267349,16.40000000,22.46000000,17.12
1749267349,16.39000000,0.98000000,17.12
1749267349,16.38000000,5.34000000,17.12
1749267349,16.37000000,92.93000000,17.12
1749267349,16.36000000,0.47000000,17.12
1749267349,16.35000000,296.54000000,17.12
1749267349,16.34000000,202.62000000,17.12
1749267349,16.33000000,7.00000000,17.12
1749267349,16.32000000,16.42000000,17.12
1749267349,16.31000000,46.73000000,17.12
1749267349,16.30000000,31212.94000000,17.12
1749267349,16.28000000,1.73000000,17.12
1749267349,16.27000000,11.55000000,17.12
1749267349,16.26000000,6.36000000,17.12
1749267349,16.25000000,154.99000000,17.12
1749267349,16.24000000,0.76000000,17.12
1749267349,16.22000000,13.25000000,17.12
1749267349,16.21000000,51.80000000,17.12
1749267349,16.20000000,203.52000000,17.12
1749267349,16.19000000,0.40000000,17.12
1749267349,16.18000000,0.39000000,17.12
1749267349,16.17000000,17.85000000,17.12
1749267349,16.16000000,9.16000000,17.12
1749267349,16.15000000,50.37000000,17.12
1749267349,16.14000000,1.52000000,17.12
1749267349,16.13000000,23.71000000,17.12
1749267349,16.12000000,26.50000000,17.12
1749267349,16.11000000,49.46000000,17.12
1749267651,17.10000000,1158.75000000,17.1
1749267651,17.09000000,3001.26000000,17.1
1749267651,17.08000000,3575.24000000,17.1
1749267651,17.07000000,1824.19000000,17.1
1749267651,17.06000000,1939.84000000,17.1
1749267651,17.05000000,2588.17000000,17.1
1749267651,17.04000000,1346.96000000,17.1
1749267651,17.03000000,2108.89000000,17.1
1749267651,17.02000000,377.15000000,17.1
1749267651,17.01000000,410.74000000,17.1
1749267651,17.00000000,2197.50000000,17.1
1749267651,16.99000000,231.87000000,17.1
1749267651,16.98000000,167.59000000,17.1
1749267651,16.97000000,158.94000000,17.1
1749267651,16.96000000,381.46000000,17.1
1749267651,16.95000000,2583.52000000,17.1
1749267651,16.94000000,175.84000000,17.1
1749267651,16.93000000,163.45000000,17.1
1749267651,16.92000000,163.81000000,17.1
1749267651,16.91000000,143.98000000,17.1
1749267651,16.90000000,372.61000000,17.1
1749267651,16.89000000,271.67000000,17.1
1749267651,16.88000000,247.98000000,17.1
1749267651,16.87000000,163.95000000,17.1
1749267651,16.86000000,273.12000000,17.1
1749267651,16.85000000,590.37000000,17.1
1749267651,16.84000000,97.87000000,17.1
1749267651,16.83000000,158.86000000,17.1
1749267651,16.82000000,77.08000000,17.1
1749267651,16.81000000,1057.36000000,17.1
1749267651,16.80000000,195.38000000,17.1
1749267651,16.79000000,170.91000000,17.1
1749267651,16.78000000,76.63000000,17.1
1749267651,16.77000000,66.89000000,17.1
1749267651,16.76000000,35.06000000,17.1
1749267651,16.75000000,26.77000000,17.1
1749267651,16.74000000,433.82000000,17.1
1749267651,16.73000000,7.66000000,17.1
1749267651,16.72000000,13.10000000,17.1
1749267651,16.71000000,17.28000000,17.1
1749267651,16.70000000,2.69000000,17.1
1749267651,16.69000000,0.61000000,17.1
1749267651,16.68000000,8.95000000,17.1
1749267651,16.67000000,0.61000000,17.1
1749267651,16.66000000,1.06000000,17.1
1749267651,16.65000000,26.64000000,17.1
1749267651,16.64000000,3.91000000,17.1
1749267651,16.63000000,32.24000000,17.1
1749267651,16.62000000,2.40000000,17.1
1749267651,16.61000000,9.91000000,17.1
1749267651,16.60000000,5.68000000,17.1
1749267651,16.59000000,27.48000000,17.1
1749267651,16.58000000,3.61000000,17.1
1749267651,16.57000000,14.60000000,17.1
1749267651,16.56000000,2.42000000,17.1
1749267651,16.55000000,1.91000000,17.1
1749267651,16.54000000,3.70000000,17.1
1749267651,16.53000000,4.47000000,17.1
1749267651,16.52000000,1.79000000,17.1
1749267651,16.51000000,14.71000000,17.1
1749267651,16.50000000,93.35000000,17.1
1749267651,16.49000000,10.74000000,17.1
1749267651,16.48000000,3.65000000,17.1
1749267651,16.47000000,4.90000000,17.1
1749267651,16.46000000,406.82000000,17.1
1749267651,16.45000000,6.11000000,17.1
1749267651,16.44000000,2.80000000,17.1
1749267651,16.43000000,1.41000000,17.1
1749267651,16.42000000,34.59000000,17.1
1749267651,16.41000000,1.41000000,17.1
1749267651,16.40000000,22.46000000,17.1
1749267651,16.39000000,0.98000000,17.1
1749267651,16.38000000,5.34000000,17.1
1749267651,16.37000000,92.93000000,17.1
1749267651,16.36000000,1.06000000,17.1
1749267651,16.35000000,297.13000000,17.1
1749267651,16.34000000,202.62000000,17.1
1749267651,16.33000000,7.00000000,17.1
1749267651,16.32000000,16.42000000,17.1
1749267651,16.31000000,46.73000000,17.1
1749267651,16.30000000,31212.94000000,17.1
1749267651,16.28000000,1.73000000,17.1
1749267651,16.27000000,11.55000000,17.1
1749267651,16.26000000,6.36000000,17.1
