timestamp,price,volume,current_price
1749254450,2477.44000000,12.58830000,2477.44
1749254450,2477.43000000,0.24720000,2477.44
1749254450,2477.42000000,0.02320000,2477.44
1749254450,2477.41000000,0.00680000,2477.44
1749254450,2477.40000000,2.35460000,2477.44
1749254450,2477.39000000,0.04670000,2477.44
1749254450,2477.38000000,0.00430000,2477.44
1749254450,2477.37000000,0.00220000,2477.44
1749254450,2477.36000000,0.05470000,2477.44
1749254450,2477.35000000,0.40920000,2477.44
1749254450,2477.34000000,0.00860000,2477.44
1749254450,2477.33000000,0.00440000,2477.44
1749254450,2477.32000000,3.91270000,2477.44
1749254450,2477.31000000,0.30220000,2477.44
1749254450,2477.30000000,2.71260000,2477.44
1749254450,2477.29000000,5.62430000,2477.44
1749254450,2477.28000000,4.40000000,2477.44
1749254450,2477.27000000,0.00240000,2477.44
1749254450,2477.26000000,1.16180000,2477.44
1749254450,2477.25000000,0.08800000,2477.44
1749254450,2477.23000000,0.07690000,2477.44
1749254450,2477.22000000,0.78000000,2477.44
1749254450,2477.20000000,2.28600000,2477.44
1749254450,2477.19000000,0.00740000,2477.44
1749254450,2477.17000000,0.40210000,2477.44
1749254450,2477.14000000,0.00220000,2477.44
1749254450,2477.13000000,7.34240000,2477.44
1749254450,2477.12000000,12.09480000,2477.44
1749254450,2477.10000000,2.28910000,2477.44
1749254450,2477.09000000,6.30000000,2477.44
1749254450,2477.08000000,0.48410000,2477.44
1749254450,2477.06000000,0.42450000,2477.44
1749254450,2477.05000000,0.17860000,2477.44
1749254450,2477.04000000,1.27360000,2477.44
1749254450,2477.03000000,0.46320000,2477.44
1749254450,2477.01000000,1.17360000,2477.44
1749254450,2477.00000000,2.76810000,2477.44
1749254450,2476.98000000,0.02000000,2477.44
1749254450,2476.97000000,0.00210000,2477.44
1749254450,2476.96000000,0.00410000,2477.44
1749254450,2476.95000000,1.35670000,2477.44
1749254450,2476.93000000,0.10000000,2477.44
1749254450,2476.92000000,0.00720000,2477.44
1749254450,2476.91000000,6.72750000,2477.44
1749254450,2476.90000000,2.71810000,2477.44
1749254450,2476.89000000,1.21550000,2477.44
1749254450,2476.87000000,0.02330000,2477.44
1749254450,2476.86000000,3.29270000,2477.44
1749254450,2476.85000000,0.80310000,2477.44
1749254450,2476.84000000,0.48420000,2477.44
1749254450,2476.83000000,0.96410000,2477.44
1749254450,2476.80000000,14.45260000,2477.44
1749254450,2476.78000000,0.00750000,2477.44
1749254450,2476.76000000,0.42450000,2477.44
1749254450,2476.75000000,8.45430000,2477.44
1749254450,2476.74000000,15.91800000,2477.44
1749254450,2476.73000000,1.99690000,2477.44
1749254450,2476.72000000,7.28460000,2477.44
1749254450,2476.71000000,0.48000000,2477.44
1749254450,2476.70000000,2.48780000,2477.44
1749254450,2476.67000000,14.91070000,2477.44
1749254450,2476.66000000,13.37290000,2477.44
1749254450,2476.65000000,0.01000000,2477.44
1749254450,2476.63000000,9.19340000,2477.44
1749254450,2476.62000000,4.41290000,2477.44
1749254450,2476.61000000,1.01060000,2477.44
1749254450,2476.60000000,3.30050000,2477.44
1749254450,2476.59000000,6.05740000,2477.44
1749254450,2476.58000000,3.57070000,2477.44
1749254450,2476.55000000,21.95750000,2477.44
1749254450,2476.54000000,9.33160000,2477.44
1749254450,2476.52000000,8.07660000,2477.44
1749254450,2476.51000000,4.09010000,2477.44
1749254450,2476.50000000,0.00210000,2477.44
1749254450,2476.49000000,8.08070000,2477.44
1749254450,2476.48000000,18.37530000,2477.44
1749254450,2476.47000000,0.10000000,2477.44
1749254450,2476.46000000,0.19960000,2477.44
1749254450,2476.44000000,0.00300000,2477.44
1749254450,2476.43000000,17.49690000,2477.44
1749254450,2476.42000000,14.46740000,2477.44
1749254450,2476.39000000,15.28290000,2477.44
1749254450,2476.38000000,19.36610000,2477.44
1749254450,2476.37000000,9.28810000,2477.44
1749254450,2476.36000000,0.48000000,2477.44
1749254450,2476.35000000,0.00310000,2477.44
1749254450,2476.34000000,0.28260000,2477.44
1749254450,2476.32000000,0.40000000,2477.44
1749254450,2476.31000000,22.37790000,2477.44
1749254450,2476.30000000,6.78410000,2477.44
1749254450,2476.28000000,6.06340000,2477.44
1749254450,2476.27000000,1.78840000,2477.44
1749254450,2476.26000000,7.06460000,2477.44
1749254450,2476.25000000,0.48000000,2477.44
1749254450,2476.24000000,0.62650000,2477.44
1749254450,2476.23000000,9.31810000,2477.44
1749254450,2476.22000000,0.16140000,2477.44
1749254450,2476.21000000,12.14560000,2477.44
1749254450,2476.20000000,21.42450000,2477.44
1749254450,2476.19000000,9.31240000,2477.44
1749254751,2473.90000000,17.62570000,2473.91
1749254751,2473.89000000,0.10840000,2473.91
1749254751,2473.88000000,0.00240000,2473.91
1749254751,2473.87000000,0.00560000,2473.91
1749254751,2473.86000000,0.96120000,2473.91
1749254751,2473.85000000,0.09810000,2473.91
1749254751,2473.84000000,0.00210000,2473.91
1749254751,2473.83000000,0.77650000,2473.91
1749254751,2473.81000000,0.00220000,2473.91
1749254751,2473.80000000,2.29850000,2473.91
1749254751,2473.79000000,0.41510000,2473.91
1749254751,2473.76000000,0.00220000,2473.91
1749254751,2473.75000000,0.03340000,2473.91
1749254751,2473.74000000,0.00300000,2473.91
1749254751,2473.71000000,0.39790000,2473.91
1749254751,2473.70000000,0.37810000,2473.91
1749254751,2473.69000000,0.02600000,2473.91
1749254751,2473.65000000,0.00210000,2473.91
1749254751,2473.64000000,0.01740000,2473.91
1749254751,2473.63000000,0.03310000,2473.91
1749254751,2473.62000000,0.57340000,2473.91
1749254751,2473.61000000,1.09960000,2473.91
1749254751,2473.60000000,0.00310000,2473.91
1749254751,2473.59000000,0.39820000,2473.91
1749254751,2473.58000000,0.40000000,2473.91
1749254751,2473.56000000,0.00300000,2473.91
1749254751,2473.55000000,0.01840000,2473.91
1749254751,2473.54000000,2.46270000,2473.91
1749254751,2473.53000000,0.00410000,2473.91
1749254751,2473.52000000,6.30000000,2473.91
1749254751,2473.50000000,0.00210000,2473.91
1749254751,2473.47000000,0.39580000,2473.91
1749254751,2473.46000000,0.01420000,2473.91
1749254751,2473.45000000,0.00210000,2473.91
1749254751,2473.44000000,0.00210000,2473.91
1749254751,2473.42000000,1.27820000,2473.91
1749254751,2473.41000000,1.26330000,2473.91
1749254751,2473.39000000,0.00410000,2473.91
1749254751,2473.38000000,0.00300000,2473.91
1749254751,2473.35000000,0.00310000,2473.91
1749254751,2473.34000000,0.39580000,2473.91
1749254751,2473.32000000,2.57480000,2473.91
1749254751,2473.30000000,12.98510000,2473.91
1749254751,2473.29000000,0.00640000,2473.91
1749254751,2473.27000000,6.70000000,2473.91
1749254751,2473.26000000,0.50740000,2473.91
1749254751,2473.25000000,0.00210000,2473.91
1749254751,2473.24000000,9.29240000,2473.91
1749254751,2473.23000000,12.11290000,2473.91
1749254751,2473.22000000,8.98550000,2473.91
1749254751,2473.20000000,0.68510000,2473.91
1749254751,2473.19000000,0.10000000,2473.91
1749254751,2473.18000000,4.34510000,2473.91
1749254751,2473.15000000,10.43320000,2473.91
1749254751,2473.10000000,0.20620000,2473.91
1749254751,2473.09000000,0.59960000,2473.91
1749254751,2473.08000000,18.41000000,2473.91
1749254751,2473.07000000,1.44000000,2473.91
1749254751,2473.06000000,9.08910000,2473.91
1749254751,2473.05000000,1.45660000,2473.91
1749254751,2473.04000000,0.00420000,2473.91
1749254751,2473.03000000,12.25130000,2473.91
1749254751,2473.02000000,0.00300000,2473.91
1749254751,2473.01000000,1.87760000,2473.91
1749254751,2473.00000000,0.46080000,2473.91
1749254751,2472.99000000,0.03730000,2473.91
1749254751,2472.98000000,19.19630000,2473.91
1749254751,2472.97000000,4.33750000,2473.91
1749254751,2472.96000000,21.18370000,2473.91
1749254751,2472.95000000,19.69030000,2473.91
1749254751,2472.94000000,0.02830000,2473.91
1749254751,2472.93000000,20.49620000,2473.91
1749254751,2472.92000000,0.10000000,2473.91
1749254751,2472.90000000,1.46760000,2473.91
1749254751,2472.89000000,0.02910000,2473.91
1749254751,2472.88000000,18.17310000,2473.91
1749254751,2472.87000000,0.00210000,2473.91
1749254751,2472.85000000,6.30310000,2473.91
1749254751,2472.84000000,0.00300000,2473.91
1749254751,2472.82000000,10.31790000,2473.91
1749254751,2472.81000000,7.89460000,2473.91
1749254751,2472.80000000,0.03110000,2473.91
1749254751,2472.79000000,0.16980000,2473.91
1749254751,2472.77000000,0.64260000,2473.91
1749254751,2472.76000000,6.14090000,2473.91
1749254751,2472.73000000,1.77940000,2473.91
1749254751,2472.72000000,35.86120000,2473.91
1749254751,2472.70000000,18.42320000,2473.91
1749254751,2472.69000000,3.89880000,2473.91
1749254751,2472.68000000,0.00250000,2473.91
1749254751,2472.67000000,0.00210000,2473.91
1749254751,2472.66000000,13.97590000,2473.91
1749254751,2472.65000000,9.30250000,2473.91
1749254751,2472.64000000,3.86080000,2473.91
1749254751,2472.63000000,12.16580000,2473.91
1749254751,2472.62000000,0.05180000,2473.91
1749254751,2472.61000000,0.00230000,2473.91
1749254751,2472.60000000,1.81850000,2473.91
1749254751,2472.59000000,15.45500000,2473.91
1749254751,2472.58000000,0.48000000,2473.91
1749255077,2469.13000000,6.39290000,2468.95
1749255077,2469.12000000,0.00430000,2468.95
1749255077,2469.11000000,0.00220000,2468.95
1749255077,2469.10000000,0.00670000,2468.95
1749255077,2469.09000000,0.00220000,2468.95
1749255077,2469.06000000,0.03230000,2468.95
1749255077,2469.05000000,0.00430000,2468.95
1749255077,2469.04000000,0.67570000,2468.95
1749255077,2469.03000000,0.00860000,2468.95
1749255077,2469.02000000,0.06510000,2468.95
1749255077,2469.01000000,1.53950000,2468.95
1749255077,2469.00000000,5.71300000,2468.95
1749255077,2468.96000000,0.00220000,2468.95
1749255077,2468.95000000,7.08460000,2468.95
1749255077,2468.94000000,0.40850000,2468.95
1749255077,2468.93000000,0.02890000,2468.95
1749255077,2468.91000000,0.00220000,2468.95
1749255077,2468.90000000,2.74300000,2468.95
1749255077,2468.89000000,0.00410000,2468.95
1749255077,2468.88000000,0.02100000,2468.95
1749255077,2468.87000000,0.00240000,2468.95
1749255077,2468.86000000,0.00420000,2468.95
1749255077,2468.85000000,0.00310000,2468.95
1749255077,2468.83000000,0.42100000,2468.95
1749255077,2468.82000000,0.42170000,2468.95
1749255077,2468.81000000,0.07250000,2468.95
1749255077,2468.80000000,0.05140000,2468.95
1749255077,2468.79000000,0.04680000,2468.95
1749255077,2468.78000000,3.06890000,2468.95
1749255077,2468.77000000,4.70090000,2468.95
1749255077,2468.76000000,1.11000000,2468.95
1749255077,2468.75000000,3.10260000,2468.95
1749255077,2468.74000000,6.30230000,2468.95
1749255077,2468.73000000,0.70490000,2468.95
1749255077,2468.72000000,0.00660000,2468.95
1749255077,2468.71000000,0.00240000,2468.95
1749255077,2468.70000000,0.63230000,2468.95
1749255077,2468.69000000,0.10000000,2468.95
1749255077,2468.64000000,0.00410000,2468.95
1749255077,2468.63000000,8.02580000,2468.95
1749255077,2468.62000000,0.80420000,2468.95
1749255077,2468.61000000,0.01190000,2468.95
1749255077,2468.60000000,0.02340000,2468.95
1749255077,2468.59000000,0.00710000,2468.95
1749255077,2468.57000000,9.42820000,2468.95
1749255077,2468.55000000,10.38210000,2468.95
1749255077,2468.54000000,0.17870000,2468.95
1749255077,2468.53000000,2.62380000,2468.95
1749255077,2468.52000000,5.49900000,2468.95
1749255077,2468.51000000,0.03320000,2468.95
1749255077,2468.50000000,1.70480000,2468.95
1749255077,2468.49000000,6.37730000,2468.95
1749255077,2468.48000000,0.00420000,2468.95
1749255077,2468.47000000,3.90320000,2468.95
1749255077,2468.45000000,0.93670000,2468.95
1749255077,2468.44000000,0.00210000,2468.95
1749255077,2468.43000000,0.51230000,2468.95
1749255077,2468.42000000,0.05900000,2468.95
1749255077,2468.41000000,4.13890000,2468.95
1749255077,2468.40000000,0.00230000,2468.95
1749255077,2468.39000000,0.00650000,2468.95
1749255077,2468.37000000,0.04370000,2468.95
1749255077,2468.36000000,12.14450000,2468.95
1749255077,2468.35000000,0.00780000,2468.95
1749255077,2468.34000000,3.96230000,2468.95
1749255077,2468.33000000,8.09440000,2468.95
1749255077,2468.32000000,9.30820000,2468.95
1749255077,2468.31000000,0.02480000,2468.95
1749255077,2468.30000000,1.14220000,2468.95
1749255077,2468.29000000,0.00230000,2468.95
1749255077,2468.28000000,0.20740000,2468.95
1749255077,2468.27000000,0.52070000,2468.95
1749255077,2468.26000000,8.48620000,2468.95
1749255077,2468.25000000,4.90750000,2468.95
1749255077,2468.24000000,10.55000000,2468.95
1749255077,2468.23000000,4.17270000,2468.95
1749255077,2468.22000000,0.08900000,2468.95
1749255077,2468.21000000,10.76110000,2468.95
1749255077,2468.20000000,0.52840000,2468.95
1749255077,2468.19000000,0.00940000,2468.95
1749255077,2468.18000000,0.01870000,2468.95
1749255077,2468.17000000,1.34280000,2468.95
1749255077,2468.16000000,0.06800000,2468.95
1749255077,2468.15000000,0.00380000,2468.95
1749255077,2468.14000000,9.01250000,2468.95
1749255077,2468.13000000,0.96000000,2468.95
1749255077,2468.12000000,0.64760000,2468.95
1749255077,2468.11000000,16.15530000,2468.95
1749255077,2468.10000000,4.21060000,2468.95
1749255077,2468.09000000,12.15420000,2468.95
1749255077,2468.08000000,0.03690000,2468.95
1749255077,2468.07000000,6.13740000,2468.95
1749255077,2468.06000000,12.73030000,2468.95
1749255077,2468.04000000,9.16830000,2468.95
1749255077,2468.03000000,14.70070000,2468.95
1749255077,2468.02000000,12.85440000,2468.95
1749255077,2468.01000000,2.00000000,2468.95
1749255077,2468.00000000,27.31050000,2468.95
1749255077,2467.99000000,6.71070000,2468.95
1749255077,2467.98000000,0.00940000,2468.95
