timestamp,price,volume,current_price
1749258226,2476.85000000,91.33570000,2476.85
1749258226,2476.84000000,17.06980000,2476.85
1749258226,2476.83000000,0.00220000,2476.85
1749258226,2476.82000000,0.00440000,2476.85
1749258226,2476.81000000,24.49190000,2476.85
1749258226,2476.80000000,6.36200000,2476.85
1749258226,2476.79000000,0.42770000,2476.85
1749258226,2476.78000000,0.34780000,2476.85
1749258226,2476.77000000,0.00460000,2476.85
1749258226,2476.76000000,0.00430000,2476.85
1749258226,2476.75000000,0.05240000,2476.85
1749258226,2476.74000000,0.59370000,2476.85
1749258226,2476.73000000,0.23320000,2476.85
1749258226,2476.72000000,0.08070000,2476.85
1749258226,2476.71000000,0.00210000,2476.85
1749258226,2476.70000000,2.94900000,2476.85
1749258226,2476.69000000,0.04640000,2476.85
1749258226,2476.68000000,0.05150000,2476.85
1749258226,2476.67000000,1.80640000,2476.85
1749258226,2476.66000000,2.45020000,2476.85
1749258226,2476.65000000,4.03350000,2476.85
1749258226,2476.64000000,0.01820000,2476.85
1749258226,2476.63000000,1.02870000,2476.85
1749258226,2476.62000000,0.25300000,2476.85
1749258226,2476.61000000,0.48720000,2476.85
1749258226,2476.60000000,0.03560000,2476.85
1749258226,2476.59000000,0.06960000,2476.85
1749258226,2476.58000000,0.40900000,2476.85
1749258226,2476.57000000,0.28250000,2476.85
1749258226,2476.56000000,6.05930000,2476.85
1749258226,2476.55000000,1.50830000,2476.85
1749258226,2476.54000000,0.00410000,2476.85
1749258226,2476.52000000,0.48000000,2476.85
1749258226,2476.50000000,3.73260000,2476.85
1749258226,2476.49000000,0.48720000,2476.85
1749258226,2476.47000000,0.20410000,2476.85
1749258226,2476.46000000,0.00420000,2476.85
1749258226,2476.44000000,13.63430000,2476.85
1749258226,2476.43000000,0.43280000,2476.85
1749258226,2476.42000000,0.00230000,2476.85
1749258226,2476.40000000,0.48000000,2476.85
1749258226,2476.39000000,7.89890000,2476.85
1749258226,2476.38000000,15.97130000,2476.85
1749258226,2476.37000000,3.00470000,2476.85
1749258226,2476.36000000,0.10080000,2476.85
1749258226,2476.35000000,6.70860000,2476.85
1749258226,2476.32000000,10.25480000,2476.85
1749258226,2476.31000000,9.55510000,2476.85
1749258226,2476.30000000,13.64910000,2476.85
1749258226,2476.29000000,0.41910000,2476.85
1749258226,2476.27000000,0.10000000,2476.85
1749258226,2476.26000000,8.07490000,2476.85
1749258226,2476.24000000,0.48720000,2476.85
1749258226,2476.23000000,8.09190000,2476.85
1749258226,2476.22000000,14.10830000,2476.85
1749258226,2476.21000000,15.99750000,2476.85
1749258226,2476.20000000,11.52180000,2476.85
1749258226,2476.19000000,9.27330000,2476.85
1749258226,2476.18000000,12.58920000,2476.85
1749258226,2476.17000000,0.40360000,2476.85
1749258226,2476.13000000,0.00410000,2476.85
1749258226,2476.12000000,0.48730000,2476.85
1749258226,2476.11000000,0.19000000,2476.85
1749258226,2476.10000000,12.18280000,2476.85
1749258226,2476.09000000,6.04890000,2476.85
1749258226,2476.08000000,10.06810000,2476.85
1749258226,2476.07000000,26.74550000,2476.85
1749258226,2476.05000000,9.27530000,2476.85
1749258226,2476.03000000,1.21170000,2476.85
1749258226,2476.02000000,4.74060000,2476.85
1749258226,2476.01000000,16.34220000,2476.85
1749258226,2476.00000000,11.86140000,2476.85
1749258226,2475.97000000,20.49620000,2476.85
1749258226,2475.96000000,9.27330000,2476.85
1749258226,2475.95000000,0.01990000,2476.85
1749258226,2475.94000000,16.17310000,2476.85
1749258226,2475.93000000,18.14820000,2476.85
1749258226,2475.92000000,12.85680000,2476.85
1749258226,2475.90000000,0.00300000,2476.85
1749258226,2475.88000000,0.12160000,2476.85
1749258226,2475.87000000,9.27120000,2476.85
1749258226,2475.86000000,0.89880000,2476.85
1749258226,2475.85000000,12.14300000,2476.85
1749258226,2475.84000000,0.20210000,2476.85
1749258226,2475.83000000,6.85270000,2476.85
1749258226,2475.82000000,0.00410000,2476.85
1749258226,2475.81000000,6.43320000,2476.85
1749258226,2475.80000000,0.00210000,2476.85
1749258226,2475.79000000,4.00410000,2476.85
1749258226,2475.78000000,0.48320000,2476.85
1749258226,2475.75000000,9.98010000,2476.85
1749258226,2475.74000000,6.05050000,2476.85
1749258226,2475.72000000,0.48510000,2476.85
1749258226,2475.71000000,18.18250000,2476.85
1749258226,2475.70000000,9.47730000,2476.85
1749258226,2475.69000000,0.48000000,2476.85
1749258226,2475.68000000,12.09770000,2476.85
1749258226,2475.67000000,6.78410000,2476.85
1749258226,2475.66000000,0.56060000,2476.85
1749258226,2475.63000000,0.48000000,2476.85
1749258528,2474.80000000,51.09490000,2474.81
1749258528,2474.79000000,0.44590000,2474.81
1749258528,2474.76000000,0.00220000,2474.81
1749258528,2474.75000000,3.04940000,2474.81
1749258528,2474.74000000,0.00220000,2474.81
1749258528,2474.73000000,7.07000000,2474.81
1749258528,2474.72000000,0.19310000,2474.81
1749258528,2474.71000000,0.11960000,2474.81
1749258528,2474.70000000,2.74910000,2474.81
1749258528,2474.67000000,0.00410000,2474.81
1749258528,2474.64000000,0.95140000,2474.81
1749258528,2474.61000000,0.58980000,2474.81
1749258528,2474.60000000,2.74820000,2474.81
1749258528,2474.59000000,0.03400000,2474.81
1749258528,2474.56000000,0.08900000,2474.81
1749258528,2474.55000000,0.68160000,2474.81
1749258528,2474.54000000,0.00240000,2474.81
1749258528,2474.53000000,0.04490000,2474.81
1749258528,2474.52000000,0.00210000,2474.81
1749258528,2474.51000000,7.72030000,2474.81
1749258528,2474.50000000,3.75580000,2474.81
1749258528,2474.49000000,0.48000000,2474.81
1749258528,2474.48000000,1.60000000,2474.81
1749258528,2474.47000000,0.40410000,2474.81
1749258528,2474.46000000,1.40300000,2474.81
1749258528,2474.45000000,0.02670000,2474.81
1749258528,2474.44000000,3.29780000,2474.81
1749258528,2474.43000000,0.03110000,2474.81
1749258528,2474.41000000,12.14620000,2474.81
1749258528,2474.40000000,11.14320000,2474.81
1749258528,2474.39000000,0.42310000,2474.81
1749258528,2474.37000000,6.45400000,2474.81
1749258528,2474.36000000,0.02780000,2474.81
1749258528,2474.35000000,0.09110000,2474.81
1749258528,2474.34000000,8.97950000,2474.81
1749258528,2474.32000000,0.09030000,2474.81
1749258528,2474.31000000,4.03750000,2474.81
1749258528,2474.30000000,2.74300000,2474.81
1749258528,2474.29000000,0.00230000,2474.81
1749258528,2474.28000000,9.69490000,2474.81
1749258528,2474.27000000,0.10180000,2474.81
1749258528,2474.26000000,1.64000000,2474.81
1749258528,2474.25000000,0.00410000,2474.81
1749258528,2474.24000000,0.96220000,2474.81
1749258528,2474.23000000,2.17900000,2474.81
1749258528,2474.21000000,3.84230000,2474.81
1749258528,2474.20000000,1.00730000,2474.81
1749258528,2474.18000000,0.00420000,2474.81
1749258528,2474.17000000,12.13020000,2474.81
1749258528,2474.16000000,12.57980000,2474.81
1749258528,2474.14000000,5.88540000,2474.81
1749258528,2474.13000000,9.56300000,2474.81
1749258528,2474.12000000,0.48010000,2474.81
1749258528,2474.11000000,10.84080000,2474.81
1749258528,2474.10000000,0.16710000,2474.81
1749258528,2474.07000000,0.12160000,2474.81
1749258528,2474.06000000,0.01010000,2474.81
1749258528,2474.05000000,6.30000000,2474.81
1749258528,2474.04000000,2.44140000,2474.81
1749258528,2474.02000000,21.29360000,2474.81
1749258528,2474.01000000,17.96160000,2474.81
1749258528,2474.00000000,17.41290000,2474.81
1749258528,2473.98000000,9.29670000,2474.81
1749258528,2473.97000000,8.83110000,2474.81
1749258528,2473.96000000,1.19760000,2474.81
1749258528,2473.95000000,0.00410000,2474.81
1749258528,2473.93000000,12.10590000,2474.81
1749258528,2473.92000000,13.59020000,2474.81
1749258528,2473.91000000,12.09770000,2474.81
1749258528,2473.90000000,8.08410000,2474.81
1749258528,2473.89000000,2.73540000,2474.81
1749258528,2473.86000000,3.83080000,2474.81
1749258528,2473.85000000,0.00520000,2474.81
1749258528,2473.84000000,6.47380000,2474.81
1749258528,2473.83000000,2.45320000,2474.81
1749258528,2473.82000000,6.06300000,2474.81
1749258528,2473.81000000,0.10000000,2474.81
1749258528,2473.80000000,21.64550000,2474.81
1749258528,2473.79000000,12.39210000,2474.81
1749258528,2473.77000000,9.29670000,2474.81
1749258528,2473.76000000,0.40810000,2474.81
1749258528,2473.75000000,9.37740000,2474.81
1749258528,2473.74000000,0.00300000,2474.81
1749258528,2473.71000000,4.35090000,2474.81
1749258528,2473.70000000,0.21710000,2474.81
1749258528,2473.69000000,1.69700000,2474.81
1749258528,2473.68000000,10.61110000,2474.81
1749258528,2473.65000000,0.00210000,2474.81
1749258528,2473.64000000,0.40400000,2474.81
1749258528,2473.60000000,0.00720000,2474.81
1749258528,2473.58000000,3.98730000,2474.81
1749258528,2473.57000000,3.88920000,2474.81
1749258528,2473.56000000,9.40180000,2474.81
1749258528,2473.55000000,14.68790000,2474.81
1749258528,2473.52000000,9.32700000,2474.81
1749258528,2473.50000000,4.25540000,2474.81
1749258528,2473.49000000,18.39770000,2474.81
1749258528,2473.48000000,5.63320000,2474.81
1749258528,2473.47000000,0.04080000,2474.81
1749258528,2473.45000000,9.29880000,2474.81
1749258843,2480.19000000,42.79370000,2480.2
1749258843,2480.18000000,3.22720000,2480.2
1749258843,2480.17000000,1.15810000,2480.2
1749258843,2480.14000000,0.67180000,2480.2
1749258843,2480.13000000,0.00240000,2480.2
1749258843,2480.12000000,0.41760000,2480.2
1749258843,2480.11000000,0.05270000,2480.2
1749258843,2480.10000000,2.74720000,2480.2
1749258843,2480.07000000,0.00400000,2480.2
1749258843,2480.05000000,0.01940000,2480.2
1749258843,2480.04000000,0.00220000,2480.2
1749258843,2480.03000000,4.96070000,2480.2
1749258843,2480.02000000,2.00210000,2480.2
1749258843,2480.01000000,0.00220000,2480.2
1749258843,2480.00000000,8.36920000,2480.2
1749258843,2479.99000000,4.01240000,2480.2
1749258843,2479.98000000,0.48800000,2480.2
1749258843,2479.96000000,1.00420000,2480.2
1749258843,2479.94000000,6.30000000,2480.2
1749258843,2479.92000000,0.00220000,2480.2
1749258843,2479.91000000,7.45460000,2480.2
1749258843,2479.90000000,2.74510000,2480.2
1749258843,2479.89000000,0.40710000,2480.2
1749258843,2479.88000000,0.03560000,2480.2
1749258843,2479.87000000,0.00410000,2480.2
1749258843,2479.86000000,5.49620000,2480.2
1749258843,2479.85000000,0.00310000,2480.2
1749258843,2479.81000000,12.09770000,2480.2
1749258843,2479.80000000,2.74510000,2480.2
1749258843,2479.78000000,17.06200000,2480.2
1749258843,2479.77000000,0.00410000,2480.2
1749258843,2479.76000000,1.00000000,2480.2
1749258843,2479.75000000,4.01030000,2480.2
1749258843,2479.74000000,0.51240000,2480.2
1749258843,2479.73000000,12.68040000,2480.2
1749258843,2479.72000000,0.00210000,2480.2
1749258843,2479.70000000,12.60600000,2480.2
1749258843,2479.69000000,8.07960000,2480.2
1749258843,2479.68000000,0.05210000,2480.2
1749258843,2479.67000000,0.48590000,2480.2
1749258843,2479.66000000,0.01910000,2480.2
1749258843,2479.65000000,0.68000000,2480.2
1749258843,2479.64000000,0.02570000,2480.2
1749258843,2479.63000000,0.52400000,2480.2
1749258843,2479.62000000,0.96000000,2480.2
1749258843,2479.61000000,4.46470000,2480.2
1749258843,2479.60000000,2.77520000,2480.2
1749258843,2479.56000000,12.09980000,2480.2
1749258843,2479.55000000,0.05600000,2480.2
1749258843,2479.54000000,6.61150000,2480.2
1749258843,2479.53000000,9.58580000,2480.2
1749258843,2479.52000000,0.00210000,2480.2
1749258843,2479.50000000,9.38900000,2480.2
1749258843,2479.47000000,9.29150000,2480.2
1749258843,2479.46000000,12.04050000,2480.2
1749258843,2479.45000000,0.01000000,2480.2
1749258843,2479.44000000,12.59530000,2480.2
1749258843,2479.43000000,12.11120000,2480.2
1749258843,2479.40000000,2.74840000,2480.2
1749258843,2479.39000000,8.28370000,2480.2
1749258843,2479.38000000,6.05970000,2480.2
1749258843,2479.37000000,1.36000000,2480.2
1749258843,2479.35000000,0.00310000,2480.2
1749258843,2479.34000000,13.29570000,2480.2
1749258843,2479.33000000,0.00410000,2480.2
1749258843,2479.32000000,12.51410000,2480.2
1749258843,2479.29000000,10.34750000,2480.2
1749258843,2479.27000000,0.48000000,2480.2
1749258843,2479.26000000,9.29150000,2480.2
1749258843,2479.25000000,9.29560000,2480.2
1749258843,2479.24000000,0.96230000,2480.2
1749258843,2479.23000000,0.37000000,2480.2
1749258843,2479.22000000,18.39770000,2480.2
1749258843,2479.21000000,0.03000000,2480.2
1749258843,2479.20000000,0.95280000,2480.2
1749258843,2479.19000000,1.59310000,2480.2
1749258843,2479.16000000,1.19760000,2480.2
1749258843,2479.15000000,0.39890000,2480.2
1749258843,2479.14000000,0.25570000,2480.2
1749258843,2479.13000000,0.74310000,2480.2
1749258843,2479.12000000,0.00420000,2480.2
1749258843,2479.11000000,6.04890000,2480.2
1749258843,2479.10000000,9.29460000,2480.2
1749258843,2479.09000000,2.00480000,2480.2
1749258843,2479.08000000,0.00210000,2480.2
1749258843,2479.07000000,11.19930000,2480.2
1749258843,2479.06000000,0.12160000,2480.2
1749258843,2479.04000000,3.76640000,2480.2
1749258843,2479.01000000,0.04410000,2480.2
1749258843,2479.00000000,0.63430000,2480.2
1749258843,2478.98000000,4.06600000,2480.2
1749258843,2478.97000000,16.16390000,2480.2
1749258843,2478.96000000,9.29660000,2480.2
1749258843,2478.95000000,2.02700000,2480.2
1749258843,2478.94000000,6.30000000,2480.2
1749258843,2478.93000000,0.00210000,2480.2
1749258843,2478.92000000,0.83050000,2480.2
1749258843,2478.91000000,9.29150000,2480.2
1749258843,2478.90000000,0.59700000,2480.2
1749258843,2478.89000000,0.00410000,2480.2
1749259149,2479.62000000,4.36450000,2479.21
1749259149,2479.61000000,0.01490000,2479.21
1749259149,2479.60000000,2.75930000,2479.21
1749259149,2479.58000000,0.00220000,2479.21
1749259149,2479.56000000,0.00460000,2479.21
1749259149,2479.55000000,0.00220000,2479.21
1749259149,2479.54000000,0.03360000,2479.21
1749259149,2479.53000000,0.00430000,2479.21
1749259149,2479.52000000,0.01050000,2479.21
1749259149,2479.51000000,0.83450000,2479.21
1749259149,2479.50000000,2.75360000,2479.21
1749259149,2479.49000000,0.00630000,2479.21
1749259149,2479.43000000,0.00460000,2479.21
1749259149,2479.42000000,0.84570000,2479.21
1749259149,2479.41000000,0.00220000,2479.21
1749259149,2479.40000000,2.74510000,2479.21
1749259149,2479.37000000,0.07860000,2479.21
1749259149,2479.34000000,0.02910000,2479.21
1749259149,2479.32000000,0.00430000,2479.21
1749259149,2479.31000000,1.56750000,2479.21
1749259149,2479.30000000,2.74300000,2479.21
1749259149,2479.28000000,0.00410000,2479.21
1749259149,2479.27000000,0.00240000,2479.21
1749259149,2479.25000000,0.41100000,2479.21
1749259149,2479.24000000,0.40320000,2479.21
1749259149,2479.21000000,0.00220000,2479.21
1749259149,2479.20000000,14.03390000,2479.21
1749259149,2479.19000000,3.31030000,2479.21
1749259149,2479.17000000,6.30000000,2479.21
1749259149,2479.16000000,0.00410000,2479.21
1749259149,2479.14000000,1.40000000,2479.21
1749259149,2479.13000000,0.00210000,2479.21
1749259149,2479.12000000,0.10420000,2479.21
1749259149,2479.11000000,0.00240000,2479.21
1749259149,2479.10000000,2.74610000,2479.21
1749259149,2479.08000000,1.62450000,2479.21
1749259149,2479.07000000,3.53090000,2479.21
1749259149,2479.06000000,0.49100000,2479.21
1749259149,2479.05000000,0.40000000,2479.21
1749259149,2479.02000000,0.05600000,2479.21
1749259149,2479.00000000,10.81090000,2479.21
1749259149,2478.99000000,0.00410000,2479.21
1749259149,2478.96000000,0.00510000,2479.21
1749259149,2478.94000000,0.49100000,2479.21
1749259149,2478.93000000,7.94630000,2479.21
1749259149,2478.92000000,3.78560000,2479.21
1749259149,2478.91000000,0.01780000,2479.21
1749259149,2478.90000000,3.22300000,2479.21
1749259149,2478.89000000,0.00410000,2479.21
1749259149,2478.87000000,12.17930000,2479.21
1749259149,2478.86000000,0.04030000,2479.21
1749259149,2478.85000000,9.06930000,2479.21
1749259149,2478.84000000,9.62630000,2479.21
1749259149,2478.82000000,2.03940000,2479.21
1749259149,2478.81000000,8.06580000,2479.21
1749259149,2478.80000000,2.74300000,2479.21
1749259149,2478.79000000,1.25890000,2479.21
1749259149,2478.78000000,14.19570000,2479.21
1749259149,2478.77000000,6.70320000,2479.21
1749259149,2478.74000000,0.01040000,2479.21
1749259149,2478.72000000,0.04240000,2479.21
1749259149,2478.71000000,15.87470000,2479.21
1749259149,2478.70000000,12.22030000,2479.21
1749259149,2478.67000000,4.26770000,2479.21
1749259149,2478.65000000,0.48000000,2479.21
1749259149,2478.64000000,18.54700000,2479.21
1749259149,2478.63000000,9.27560000,2479.21
1749259149,2478.61000000,0.48410000,2479.21
1749259149,2478.60000000,8.07400000,2479.21
1749259149,2478.59000000,6.58110000,2479.21
1749259149,2478.58000000,6.04930000,2479.21
1749259149,2478.57000000,2.68000000,2479.21
1749259149,2478.55000000,0.40320000,2479.21
1749259149,2478.54000000,0.00210000,2479.21
1749259149,2478.53000000,0.00410000,2479.21
1749259149,2478.52000000,6.78000000,2479.21
1749259149,2478.51000000,9.27560000,2479.21
1749259149,2478.50000000,0.00210000,2479.21
1749259149,2478.49000000,0.48000000,2479.21
1749259149,2478.48000000,7.91180000,2479.21
1749259149,2478.47000000,0.96000000,2479.21
1749259149,2478.46000000,0.51000000,2479.21
1749259149,2478.45000000,0.10000000,2479.21
1749259149,2478.44000000,0.00410000,2479.21
1749259149,2478.42000000,9.27560000,2479.21
1749259149,2478.41000000,9.27560000,2479.21
1749259149,2478.40000000,3.78770000,2479.21
1749259149,2478.39000000,3.27630000,2479.21
1749259149,2478.38000000,0.08070000,2479.21
1749259149,2478.37000000,0.00410000,2479.21
1749259149,2478.36000000,2.33070000,2479.21
1749259149,2478.35000000,0.00310000,2479.21
1749259149,2478.34000000,0.00210000,2479.21
1749259149,2478.33000000,0.28230000,2479.21
1749259149,2478.32000000,2.67110000,2479.21
1749259149,2478.31000000,4.24020000,2479.21
1749259149,2478.29000000,1.45730000,2479.21
1749259149,2478.27000000,1.32450000,2479.21
1749259149,2478.26000000,0.55200000,2479.21
1749259149,2478.25000000,1.32440000,2479.21
