timestamp,price,volume,current_price
1749260796,1.16900000,11407.20000000,1.17
1749260796,1.16800000,34264.90000000,1.17
1749260796,1.16700000,53023.00000000,1.17
1749260796,1.16600000,30322.00000000,1.17
1749260796,1.16500000,13365.50000000,1.17
1749260796,1.16400000,23484.10000000,1.17
1749260796,1.16300000,11242.90000000,1.17
1749260796,1.16200000,3079.20000000,1.17
1749260796,1.16100000,8060.70000000,1.17
1749260796,1.16000000,28877.60000000,1.17
1749260796,1.15900000,4429.80000000,1.17
1749260796,1.15800000,17095.50000000,1.17
1749260796,1.15700000,14858.60000000,1.17
1749260796,1.15600000,2344.50000000,1.17
1749260796,1.15500000,6428.10000000,1.17
1749260796,1.15400000,2268.30000000,1.17
1749260796,1.15300000,3781.10000000,1.17
1749260796,1.15200000,11663.60000000,1.17
1749260796,1.15100000,102011.60000000,1.17
1749260796,1.15000000,27357.00000000,1.17
1749260796,1.14900000,18819.80000000,1.17
1749260796,1.14800000,5421.60000000,1.17
1749260796,1.14700000,2485.90000000,1.17
1749260796,1.14600000,6791.50000000,1.17
1749260796,1.14500000,21769.90000000,1.17
1749260796,1.14400000,2521.10000000,1.17
1749260796,1.14300000,9634.40000000,1.17
1749260796,1.14200000,1903.50000000,1.17
1749260796,1.14100000,1400.30000000,1.17
1749260796,1.14000000,11414.50000000,1.17
1749260796,1.13900000,1922.40000000,1.17
1749260796,1.13800000,4899.30000000,1.17
1749260796,1.13700000,9474.40000000,1.17
1749260796,1.13600000,2043.00000000,1.17
1749260796,1.13500000,3810.80000000,1.17
1749260796,1.13400000,1516.40000000,1.17
1749260796,1.13300000,1387.40000000,1.17
1749260796,1.13200000,1444.80000000,1.17
1749260796,1.13100000,1425.90000000,1.17
1749260796,1.13000000,2234.90000000,1.17
1749260796,1.12900000,1867.60000000,1.17
1749260796,1.12800000,1839.50000000,1.17
1749260796,1.12700000,1080.40000000,1.17
1749260796,1.12600000,4274.60000000,1.17
1749260796,1.12500000,22883.90000000,1.17
1749260796,1.12400000,26.70000000,1.17
1749260796,1.12300000,505.90000000,1.17
1749260796,1.12200000,49.70000000,1.17
1749260796,1.12100000,195.10000000,1.17
1749260796,1.12000000,3004.20000000,1.17
1749260796,1.11900000,328.00000000,1.17
1749260796,1.11800000,129.80000000,1.17
1749260796,1.11700000,1407.20000000,1.17
1749260796,1.11500000,10498.90000000,1.17
1749260796,1.11400000,4213.00000000,1.17
1749260796,1.11300000,2222.00000000,1.17
1749260796,1.11200000,4907.10000000,1.17
1749260796,1.11100000,5365.50000000,1.17
1749260796,1.11000000,3096.50000000,1.17
1749260796,1.10900000,65.70000000,1.17
1749260796,1.10800000,140.70000000,1.17
1749260796,1.10700000,142.50000000,1.17
1749260796,1.10600000,666.60000000,1.17
1749260796,1.10500000,337.20000000,1.17
1749260796,1.10400000,77.30000000,1.17
1749260796,1.10300000,3532.40000000,1.17
1749260796,1.10200000,21.40000000,1.17
1749260796,1.10100000,104.00000000,1.17
1749260796,1.10000000,3314.40000000,1.17
1749260796,1.09900000,49.70000000,1.17
1749260796,1.09800000,112.90000000,1.17
1749260796,1.09700000,45.50000000,1.17
1749260796,1.09600000,684.30000000,1.17
1749260796,1.09500000,78.30000000,1.17
1749260796,1.09400000,5.10000000,1.17
1749260796,1.09300000,178.30000000,1.17
1749260796,1.09200000,19.60000000,1.17
1749260796,1.09100000,45.80000000,1.17
1749260796,1.09000000,1728.20000000,1.17
1749260796,1.08900000,746.40000000,1.17
1749260796,1.08800000,67.60000000,1.17
1749260796,1.08700000,49.70000000,1.17
1749260796,1.08600000,190.30000000,1.17
1749260796,1.08500000,58.00000000,1.17
1749260796,1.08400000,8.30000000,1.17
1749260796,1.08300000,21.30000000,1.17
1749260796,1.08200000,1692.90000000,1.17
1749260796,1.08100000,46.20000000,1.17
1749260796,1.08000000,1989.30000000,1.17
1749260796,1.07800000,230.10000000,1.17
1749260796,1.07700000,158.00000000,1.17
1749260796,1.07600000,104.30000000,1.17
1749260796,1.07500000,26.70000000,1.17
1749260796,1.07300000,46.50000000,1.17
1749260796,1.07200000,14.70000000,1.17
1749260796,1.07100000,128.20000000,1.17
1749260796,1.07000000,156.00000000,1.17
1749260796,1.06900000,183.50000000,1.17
1749260796,1.06800000,2855.70000000,1.17
1749260796,1.06500000,5628.80000000,1.17
1749261116,1.17400000,8251.70000000,1.174
1749261116,1.17300000,31647.60000000,1.174
1749261116,1.17200000,51489.10000000,1.174
1749261116,1.17100000,37120.30000000,1.174
1749261116,1.17000000,42785.80000000,1.174
1749261116,1.16900000,22300.40000000,1.174
1749261116,1.16800000,8075.20000000,1.174
1749261116,1.16700000,6530.70000000,1.174
1749261116,1.16600000,3837.00000000,1.174
1749261116,1.16500000,28102.60000000,1.174
1749261116,1.16400000,4836.20000000,1.174
1749261116,1.16300000,8971.80000000,1.174
1749261116,1.16200000,14298.20000000,1.174
1749261116,1.16100000,2796.90000000,1.174
1749261116,1.16000000,4679.30000000,1.174
1749261116,1.15900000,17898.40000000,1.174
1749261116,1.15800000,16874.90000000,1.174
1749261116,1.15700000,10709.10000000,1.174
1749261116,1.15600000,61871.30000000,1.174
1749261116,1.15500000,5311.60000000,1.174
1749261116,1.15400000,46931.00000000,1.174
1749261116,1.15300000,4077.70000000,1.174
1749261116,1.15200000,2693.50000000,1.174
1749261116,1.15100000,4235.30000000,1.174
1749261116,1.15000000,15405.60000000,1.174
1749261116,1.14900000,1387.10000000,1.174
1749261116,1.14800000,12496.50000000,1.174
1749261116,1.14700000,2060.70000000,1.174
1749261116,1.14600000,2075.70000000,1.174
1749261116,1.14500000,1589.80000000,1.174
1749261116,1.14400000,11724.20000000,1.174
1749261116,1.14300000,5161.60000000,1.174
1749261116,1.14200000,1895.40000000,1.174
1749261116,1.14100000,1356.60000000,1.174
1749261116,1.14000000,11414.50000000,1.174
1749261116,1.13900000,4495.20000000,1.174
1749261116,1.13800000,1497.20000000,1.174
1749261116,1.13700000,1417.50000000,1.174
1749261116,1.13600000,1772.50000000,1.174
1749261116,1.13500000,2340.60000000,1.174
1749261116,1.13400000,107.70000000,1.174
1749261116,1.13300000,893.00000000,1.174
1749261116,1.13100000,5658.20000000,1.174
1749261116,1.13000000,966.60000000,1.174
1749261116,1.12900000,242.00000000,1.174
1749261116,1.12800000,25.50000000,1.174
1749261116,1.12700000,17.50000000,1.174
1749261116,1.12600000,511.50000000,1.174
1749261116,1.12500000,22883.90000000,1.174
1749261116,1.12400000,26.70000000,1.174
1749261116,1.12300000,505.90000000,1.174
1749261116,1.12200000,130.80000000,1.174
1749261116,1.12100000,195.10000000,1.174
1749261116,1.12000000,3004.20000000,1.174
1749261116,1.11900000,3858.00000000,1.174
1749261116,1.11800000,23.00000000,1.174
1749261116,1.11700000,1990.70000000,1.174
1749261116,1.11600000,4.50000000,1.174
1749261116,1.11500000,10498.90000000,1.174
1749261116,1.11400000,209.50000000,1.174
1749261116,1.11300000,2222.00000000,1.174
1749261116,1.11200000,4907.10000000,1.174
1749261116,1.11100000,5429.80000000,1.174
1749261116,1.11000000,3081.50000000,1.174
1749261116,1.10900000,65.70000000,1.174
1749261116,1.10800000,3626.00000000,1.174
1749261116,1.10700000,142.50000000,1.174
1749261116,1.10600000,748.80000000,1.174
1749261116,1.10500000,337.20000000,1.174
1749261116,1.10400000,77.30000000,1.174
1749261116,1.10300000,50.40000000,1.174
1749261116,1.10200000,21.40000000,1.174
1749261116,1.10100000,82.20000000,1.174
1749261116,1.10000000,3314.40000000,1.174
1749261116,1.09900000,49.70000000,1.174
1749261116,1.09800000,136.60000000,1.174
1749261116,1.09700000,45.50000000,1.174
1749261116,1.09600000,773.20000000,1.174
1749261116,1.09500000,78.30000000,1.174
1749261116,1.09400000,16.90000000,1.174
1749261116,1.09300000,178.30000000,1.174
1749261116,1.09200000,19.60000000,1.174
1749261116,1.09100000,45.80000000,1.174
1749261116,1.09000000,1310.60000000,1.174
1749261116,1.08900000,746.40000000,1.174
1749261116,1.08800000,67.60000000,1.174
1749261116,1.08700000,49.70000000,1.174
1749261116,1.08600000,190.30000000,1.174
1749261116,1.08500000,58.00000000,1.174
1749261116,1.08400000,8.30000000,1.174
1749261116,1.08300000,21.30000000,1.174
1749261116,1.08200000,1276.00000000,1.174
1749261116,1.08100000,46.20000000,1.174
1749261116,1.08000000,1989.30000000,1.174
1749261116,1.07800000,244.50000000,1.174
1749261116,1.07700000,158.00000000,1.174
1749261116,1.07600000,104.30000000,1.174
1749261116,1.07500000,26.70000000,1.174
1749261116,1.07400000,84.70000000,1.174
1749261116,1.07300000,46.50000000,1.174
1749261434,1.16800000,13443.90000000,1.168
1749261434,1.16700000,21488.50000000,1.168
1749261434,1.16600000,47023.20000000,1.168
1749261434,1.16500000,68780.40000000,1.168
1749261434,1.16400000,27001.60000000,1.168
1749261434,1.16300000,31831.60000000,1.168
1749261434,1.16200000,11765.90000000,1.168
1749261434,1.16100000,8458.50000000,1.168
1749261434,1.16000000,3655.90000000,1.168
1749261434,1.15900000,2328.90000000,1.168
1749261434,1.15800000,32074.70000000,1.168
1749261434,1.15700000,8509.00000000,1.168
1749261434,1.15600000,7629.10000000,1.168
1749261434,1.15500000,21402.90000000,1.168
1749261434,1.15400000,1394.80000000,1.168
1749261434,1.15300000,16785.30000000,1.168
1749261434,1.15200000,57943.30000000,1.168
1749261434,1.15100000,6984.20000000,1.168
1749261434,1.15000000,18793.60000000,1.168
1749261434,1.14900000,1846.60000000,1.168
1749261434,1.14800000,1480.10000000,1.168
1749261434,1.14700000,45301.00000000,1.168
1749261434,1.14600000,5622.30000000,1.168
1749261434,1.14500000,11190.80000000,1.168
1749261434,1.14400000,12806.70000000,1.168
1749261434,1.14300000,5336.20000000,1.168
1749261434,1.14200000,4444.80000000,1.168
1749261434,1.14100000,1356.60000000,1.168
1749261434,1.14000000,11414.50000000,1.168
1749261434,1.13900000,1433.90000000,1.168
1749261434,1.13800000,1497.20000000,1.168
1749261434,1.13700000,1417.50000000,1.168
1749261434,1.13600000,1542.90000000,1.168
1749261434,1.13500000,1837.30000000,1.168
1749261434,1.13400000,1457.70000000,1.168
1749261434,1.13300000,4372.20000000,1.168
1749261434,1.13100000,5949.00000000,1.168
1749261434,1.13000000,2537.80000000,1.168
1749261434,1.12900000,726.00000000,1.168
1749261434,1.12800000,25.50000000,1.168
1749261434,1.12700000,17.50000000,1.168
1749261434,1.12600000,2284.50000000,1.168
1749261434,1.12500000,23238.90000000,1.168
1749261434,1.12400000,26.70000000,1.168
1749261434,1.12300000,505.90000000,1.168
1749261434,1.12200000,130.80000000,1.168
1749261434,1.12100000,195.10000000,1.168
1749261434,1.12000000,3004.20000000,1.168
1749261434,1.11900000,3858.00000000,1.168
1749261434,1.11800000,23.00000000,1.168
1749261434,1.11700000,1407.20000000,1.168
1749261434,1.11500000,11083.50000000,1.168
1749261434,1.11400000,214.00000000,1.168
1749261434,1.11300000,2222.00000000,1.168
1749261434,1.11200000,4907.10000000,1.168
1749261434,1.11100000,5375.20000000,1.168
1749261434,1.11000000,3081.50000000,1.168
1749261434,1.10900000,65.70000000,1.168
1749261434,1.10800000,3680.70000000,1.168
1749261434,1.10700000,142.50000000,1.168
1749261434,1.10600000,748.80000000,1.168
1749261434,1.10500000,337.20000000,1.168
1749261434,1.10400000,77.30000000,1.168
1749261434,1.10300000,50.40000000,1.168
1749261434,1.10200000,21.40000000,1.168
1749261434,1.10100000,82.20000000,1.168
1749261434,1.10000000,3314.40000000,1.168
1749261434,1.09900000,49.70000000,1.168
1749261434,1.09800000,136.60000000,1.168
1749261434,1.09700000,45.50000000,1.168
1749261434,1.09600000,773.20000000,1.168
1749261434,1.09500000,78.30000000,1.168
1749261434,1.09400000,16.90000000,1.168
1749261434,1.09300000,178.30000000,1.168
1749261434,1.09200000,19.60000000,1.168
1749261434,1.09100000,45.80000000,1.168
1749261434,1.09000000,1310.60000000,1.168
1749261434,1.08900000,746.40000000,1.168
1749261434,1.08800000,67.60000000,1.168
1749261434,1.08700000,49.70000000,1.168
1749261434,1.08600000,190.30000000,1.168
1749261434,1.08500000,58.00000000,1.168
1749261434,1.08400000,8.30000000,1.168
1749261434,1.08300000,21.30000000,1.168
1749261434,1.08200000,1276.00000000,1.168
1749261434,1.08100000,46.20000000,1.168
1749261434,1.08000000,1989.30000000,1.168
1749261434,1.07800000,244.50000000,1.168
1749261434,1.07700000,158.00000000,1.168
1749261434,1.07600000,104.30000000,1.168
1749261434,1.07500000,26.70000000,1.168
1749261434,1.07400000,84.70000000,1.168
1749261434,1.07300000,46.50000000,1.168
1749261434,1.07200000,14.70000000,1.168
1749261434,1.07100000,128.20000000,1.168
1749261434,1.07000000,156.00000000,1.168
1749261434,1.06900000,183.50000000,1.168
1749261434,1.06800000,2855.70000000,1.168
1749261434,1.06600000,85.30000000,1.168
1749261434,1.06500000,5628.80000000,1.168
1749261745,1.16500000,4937.00000000,1.165
1749261745,1.16400000,35115.90000000,1.165
1749261745,1.16300000,52066.60000000,1.165
1749261745,1.16200000,43086.80000000,1.165
1749261745,1.16100000,41511.90000000,1.165
1749261745,1.16000000,19555.30000000,1.165
1749261745,1.15900000,11216.50000000,1.165
1749261745,1.15800000,6885.10000000,1.165
1749261745,1.15700000,8921.10000000,1.165
1749261745,1.15600000,23310.60000000,1.165
1749261745,1.15500000,10285.10000000,1.165
1749261745,1.15400000,10239.10000000,1.165
1749261745,1.15300000,8576.50000000,1.165
1749261745,1.15200000,3654.90000000,1.165
1749261745,1.15100000,20459.70000000,1.165
1749261745,1.15000000,13327.20000000,1.165
1749261745,1.14900000,1509.70000000,1.165
1749261745,1.14800000,22705.00000000,1.165
1749261745,1.14700000,57054.40000000,1.165
1749261745,1.14600000,2459.90000000,1.165
1749261745,1.14500000,60430.80000000,1.165
1749261745,1.14400000,1788.30000000,1.165
1749261745,1.14300000,8187.40000000,1.165
1749261745,1.14200000,3418.10000000,1.165
1749261745,1.14100000,10065.40000000,1.165
1749261745,1.14000000,13082.00000000,1.165
1749261745,1.13900000,1512.10000000,1.165
1749261745,1.13800000,1935.70000000,1.165
1749261745,1.13700000,1504.50000000,1.165
1749261745,1.13600000,1579.20000000,1.165
1749261745,1.13500000,1888.80000000,1.165
1749261745,1.13400000,1990.20000000,1.165
1749261745,1.13300000,1380.70000000,1.165
1749261745,1.13200000,1350.00000000,1.165
1749261745,1.13100000,4889.90000000,1.165
1749261745,1.13000000,868.70000000,1.165
1749261745,1.12900000,136.30000000,1.165
1749261745,1.12800000,1087.40000000,1.165
1749261745,1.12700000,17.50000000,1.165
1749261745,1.12600000,511.50000000,1.165
1749261745,1.12500000,22883.90000000,1.165
1749261745,1.12400000,516.90000000,1.165
1749261745,1.12300000,2636.40000000,1.165
1749261745,1.12200000,308.70000000,1.165
1749261745,1.12100000,195.10000000,1.165
1749261745,1.12000000,6789.30000000,1.165
1749261745,1.11900000,328.00000000,1.165
1749261745,1.11800000,129.80000000,1.165
1749261745,1.11700000,1407.20000000,1.165
1749261745,1.11500000,10498.90000000,1.165
1749261745,1.11400000,209.50000000,1.165
1749261745,1.11300000,2222.00000000,1.165
1749261745,1.11200000,4907.10000000,1.165
1749261745,1.11100000,5375.20000000,1.165
1749261745,1.11000000,3081.50000000,1.165
1749261745,1.10900000,65.70000000,1.165
1749261745,1.10800000,3626.00000000,1.165
1749261745,1.10700000,142.50000000,1.165
1749261745,1.10600000,748.80000000,1.165
1749261745,1.10500000,337.20000000,1.165
1749261745,1.10400000,77.30000000,1.165
1749261745,1.10300000,50.40000000,1.165
1749261745,1.10200000,76.40000000,1.165
1749261745,1.10100000,82.20000000,1.165
1749261745,1.10000000,3314.40000000,1.165
1749261745,1.09900000,49.70000000,1.165
1749261745,1.09800000,136.60000000,1.165
1749261745,1.09700000,45.50000000,1.165
1749261745,1.09600000,773.20000000,1.165
1749261745,1.09500000,78.30000000,1.165
1749261745,1.09400000,16.90000000,1.165
1749261745,1.09300000,178.30000000,1.165
1749261745,1.09200000,19.60000000,1.165
1749261745,1.09100000,45.80000000,1.165
1749261745,1.09000000,1310.60000000,1.165
1749261745,1.08900000,746.40000000,1.165
1749261745,1.08800000,67.60000000,1.165
1749261745,1.08700000,49.70000000,1.165
1749261745,1.08600000,190.30000000,1.165
1749261745,1.08500000,58.00000000,1.165
1749261745,1.08400000,8.30000000,1.165
1749261745,1.08300000,21.30000000,1.165
1749261745,1.08200000,1276.00000000,1.165
1749261745,1.08100000,46.20000000,1.165
1749261745,1.08000000,1989.30000000,1.165
1749261745,1.07800000,244.50000000,1.165
1749261745,1.07700000,158.00000000,1.165
1749261745,1.07600000,104.30000000,1.165
1749261745,1.07500000,26.70000000,1.165
1749261745,1.07400000,84.70000000,1.165
1749261745,1.07300000,46.50000000,1.165
1749261745,1.07200000,14.70000000,1.165
1749261745,1.07100000,128.20000000,1.165
1749261745,1.07000000,156.00000000,1.165
1749261745,1.06900000,183.50000000,1.165
1749261745,1.06800000,2855.70000000,1.165
1749261745,1.06600000,85.30000000,1.165
1749261745,1.06500000,5628.80000000,1.165
1749261745,1.06400000,190.80000000,1.165
1749261745,1.06300000,22.20000000,1.165
1749262052,1.16100000,3018.40000000,1.161
1749262052,1.16000000,30415.90000000,1.161
1749262052,1.15900000,57387.70000000,1.161
1749262052,1.15800000,55761.40000000,1.161
1749262052,1.15700000,42037.20000000,1.161
1749262052,1.15600000,3725.70000000,1.161
1749262052,1.15500000,12989.40000000,1.161
1749262052,1.15400000,9178.20000000,1.161
1749262052,1.15300000,9174.10000000,1.161
1749262052,1.15200000,20446.10000000,1.161
1749262052,1.15100000,8653.20000000,1.161
1749262052,1.15000000,31890.60000000,1.161
1749262052,1.14900000,3503.40000000,1.161
1749262052,1.14800000,17343.30000000,1.161
1749262052,1.14700000,18075.20000000,1.161
1749262052,1.14600000,2425.10000000,1.161
1749262052,1.14500000,10560.20000000,1.161
1749262052,1.14400000,10652.00000000,1.161
1749262052,1.14300000,61012.00000000,1.161
1749262052,1.14200000,5166.40000000,1.161
1749262052,1.14100000,53446.20000000,1.161
1749262052,1.14000000,12813.50000000,1.161
1749262052,1.13900000,1906.80000000,1.161
1749262052,1.13800000,3694.50000000,1.161
1749262052,1.13700000,4764.20000000,1.161
1749262052,1.13600000,1926.00000000,1.161
1749262052,1.13500000,3521.30000000,1.161
1749262052,1.13400000,3640.20000000,1.161
1749262052,1.13300000,1380.70000000,1.161
1749262052,1.13200000,1350.00000000,1.161
1749262052,1.13100000,5511.30000000,1.161
1749262052,1.13000000,1838.00000000,1.161
1749262052,1.12900000,1486.30000000,1.161
1749262052,1.12800000,3910.10000000,1.161
1749262052,1.12700000,399.50000000,1.161
1749262052,1.12600000,511.50000000,1.161
1749262052,1.12500000,21146.00000000,1.161
1749262052,1.12400000,26.70000000,1.161
1749262052,1.12300000,505.90000000,1.161
1749262052,1.12200000,130.80000000,1.161
1749262052,1.12100000,476.20000000,1.161
1749262052,1.12000000,7000.10000000,1.161
1749262052,1.11900000,328.00000000,1.161
1749262052,1.11800000,2272.70000000,1.161
1749262052,1.11700000,1407.20000000,1.161
1749262052,1.11500000,10498.90000000,1.161
1749262052,1.11400000,209.50000000,1.161
1749262052,1.11300000,2222.00000000,1.161
1749262052,1.11200000,4907.10000000,1.161
1749262052,1.11100000,5375.20000000,1.161
1749262052,1.11000000,5922.10000000,1.161
1749262052,1.10900000,515.70000000,1.161
1749262052,1.10800000,3626.00000000,1.161
1749262052,1.10700000,142.50000000,1.161
1749262052,1.10600000,748.80000000,1.161
1749262052,1.10500000,337.20000000,1.161
1749262052,1.10400000,77.30000000,1.161
1749262052,1.10300000,50.40000000,1.161
1749262052,1.10200000,21.40000000,1.161
1749262052,1.10100000,82.20000000,1.161
1749262052,1.10000000,3768.90000000,1.161
1749262052,1.09900000,49.70000000,1.161
1749262052,1.09800000,136.60000000,1.161
1749262052,1.09700000,45.50000000,1.161
1749262052,1.09600000,773.20000000,1.161
1749262052,1.09500000,78.30000000,1.161
1749262052,1.09400000,16.90000000,1.161
1749262052,1.09300000,178.30000000,1.161
1749262052,1.09200000,19.60000000,1.161
1749262052,1.09100000,45.80000000,1.161
1749262052,1.09000000,1310.60000000,1.161
1749262052,1.08900000,746.40000000,1.161
1749262052,1.08800000,67.60000000,1.161
1749262052,1.08700000,49.70000000,1.161
1749262052,1.08600000,190.30000000,1.161
1749262052,1.08500000,58.00000000,1.161
1749262052,1.08400000,8.30000000,1.161
1749262052,1.08300000,21.30000000,1.161
1749262052,1.08200000,1276.00000000,1.161
1749262052,1.08100000,46.20000000,1.161
1749262052,1.08000000,1989.30000000,1.161
1749262052,1.07800000,244.50000000,1.161
1749262052,1.07700000,158.00000000,1.161
1749262052,1.07600000,104.30000000,1.161
1749262052,1.07500000,26.70000000,1.161
1749262052,1.07400000,84.70000000,1.161
1749262052,1.07300000,46.50000000,1.161
1749262052,1.07200000,14.70000000,1.161
1749262052,1.07100000,128.20000000,1.161
1749262052,1.07000000,156.00000000,1.161
1749262052,1.06900000,183.50000000,1.161
1749262052,1.06800000,2855.70000000,1.161
1749262052,1.06600000,85.30000000,1.161
1749262052,1.06500000,5628.80000000,1.161
1749262052,1.06400000,190.80000000,1.161
1749262052,1.06300000,22.20000000,1.161
1749262052,1.06200000,53.00000000,1.161
1749262052,1.06100000,126.40000000,1.161
1749262052,1.06000000,2731.30000000,1.161
1749262052,1.05900000,47.20000000,1.161
1749262359,1.16900000,8680.60000000,1.169
1749262359,1.16800000,37893.60000000,1.169
1749262359,1.16700000,47591.00000000,1.169
1749262359,1.16600000,45823.10000000,1.169
1749262359,1.16500000,34221.70000000,1.169
1749262359,1.16400000,24675.90000000,1.169
1749262359,1.16300000,11772.20000000,1.169
1749262359,1.16200000,6986.00000000,1.169
1749262359,1.16100000,8233.20000000,1.169
1749262359,1.16000000,33189.10000000,1.169
1749262359,1.15900000,7915.20000000,1.169
1749262359,1.15800000,25138.60000000,1.169
1749262359,1.15700000,15037.30000000,1.169
1749262359,1.15600000,5175.00000000,1.169
1749262359,1.15500000,5975.30000000,1.169
1749262359,1.15400000,4200.20000000,1.169
1749262359,1.15300000,2341.10000000,1.169
1749262359,1.15200000,7329.50000000,1.169
1749262359,1.15100000,2408.50000000,1.169
1749262359,1.15000000,77048.60000000,1.169
1749262359,1.14900000,48171.80000000,1.169
1749262359,1.14800000,22103.00000000,1.169
1749262359,1.14700000,19288.30000000,1.169
1749262359,1.14600000,3190.70000000,1.169
1749262359,1.14500000,10602.40000000,1.169
1749262359,1.14400000,10387.20000000,1.169
1749262359,1.14300000,5074.30000000,1.169
1749262359,1.14200000,1095.60000000,1.169
1749262359,1.14100000,2175.70000000,1.169
1749262359,1.14000000,11709.70000000,1.169
1749262359,1.13900000,83.90000000,1.169
1749262359,1.13800000,147.20000000,1.169
1749262359,1.13700000,118.90000000,1.169
1749262359,1.13600000,228.50000000,1.169
1749262359,1.13500000,1015.00000000,1.169
1749262359,1.13400000,107.70000000,1.169
1749262359,1.13300000,691.80000000,1.169
1749262359,1.13100000,3539.90000000,1.169
1749262359,1.13000000,443.80000000,1.169
1749262359,1.12900000,136.30000000,1.169
1749262359,1.12800000,25.50000000,1.169
1749262359,1.12700000,2610.50000000,1.169
1749262359,1.12600000,511.50000000,1.169
1749262359,1.12500000,20258.60000000,1.169
1749262359,1.12400000,26.70000000,1.169
1749262359,1.12300000,505.90000000,1.169
1749262359,1.12200000,130.80000000,1.169
1749262359,1.12100000,195.10000000,1.169
1749262359,1.12000000,3004.20000000,1.169
1749262359,1.11900000,3824.00000000,1.169
1749262359,1.11800000,129.80000000,1.169
1749262359,1.11700000,1407.20000000,1.169
1749262359,1.11500000,10498.90000000,1.169
1749262359,1.11400000,209.50000000,1.169
1749262359,1.11300000,2222.00000000,1.169
1749262359,1.11200000,4907.10000000,1.169
1749262359,1.11100000,5375.20000000,1.169
1749262359,1.11000000,5922.10000000,1.169
1749262359,1.10900000,515.70000000,1.169
1749262359,1.10800000,3626.00000000,1.169
1749262359,1.10700000,142.50000000,1.169
1749262359,1.10600000,748.80000000,1.169
1749262359,1.10500000,337.20000000,1.169
1749262359,1.10400000,77.30000000,1.169
1749262359,1.10300000,50.40000000,1.169
1749262359,1.10200000,21.40000000,1.169
1749262359,1.10100000,82.20000000,1.169
1749262359,1.10000000,3768.90000000,1.169
1749262359,1.09900000,49.70000000,1.169
1749262359,1.09800000,136.60000000,1.169
1749262359,1.09700000,45.50000000,1.169
1749262359,1.09600000,773.20000000,1.169
1749262359,1.09500000,78.30000000,1.169
1749262359,1.09400000,16.90000000,1.169
1749262359,1.09300000,178.30000000,1.169
1749262359,1.09200000,19.60000000,1.169
1749262359,1.09100000,45.80000000,1.169
1749262359,1.09000000,1310.60000000,1.169
1749262359,1.08900000,746.40000000,1.169
1749262359,1.08800000,67.60000000,1.169
1749262359,1.08700000,49.70000000,1.169
1749262359,1.08600000,190.30000000,1.169
1749262359,1.08500000,58.00000000,1.169
1749262359,1.08400000,8.30000000,1.169
1749262359,1.08300000,21.30000000,1.169
1749262359,1.08200000,1276.00000000,1.169
1749262359,1.08100000,46.20000000,1.169
1749262359,1.08000000,1989.30000000,1.169
1749262359,1.07800000,244.50000000,1.169
1749262359,1.07700000,158.00000000,1.169
1749262359,1.07600000,104.30000000,1.169
1749262359,1.07500000,26.70000000,1.169
1749262359,1.07400000,84.70000000,1.169
1749262359,1.07300000,46.50000000,1.169
1749262359,1.07200000,14.70000000,1.169
1749262359,1.07100000,128.20000000,1.169
1749262359,1.07000000,156.00000000,1.169
1749262359,1.06900000,183.50000000,1.169
1749262359,1.06800000,46.80000000,1.169
1749262359,1.06600000,85.30000000,1.169
1749262660,1.17300000,2852.40000000,1.173
1749262660,1.17200000,26391.70000000,1.173
1749262660,1.17100000,46208.70000000,1.173
1749262660,1.17000000,30741.40000000,1.173
1749262660,1.16900000,16648.40000000,1.173
1749262660,1.16800000,14333.40000000,1.173
1749262660,1.16700000,18644.40000000,1.173
1749262660,1.16600000,21368.60000000,1.173
1749262660,1.16500000,33063.30000000,1.173
1749262660,1.16400000,31262.30000000,1.173
1749262660,1.16300000,12365.60000000,1.173
1749262660,1.16200000,6138.80000000,1.173
1749262660,1.16100000,11382.60000000,1.173
1749262660,1.16000000,2911.90000000,1.173
1749262660,1.15900000,3198.90000000,1.173
1749262660,1.15800000,14101.70000000,1.173
1749262660,1.15700000,19172.50000000,1.173
1749262660,1.15600000,10164.50000000,1.173
1749262660,1.15500000,8851.80000000,1.173
1749262660,1.15400000,73636.00000000,1.173
1749262660,1.15300000,4072.60000000,1.173
1749262660,1.15200000,45976.70000000,1.173
1749262660,1.15100000,10366.10000000,1.173
1749262660,1.15000000,3765.60000000,1.173
1749262660,1.14900000,3379.70000000,1.173
1749262660,1.14800000,530.40000000,1.173
1749262660,1.14700000,8660.50000000,1.173
1749262660,1.14600000,160.60000000,1.173
1749262660,1.14500000,2960.00000000,1.173
1749262660,1.14400000,12198.20000000,1.173
1749262660,1.14300000,3811.60000000,1.173
1749262660,1.14200000,844.40000000,1.173
1749262660,1.14100000,6.60000000,1.173
1749262660,1.14000000,818.90000000,1.173
1749262660,1.13900000,171.50000000,1.173
1749262660,1.13800000,147.20000000,1.173
1749262660,1.13700000,67.50000000,1.173
1749262660,1.13600000,141.40000000,1.173
1749262660,1.13500000,487.30000000,1.173
1749262660,1.13400000,107.70000000,1.173
1749262660,1.13300000,691.80000000,1.173
1749262660,1.13100000,4027.10000000,1.173
1749262660,1.13000000,2210.60000000,1.173
1749262660,1.12900000,772.50000000,1.173
1749262660,1.12800000,25.50000000,1.173
1749262660,1.12700000,17.50000000,1.173
1749262660,1.12600000,511.50000000,1.173
1749262660,1.12500000,20081.20000000,1.173
1749262660,1.12400000,26.70000000,1.173
1749262660,1.12300000,505.90000000,1.173
1749262660,1.12200000,130.80000000,1.173
1749262660,1.12100000,195.10000000,1.173
1749262660,1.12000000,3004.20000000,1.173
1749262660,1.11900000,3824.00000000,1.173
1749262660,1.11800000,23.00000000,1.173
1749262660,1.11700000,1407.20000000,1.173
1749262660,1.11500000,10498.90000000,1.173
1749262660,1.11400000,209.50000000,1.173
1749262660,1.11300000,2222.00000000,1.173
1749262660,1.11200000,4907.10000000,1.173
1749262660,1.11100000,5375.20000000,1.173
1749262660,1.11000000,5922.10000000,1.173
1749262660,1.10900000,65.70000000,1.173
1749262660,1.10800000,3626.00000000,1.173
1749262660,1.10700000,142.50000000,1.173
1749262660,1.10600000,748.80000000,1.173
1749262660,1.10500000,337.20000000,1.173
1749262660,1.10400000,77.30000000,1.173
1749262660,1.10300000,50.40000000,1.173
1749262660,1.10200000,21.40000000,1.173
1749262660,1.10100000,82.20000000,1.173
1749262660,1.10000000,3768.90000000,1.173
1749262660,1.09900000,49.70000000,1.173
1749262660,1.09800000,136.60000000,1.173
1749262660,1.09700000,45.50000000,1.173
1749262660,1.09600000,773.20000000,1.173
1749262660,1.09500000,78.30000000,1.173
1749262660,1.09400000,16.90000000,1.173
1749262660,1.09300000,178.30000000,1.173
1749262660,1.09200000,19.60000000,1.173
1749262660,1.09100000,45.80000000,1.173
1749262660,1.09000000,1310.60000000,1.173
1749262660,1.08900000,746.40000000,1.173
1749262660,1.08800000,67.60000000,1.173
1749262660,1.08700000,49.70000000,1.173
1749262660,1.08600000,190.30000000,1.173
1749262660,1.08500000,58.00000000,1.173
1749262660,1.08400000,8.30000000,1.173
1749262660,1.08300000,21.30000000,1.173
1749262660,1.08200000,1276.00000000,1.173
1749262660,1.08100000,415.60000000,1.173
1749262660,1.08000000,1989.30000000,1.173
1749262660,1.07800000,244.50000000,1.173
1749262660,1.07700000,158.00000000,1.173
1749262660,1.07600000,104.30000000,1.173
1749262660,1.07500000,26.70000000,1.173
1749262660,1.07400000,84.70000000,1.173
1749262660,1.07300000,46.50000000,1.173
1749262660,1.07200000,14.70000000,1.173
1749262660,1.07100000,128.20000000,1.173
1749262962,1.16500000,8525.80000000,1.166
1749262962,1.16400000,34484.60000000,1.166
1749262962,1.16300000,55429.10000000,1.166
1749262962,1.16200000,46044.60000000,1.166
1749262962,1.16100000,34424.10000000,1.166
1749262962,1.16000000,20818.20000000,1.166
1749262962,1.15900000,19963.60000000,1.166
1749262962,1.15800000,7561.30000000,1.166
1749262962,1.15700000,5880.80000000,1.166
1749262962,1.15600000,10968.30000000,1.166
1749262962,1.15500000,29917.10000000,1.166
1749262962,1.15400000,20597.70000000,1.166
1749262962,1.15300000,11827.20000000,1.166
1749262962,1.15200000,3360.90000000,1.166
1749262962,1.15100000,2965.20000000,1.166
1749262962,1.15000000,20073.40000000,1.166
1749262962,1.14900000,6908.60000000,1.166
1749262962,1.14800000,1424.10000000,1.166
1749262962,1.14700000,72195.60000000,1.166
1749262962,1.14600000,1833.80000000,1.166
1749262962,1.14500000,1618.60000000,1.166
1749262962,1.14400000,11661.80000000,1.166
1749262962,1.14300000,56986.40000000,1.166
1749262962,1.14200000,5048.10000000,1.166
1749262962,1.14100000,738.00000000,1.166
1749262962,1.14000000,4511.20000000,1.166
1749262962,1.13900000,630.80000000,1.166
1749262962,1.13800000,147.20000000,1.166
1749262962,1.13700000,67.50000000,1.166
1749262962,1.13600000,724.00000000,1.166
1749262962,1.13500000,1586.40000000,1.166
1749262962,1.13400000,107.70000000,1.166
1749262962,1.13300000,30.70000000,1.166
1749262962,1.13200000,51.60000000,1.166
1749262962,1.13100000,6088.90000000,1.166
1749262962,1.13000000,824.80000000,1.166
1749262962,1.12900000,136.30000000,1.166
1749262962,1.12800000,306.60000000,1.166
1749262962,1.12700000,17.50000000,1.166
1749262962,1.12600000,996.80000000,1.166
1749262962,1.12500000,20081.20000000,1.166
1749262962,1.12400000,26.70000000,1.166
1749262962,1.12300000,2390.90000000,1.166
1749262962,1.12200000,486.70000000,1.166
1749262962,1.12100000,373.20000000,1.166
1749262962,1.12000000,6508.20000000,1.166
1749262962,1.11900000,328.00000000,1.166
1749262962,1.11800000,23.00000000,1.166
1749262962,1.11700000,1854.00000000,1.166
1749262962,1.11500000,10498.90000000,1.166
1749262962,1.11400000,209.50000000,1.166
1749262962,1.11300000,2222.00000000,1.166
1749262962,1.11200000,4907.10000000,1.166
1749262962,1.11100000,5375.20000000,1.166
1749262962,1.11000000,5922.10000000,1.166
1749262962,1.10900000,65.70000000,1.166
1749262962,1.10800000,3626.00000000,1.166
1749262962,1.10700000,142.50000000,1.166
1749262962,1.10600000,748.80000000,1.166
1749262962,1.10500000,342.30000000,1.166
1749262962,1.10400000,77.30000000,1.166
1749262962,1.10300000,50.40000000,1.166
1749262962,1.10200000,21.40000000,1.166
1749262962,1.10100000,82.20000000,1.166
1749262962,1.10000000,3768.90000000,1.166
1749262962,1.09900000,49.70000000,1.166
1749262962,1.09800000,136.60000000,1.166
1749262962,1.09700000,45.50000000,1.166
1749262962,1.09600000,773.20000000,1.166
1749262962,1.09500000,78.30000000,1.166
1749262962,1.09400000,16.90000000,1.166
1749262962,1.09300000,178.30000000,1.166
1749262962,1.09200000,19.60000000,1.166
1749262962,1.09100000,45.80000000,1.166
1749262962,1.09000000,1310.60000000,1.166
1749262962,1.08900000,746.40000000,1.166
1749262962,1.08800000,67.60000000,1.166
1749262962,1.08700000,49.70000000,1.166
1749262962,1.08600000,190.30000000,1.166
1749262962,1.08500000,58.00000000,1.166
1749262962,1.08400000,8.30000000,1.166
1749262962,1.08300000,21.30000000,1.166
1749262962,1.08200000,1276.00000000,1.166
1749262962,1.08100000,46.20000000,1.166
1749262962,1.08000000,1989.30000000,1.166
1749262962,1.07800000,244.50000000,1.166
1749262962,1.07700000,158.00000000,1.166
1749262962,1.07600000,475.40000000,1.166
1749262962,1.07500000,26.70000000,1.166
1749262962,1.07400000,84.70000000,1.166
1749262962,1.07300000,46.50000000,1.166
1749262962,1.07200000,14.70000000,1.166
1749262962,1.07100000,128.20000000,1.166
1749262962,1.07000000,156.00000000,1.166
1749262962,1.06900000,183.50000000,1.166
1749262962,1.06800000,46.80000000,1.166
1749262962,1.06600000,85.30000000,1.166
1749262962,1.06500000,5628.80000000,1.166
1749262962,1.06400000,190.80000000,1.166
1749262962,1.06300000,22.20000000,1.166
1749263270,1.17100000,10287.70000000,1.171
1749263270,1.17000000,51082.50000000,1.171
1749263270,1.16900000,48488.80000000,1.171
1749263270,1.16800000,43366.70000000,1.171
1749263270,1.16700000,25265.50000000,1.171
1749263270,1.16600000,14768.40000000,1.171
1749263270,1.16500000,37600.30000000,1.171
1749263270,1.16400000,18308.70000000,1.171
1749263270,1.16300000,16903.10000000,1.171
1749263270,1.16200000,22195.60000000,1.171
1749263270,1.16100000,7420.20000000,1.171
1749263270,1.16000000,10828.90000000,1.171
1749263270,1.15900000,4928.20000000,1.171
1749263270,1.15800000,3359.90000000,1.171
1749263270,1.15700000,5311.40000000,1.171
1749263270,1.15600000,4181.00000000,1.171
1749263270,1.15500000,13751.00000000,1.171
1749263270,1.15400000,20788.30000000,1.171
1749263270,1.15300000,64438.30000000,1.171
1749263270,1.15200000,1497.90000000,1.171
1749263270,1.15100000,45150.10000000,1.171
1749263270,1.15000000,27918.50000000,1.171
1749263270,1.14900000,1782.10000000,1.171
1749263270,1.14800000,9452.60000000,1.171
1749263270,1.14700000,4323.40000000,1.171
1749263270,1.14600000,2314.30000000,1.171
1749263270,1.14500000,3854.00000000,1.171
1749263270,1.14400000,11302.70000000,1.171
1749263270,1.14300000,5125.00000000,1.171
1749263270,1.14200000,844.40000000,1.171
1749263270,1.14100000,6.60000000,1.171
1749263270,1.14000000,654.20000000,1.171
1749263270,1.13900000,170.80000000,1.171
1749263270,1.13800000,677.90000000,1.171
1749263270,1.13700000,67.50000000,1.171
1749263270,1.13600000,520.40000000,1.171
1749263270,1.13500000,487.30000000,1.171
1749263270,1.13400000,107.70000000,1.171
1749263270,1.13300000,30.70000000,1.171
1749263270,1.13100000,4027.10000000,1.171
1749263270,1.13000000,443.80000000,1.171
1749263270,1.12900000,1197.30000000,1.171
1749263270,1.12800000,25.50000000,1.171
1749263270,1.12700000,194.60000000,1.171
1749263270,1.12600000,511.50000000,1.171
1749263270,1.12500000,20081.20000000,1.171
1749263270,1.12400000,307.80000000,1.171
1749263270,1.12300000,613.10000000,1.171
1749263270,1.12200000,130.80000000,1.171
1749263270,1.12100000,195.10000000,1.171
1749263270,1.12000000,3004.20000000,1.171
1749263270,1.11900000,3828.00000000,1.171
1749263270,1.11800000,23.00000000,1.171
1749263270,1.11700000,1407.20000000,1.171
1749263270,1.11500000,10946.50000000,1.171
1749263270,1.11400000,209.50000000,1.171
1749263270,1.11300000,2222.00000000,1.171
1749263270,1.11200000,4907.10000000,1.171
1749263270,1.11100000,5375.20000000,1.171
1749263270,1.11000000,5922.10000000,1.171
1749263270,1.10900000,65.70000000,1.171
1749263270,1.10800000,3626.00000000,1.171
1749263270,1.10700000,142.50000000,1.171
1749263270,1.10600000,748.80000000,1.171
1749263270,1.10500000,337.20000000,1.171
1749263270,1.10400000,77.30000000,1.171
1749263270,1.10300000,50.40000000,1.171
1749263270,1.10200000,21.40000000,1.171
1749263270,1.10100000,82.20000000,1.171
1749263270,1.10000000,3768.90000000,1.171
1749263270,1.09900000,49.70000000,1.171
1749263270,1.09800000,136.60000000,1.171
1749263270,1.09700000,45.50000000,1.171
1749263270,1.09600000,773.20000000,1.171
1749263270,1.09500000,78.30000000,1.171
1749263270,1.09400000,16.90000000,1.171
1749263270,1.09300000,178.30000000,1.171
1749263270,1.09200000,19.60000000,1.171
1749263270,1.09100000,45.80000000,1.171
1749263270,1.09000000,14424.90000000,1.171
1749263270,1.08900000,746.40000000,1.171
1749263270,1.08800000,67.60000000,1.171
1749263270,1.08700000,49.70000000,1.171
1749263270,1.08600000,190.30000000,1.171
1749263270,1.08500000,58.00000000,1.171
1749263270,1.08400000,8.30000000,1.171
1749263270,1.08300000,21.30000000,1.171
1749263270,1.08200000,1276.00000000,1.171
1749263270,1.08100000,46.20000000,1.171
1749263270,1.08000000,1989.30000000,1.171
1749263270,1.07800000,244.50000000,1.171
1749263270,1.07700000,528.80000000,1.171
1749263270,1.07600000,104.30000000,1.171
1749263270,1.07500000,26.70000000,1.171
1749263270,1.07400000,84.70000000,1.171
1749263270,1.07300000,46.50000000,1.171
1749263270,1.07200000,14.70000000,1.171
1749263270,1.07100000,128.20000000,1.171
1749263270,1.07000000,156.00000000,1.171
1749263270,1.06900000,183.50000000,1.171
1749263571,1.16500000,7656.00000000,1.166
1749263571,1.16400000,62037.70000000,1.166
1749263571,1.16300000,49608.50000000,1.166
1749263571,1.16200000,48391.30000000,1.166
1749263571,1.16100000,47435.50000000,1.166
1749263571,1.16000000,3667.70000000,1.166
1749263571,1.15900000,11078.50000000,1.166
1749263571,1.15800000,4362.10000000,1.166
1749263571,1.15700000,8725.20000000,1.166
1749263571,1.15600000,31361.00000000,1.166
1749263571,1.15500000,28944.00000000,1.166
1749263571,1.15400000,4288.20000000,1.166
1749263571,1.15300000,2442.90000000,1.166
1749263571,1.15200000,3026.30000000,1.166
1749263571,1.15100000,2417.60000000,1.166
1749263571,1.15000000,27918.50000000,1.166
1749263571,1.14900000,3137.80000000,1.166
1749263571,1.14800000,63397.30000000,1.166
1749263571,1.14700000,2269.00000000,1.166
1749263571,1.14600000,5730.00000000,1.166
1749263571,1.14500000,45438.90000000,1.166
1749263571,1.14400000,19705.00000000,1.166
1749263571,1.14300000,7888.20000000,1.166
1749263571,1.14200000,6564.20000000,1.166
1749263571,1.14100000,1444.00000000,1.166
1749263571,1.14000000,3261.20000000,1.166
1749263571,1.13900000,1692.30000000,1.166
1749263571,1.13800000,5827.10000000,1.166
1749263571,1.13700000,1504.50000000,1.166
1749263571,1.13600000,1579.20000000,1.166
1749263571,1.13500000,1019.40000000,1.166
1749263571,1.13400000,107.70000000,1.166
1749263571,1.13300000,410.70000000,1.166
1749263571,1.13100000,3539.90000000,1.166
1749263571,1.13000000,443.80000000,1.166
1749263571,1.12900000,136.30000000,1.166
1749263571,1.12800000,25.50000000,1.166
1749263571,1.12700000,17.50000000,1.166
1749263571,1.12600000,511.50000000,1.166
1749263571,1.12500000,20362.30000000,1.166
1749263571,1.12400000,26.70000000,1.166
1749263571,1.12300000,613.10000000,1.166
1749263571,1.12200000,795.70000000,1.166
1749263571,1.12100000,195.10000000,1.166
1749263571,1.12000000,6508.20000000,1.166
1749263571,1.11900000,328.00000000,1.166
1749263571,1.11800000,23.00000000,1.166
1749263571,1.11700000,1407.20000000,1.166
1749263571,1.11500000,10946.50000000,1.166
1749263571,1.11400000,209.50000000,1.166
1749263571,1.11300000,2222.00000000,1.166
1749263571,1.11200000,4907.10000000,1.166
1749263571,1.11100000,5375.20000000,1.166
1749263571,1.11000000,5922.10000000,1.166
1749263571,1.10900000,65.70000000,1.166
1749263571,1.10800000,3626.00000000,1.166
1749263571,1.10700000,142.50000000,1.166
1749263571,1.10600000,748.80000000,1.166
1749263571,1.10500000,337.20000000,1.166
1749263571,1.10400000,77.30000000,1.166
1749263571,1.10300000,50.40000000,1.166
1749263571,1.10200000,21.40000000,1.166
1749263571,1.10100000,82.20000000,1.166
1749263571,1.10000000,3768.90000000,1.166
1749263571,1.09900000,49.70000000,1.166
1749263571,1.09800000,136.60000000,1.166
1749263571,1.09700000,45.50000000,1.166
1749263571,1.09600000,773.20000000,1.166
1749263571,1.09500000,78.30000000,1.166
1749263571,1.09400000,16.90000000,1.166
1749263571,1.09300000,178.30000000,1.166
1749263571,1.09200000,19.60000000,1.166
1749263571,1.09100000,45.80000000,1.166
1749263571,1.09000000,14424.90000000,1.166
1749263571,1.08900000,746.40000000,1.166
1749263571,1.08800000,67.60000000,1.166
1749263571,1.08700000,49.70000000,1.166
1749263571,1.08600000,190.30000000,1.166
1749263571,1.08500000,58.00000000,1.166
1749263571,1.08400000,8.30000000,1.166
1749263571,1.08300000,21.30000000,1.166
1749263571,1.08200000,1276.00000000,1.166
1749263571,1.08100000,46.20000000,1.166
1749263571,1.08000000,1989.30000000,1.166
1749263571,1.07800000,244.50000000,1.166
1749263571,1.07700000,158.00000000,1.166
1749263571,1.07600000,104.30000000,1.166
1749263571,1.07500000,26.70000000,1.166
1749263571,1.07400000,456.50000000,1.166
1749263571,1.07300000,46.50000000,1.166
1749263571,1.07200000,14.70000000,1.166
1749263571,1.07100000,128.20000000,1.166
1749263571,1.07000000,156.00000000,1.166
1749263571,1.06900000,183.50000000,1.166
1749263571,1.06800000,46.80000000,1.166
1749263571,1.06600000,85.30000000,1.166
1749263571,1.06500000,5628.80000000,1.166
1749263571,1.06400000,190.80000000,1.166
1749263571,1.06300000,22.20000000,1.166
1749263571,1.06200000,53.00000000,1.166
1749263873,1.17200000,10981.10000000,1.173
1749263873,1.17100000,51279.80000000,1.173
1749263873,1.17000000,44608.70000000,1.173
1749263873,1.16900000,39562.40000000,1.173
1749263873,1.16800000,27032.00000000,1.173
1749263873,1.16700000,12144.00000000,1.173
1749263873,1.16600000,16829.00000000,1.173
1749263873,1.16500000,16632.00000000,1.173
1749263873,1.16400000,15011.20000000,1.173
1749263873,1.16300000,27901.60000000,1.173
1749263873,1.16200000,22817.30000000,1.173
1749263873,1.16100000,12562.60000000,1.173
1749263873,1.16000000,2499.10000000,1.173
1749263873,1.15900000,2853.80000000,1.173
1749263873,1.15800000,2946.20000000,1.173
1749263873,1.15700000,5208.00000000,1.173
1749263873,1.15600000,10409.30000000,1.173
1749263873,1.15500000,29867.90000000,1.173
1749263873,1.15400000,3008.60000000,1.173
1749263873,1.15300000,58413.10000000,1.173
1749263873,1.15200000,5700.80000000,1.173
1749263873,1.15100000,46077.90000000,1.173
1749263873,1.15000000,27960.70000000,1.173
1749263873,1.14900000,3291.30000000,1.173
1749263873,1.14800000,3899.00000000,1.173
1749263873,1.14700000,9328.00000000,1.173
1749263873,1.14600000,1791.70000000,1.173
1749263873,1.14500000,3870.30000000,1.173
1749263873,1.14400000,11302.70000000,1.173
1749263873,1.14300000,5074.30000000,1.173
1749263873,1.14200000,2194.40000000,1.173
1749263873,1.14100000,1443.30000000,1.173
1749263873,1.14000000,2200.30000000,1.173
1749263873,1.13900000,1433.90000000,1.173
1749263873,1.13800000,1497.20000000,1.173
1749263873,1.13700000,67.50000000,1.173
1749263873,1.13600000,1870.40000000,1.173
1749263873,1.13500000,46.80000000,1.173
1749263873,1.13400000,1457.70000000,1.173
1749263873,1.13300000,30.70000000,1.173
1749263873,1.13100000,3539.90000000,1.173
1749263873,1.13000000,443.80000000,1.173
1749263873,1.12900000,620.30000000,1.173
1749263873,1.12800000,202.40000000,1.173
1749263873,1.12700000,17.50000000,1.173
1749263873,1.12600000,511.50000000,1.173
1749263873,1.12500000,20081.20000000,1.173
1749263873,1.12400000,26.70000000,1.173
1749263873,1.12300000,894.20000000,1.173
1749263873,1.12200000,130.80000000,1.173
1749263873,1.12100000,195.10000000,1.173
1749263873,1.12000000,3004.20000000,1.173
1749263873,1.11900000,3828.00000000,1.173
1749263873,1.11800000,23.00000000,1.173
1749263873,1.11700000,1407.20000000,1.173
1749263873,1.11500000,10498.90000000,1.173
1749263873,1.11400000,209.50000000,1.173
1749263873,1.11300000,2670.40000000,1.173
1749263873,1.11200000,4907.10000000,1.173
1749263873,1.11100000,5375.20000000,1.173
1749263873,1.11000000,3415.90000000,1.173
1749263873,1.10900000,65.70000000,1.173
1749263873,1.10800000,3626.00000000,1.173
1749263873,1.10700000,142.50000000,1.173
1749263873,1.10600000,748.80000000,1.173
1749263873,1.10500000,337.20000000,1.173
1749263873,1.10400000,77.30000000,1.173
1749263873,1.10300000,50.40000000,1.173
1749263873,1.10200000,21.40000000,1.173
1749263873,1.10100000,82.20000000,1.173
1749263873,1.10000000,3768.90000000,1.173
1749263873,1.09900000,49.70000000,1.173
1749263873,1.09800000,136.60000000,1.173
1749263873,1.09700000,45.50000000,1.173
1749263873,1.09600000,773.20000000,1.173
1749263873,1.09500000,78.30000000,1.173
1749263873,1.09400000,16.90000000,1.173
1749263873,1.09300000,178.30000000,1.173
1749263873,1.09200000,19.60000000,1.173
1749263873,1.09100000,45.80000000,1.173
1749263873,1.09000000,14424.90000000,1.173
1749263873,1.08900000,746.40000000,1.173
1749263873,1.08800000,67.60000000,1.173
1749263873,1.08700000,49.70000000,1.173
1749263873,1.08600000,190.30000000,1.173
1749263873,1.08500000,58.00000000,1.173
1749263873,1.08400000,8.30000000,1.173
1749263873,1.08300000,21.30000000,1.173
1749263873,1.08200000,1276.00000000,1.173
1749263873,1.08100000,415.60000000,1.173
1749263873,1.08000000,1989.30000000,1.173
1749263873,1.07800000,244.50000000,1.173
1749263873,1.07700000,158.00000000,1.173
1749263873,1.07600000,104.30000000,1.173
1749263873,1.07500000,26.70000000,1.173
1749263873,1.07400000,84.70000000,1.173
1749263873,1.07300000,46.50000000,1.173
1749263873,1.07200000,14.70000000,1.173
1749263873,1.07100000,128.20000000,1.173
1749263873,1.07000000,156.00000000,1.173
1749264174,1.16600000,15331.40000000,1.167
1749264174,1.16500000,48254.60000000,1.167
1749264174,1.16400000,55799.30000000,1.167
1749264174,1.16300000,42069.60000000,1.167
1749264174,1.16200000,26531.30000000,1.167
1749264174,1.16100000,8361.90000000,1.167
1749264174,1.16000000,11794.10000000,1.167
1749264174,1.15900000,2624.50000000,1.167
1749264174,1.15800000,5588.60000000,1.167
1749264174,1.15700000,20262.30000000,1.167
1749264174,1.15600000,33813.90000000,1.167
1749264174,1.15500000,13134.70000000,1.167
1749264174,1.15400000,2262.30000000,1.167
1749264174,1.15300000,1382.10000000,1.167
1749264174,1.15200000,2390.10000000,1.167
1749264174,1.15100000,21057.80000000,1.167
1749264174,1.15000000,67659.10000000,1.167
1749264174,1.14900000,12376.60000000,1.167
1749264174,1.14800000,1861.50000000,1.167
1749264174,1.14700000,45138.00000000,1.167
1749264174,1.14600000,11644.90000000,1.167
1749264174,1.14500000,4372.20000000,1.167
1749264174,1.14400000,12956.00000000,1.167
1749264174,1.14300000,7886.70000000,1.167
1749264174,1.14200000,2194.40000000,1.167
1749264174,1.14100000,3992.20000000,1.167
1749264174,1.14000000,1587.50000000,1.167
1749264174,1.13900000,1485.20000000,1.167
1749264174,1.13800000,1497.20000000,1.167
1749264174,1.13700000,67.50000000,1.167
1749264174,1.13600000,2023.00000000,1.167
1749264174,1.13500000,2452.20000000,1.167
1749264174,1.13400000,1457.70000000,1.167
1749264174,1.13300000,1760.70000000,1.167
1749264174,1.13100000,3539.90000000,1.167
1749264174,1.13000000,443.80000000,1.167
1749264174,1.12900000,620.30000000,1.167
1749264174,1.12800000,306.60000000,1.167
1749264174,1.12700000,17.50000000,1.167
1749264174,1.12600000,511.50000000,1.167
1749264174,1.12500000,20258.60000000,1.167
1749264174,1.12400000,26.70000000,1.167
1749264174,1.12300000,613.10000000,1.167
1749264174,1.12200000,130.80000000,1.167
1749264174,1.12100000,195.10000000,1.167
1749264174,1.12000000,25283.50000000,1.167
1749264174,1.11900000,328.00000000,1.167
1749264174,1.11800000,23.00000000,1.167
1749264174,1.11700000,1407.20000000,1.167
1749264174,1.11500000,10498.90000000,1.167
1749264174,1.11400000,209.50000000,1.167
1749264174,1.11300000,2670.40000000,1.167
1749264174,1.11200000,4907.10000000,1.167
1749264174,1.11100000,5375.20000000,1.167
1749264174,1.11000000,3415.90000000,1.167
1749264174,1.10900000,65.70000000,1.167
1749264174,1.10800000,3626.00000000,1.167
1749264174,1.10700000,142.50000000,1.167
1749264174,1.10600000,748.80000000,1.167
1749264174,1.10500000,337.20000000,1.167
1749264174,1.10400000,77.30000000,1.167
1749264174,1.10300000,50.40000000,1.167
1749264174,1.10200000,21.40000000,1.167
1749264174,1.10100000,82.20000000,1.167
1749264174,1.10000000,3768.90000000,1.167
1749264174,1.09900000,49.70000000,1.167
1749264174,1.09800000,136.60000000,1.167
1749264174,1.09700000,45.50000000,1.167
1749264174,1.09600000,773.20000000,1.167
1749264174,1.09500000,78.30000000,1.167
1749264174,1.09400000,16.90000000,1.167
1749264174,1.09300000,178.30000000,1.167
1749264174,1.09200000,19.60000000,1.167
1749264174,1.09100000,45.80000000,1.167
1749264174,1.09000000,14424.90000000,1.167
1749264174,1.08900000,746.40000000,1.167
1749264174,1.08800000,67.60000000,1.167
1749264174,1.08700000,49.70000000,1.167
1749264174,1.08600000,190.30000000,1.167
1749264174,1.08500000,58.00000000,1.167
1749264174,1.08400000,8.30000000,1.167
1749264174,1.08300000,21.30000000,1.167
1749264174,1.08200000,1276.00000000,1.167
1749264174,1.08100000,415.60000000,1.167
1749264174,1.08000000,1989.30000000,1.167
1749264174,1.07800000,244.50000000,1.167
1749264174,1.07700000,158.00000000,1.167
1749264174,1.07600000,104.30000000,1.167
1749264174,1.07500000,70.70000000,1.167
1749264174,1.07400000,84.70000000,1.167
1749264174,1.07300000,46.50000000,1.167
1749264174,1.07200000,14.70000000,1.167
1749264174,1.07100000,128.20000000,1.167
1749264174,1.07000000,156.00000000,1.167
1749264174,1.06900000,183.50000000,1.167
1749264174,1.06800000,46.80000000,1.167
1749264174,1.06600000,85.30000000,1.167
1749264174,1.06500000,5628.80000000,1.167
1749264174,1.06400000,190.80000000,1.167
1749264174,1.06300000,22.20000000,1.167
1749264476,1.16700000,2405.60000000,1.167
1749264476,1.16600000,18468.20000000,1.167
1749264476,1.16500000,41774.40000000,1.167
1749264476,1.16400000,52291.20000000,1.167
1749264476,1.16300000,25517.90000000,1.167
1749264476,1.16200000,21847.40000000,1.167
1749264476,1.16100000,20728.60000000,1.167
1749264476,1.16000000,7623.60000000,1.167
1749264476,1.15900000,9051.10000000,1.167
1749264476,1.15800000,3940.10000000,1.167
1749264476,1.15700000,23758.20000000,1.167
1749264476,1.15600000,4091.40000000,1.167
1749264476,1.15500000,15817.80000000,1.167
1749264476,1.15400000,1904.70000000,1.167
1749264476,1.15300000,5093.60000000,1.167
1749264476,1.15200000,26964.00000000,1.167
1749264476,1.15100000,18019.00000000,1.167
1749264476,1.15000000,72820.90000000,1.167
1749264476,1.14900000,13329.00000000,1.167
1749264476,1.14800000,2534.80000000,1.167
1749264476,1.14700000,45138.00000000,1.167
1749264476,1.14600000,1552.70000000,1.167
1749264476,1.14500000,4671.20000000,1.167
1749264476,1.14400000,11474.80000000,1.167
1749264476,1.14300000,5096.00000000,1.167
1749264476,1.14200000,11245.20000000,1.167
1749264476,1.14100000,6110.10000000,1.167
1749264476,1.14000000,3595.40000000,1.167
1749264476,1.13900000,1433.90000000,1.167
1749264476,1.13800000,1497.20000000,1.167
1749264476,1.13700000,67.50000000,1.167
1749264476,1.13600000,1491.40000000,1.167
1749264476,1.13500000,1928.90000000,1.167
1749264476,1.13400000,1509.70000000,1.167
1749264476,1.13300000,1760.70000000,1.167
1749264476,1.13100000,5949.00000000,1.167
1749264476,1.13000000,1793.80000000,1.167
1749264476,1.12900000,136.30000000,1.167
1749264476,1.12800000,306.60000000,1.167
1749264476,1.12700000,502.30000000,1.167
1749264476,1.12600000,511.50000000,1.167
1749264476,1.12500000,18332.50000000,1.167
1749264476,1.12400000,26.70000000,1.167
1749264476,1.12300000,557.80000000,1.167
1749264476,1.12200000,130.80000000,1.167
1749264476,1.12100000,195.10000000,1.167
1749264476,1.12000000,21779.50000000,1.167
1749264476,1.11900000,3828.00000000,1.167
1749264476,1.11800000,23.00000000,1.167
1749264476,1.11700000,1407.20000000,1.167
1749264476,1.11500000,495.60000000,1.167
1749264476,1.11400000,209.50000000,1.167
1749264476,1.11300000,2222.00000000,1.167
1749264476,1.11200000,5355.90000000,1.167
1749264476,1.11100000,5375.20000000,1.167
1749264476,1.11000000,3415.90000000,1.167
1749264476,1.10900000,65.70000000,1.167
1749264476,1.10800000,3626.00000000,1.167
1749264476,1.10700000,142.50000000,1.167
1749264476,1.10600000,748.80000000,1.167
1749264476,1.10500000,337.20000000,1.167
1749264476,1.10400000,77.30000000,1.167
1749264476,1.10300000,50.40000000,1.167
1749264476,1.10200000,21.40000000,1.167
1749264476,1.10100000,82.20000000,1.167
1749264476,1.10000000,3768.90000000,1.167
1749264476,1.09900000,49.70000000,1.167
1749264476,1.09800000,136.60000000,1.167
1749264476,1.09700000,45.50000000,1.167
1749264476,1.09600000,773.20000000,1.167
1749264476,1.09500000,78.30000000,1.167
1749264476,1.09400000,16.90000000,1.167
1749264476,1.09300000,178.30000000,1.167
1749264476,1.09200000,19.60000000,1.167
1749264476,1.09100000,45.80000000,1.167
1749264476,1.09000000,14424.90000000,1.167
1749264476,1.08900000,746.40000000,1.167
1749264476,1.08800000,67.60000000,1.167
1749264476,1.08700000,49.70000000,1.167
1749264476,1.08600000,190.30000000,1.167
1749264476,1.08500000,58.00000000,1.167
1749264476,1.08400000,8.30000000,1.167
1749264476,1.08300000,21.30000000,1.167
1749264476,1.08200000,1276.00000000,1.167
1749264476,1.08100000,46.20000000,1.167
1749264476,1.08000000,1989.30000000,1.167
1749264476,1.07800000,244.50000000,1.167
1749264476,1.07700000,528.80000000,1.167
1749264476,1.07600000,104.30000000,1.167
1749264476,1.07500000,70.70000000,1.167
1749264476,1.07400000,84.70000000,1.167
1749264476,1.07300000,46.50000000,1.167
1749264476,1.07200000,14.70000000,1.167
1749264476,1.07100000,128.20000000,1.167
1749264476,1.07000000,11523.40000000,1.167
1749264476,1.06900000,183.50000000,1.167
1749264476,1.06800000,46.80000000,1.167
1749264476,1.06600000,85.30000000,1.167
1749264476,1.06500000,5628.80000000,1.167
1749264476,1.06400000,190.80000000,1.167
1749264778,1.17100000,4116.60000000,1.171
1749264778,1.17000000,28221.90000000,1.171
1749264778,1.16900000,50476.40000000,1.171
1749264778,1.16800000,55018.10000000,1.171
1749264778,1.16700000,25983.00000000,1.171
1749264778,1.16600000,10846.00000000,1.171
1749264778,1.16500000,22954.60000000,1.171
1749264778,1.16400000,15521.70000000,1.171
1749264778,1.16300000,20678.90000000,1.171
1749264778,1.16200000,14567.30000000,1.171
1749264778,1.16100000,22697.70000000,1.171
1749264778,1.16000000,4128.70000000,1.171
1749264778,1.15900000,12666.60000000,1.171
1749264778,1.15800000,4361.90000000,1.171
1749264778,1.15700000,3843.30000000,1.171
1749264778,1.15600000,12533.40000000,1.171
1749264778,1.15500000,5928.30000000,1.171
1749264778,1.15400000,2177.10000000,1.171
1749264778,1.15300000,17072.90000000,1.171
1749264778,1.15200000,18387.00000000,1.171
1749264778,1.15100000,75494.10000000,1.171
1749264778,1.15000000,51103.40000000,1.171
1749264778,1.14900000,2400.30000000,1.171
1749264778,1.14800000,2620.40000000,1.171
1749264778,1.14700000,4159.10000000,1.171
1749264778,1.14600000,1510.60000000,1.171
1749264778,1.14500000,12185.20000000,1.171
1749264778,1.14400000,11302.70000000,1.171
1749264778,1.14300000,5074.30000000,1.171
1749264778,1.14200000,2669.00000000,1.171
1749264778,1.14100000,8297.30000000,1.171
1749264778,1.14000000,1726.70000000,1.171
1749264778,1.13900000,1433.90000000,1.171
1749264778,1.13800000,1497.20000000,1.171
1749264778,1.13700000,67.50000000,1.171
1749264778,1.13600000,1870.40000000,1.171
1749264778,1.13500000,4447.90000000,1.171
1749264778,1.13400000,1457.70000000,1.171
1749264778,1.13300000,2437.90000000,1.171
1749264778,1.13100000,3628.10000000,1.171
1749264778,1.13000000,3389.30000000,1.171
1749264778,1.12900000,136.30000000,1.171
1749264778,1.12800000,306.60000000,1.171
1749264778,1.12700000,17.50000000,1.171
1749264778,1.12600000,2284.50000000,1.171
1749264778,1.12500000,18332.50000000,1.171
1749264778,1.12400000,204.30000000,1.171
1749264778,1.12300000,380.10000000,1.171
1749264778,1.12200000,130.80000000,1.171
1749264778,1.12100000,195.10000000,1.171
1749264778,1.12000000,21779.50000000,1.171
1749264778,1.11900000,3828.00000000,1.171
1749264778,1.11800000,17.60000000,1.171
1749264778,1.11700000,1407.20000000,1.171
1749264778,1.11500000,495.60000000,1.171
1749264778,1.11400000,209.50000000,1.171
1749264778,1.11300000,2222.00000000,1.171
1749264778,1.11200000,4907.10000000,1.171
1749264778,1.11100000,5375.20000000,1.171
1749264778,1.11000000,3415.90000000,1.171
1749264778,1.10900000,65.70000000,1.171
1749264778,1.10800000,3626.00000000,1.171
1749264778,1.10700000,142.50000000,1.171
1749264778,1.10600000,748.80000000,1.171
1749264778,1.10500000,337.20000000,1.171
1749264778,1.10400000,77.30000000,1.171
1749264778,1.10300000,50.40000000,1.171
1749264778,1.10200000,21.40000000,1.171
1749264778,1.10100000,82.20000000,1.171
1749264778,1.10000000,3768.90000000,1.171
1749264778,1.09900000,49.70000000,1.171
1749264778,1.09800000,136.60000000,1.171
1749264778,1.09700000,45.50000000,1.171
1749264778,1.09600000,773.20000000,1.171
1749264778,1.09500000,78.30000000,1.171
1749264778,1.09400000,16.90000000,1.171
1749264778,1.09300000,178.30000000,1.171
1749264778,1.09200000,19.60000000,1.171
1749264778,1.09100000,45.80000000,1.171
1749264778,1.09000000,14424.90000000,1.171
1749264778,1.08900000,746.40000000,1.171
1749264778,1.08800000,67.60000000,1.171
1749264778,1.08700000,49.70000000,1.171
1749264778,1.08600000,190.30000000,1.171
1749264778,1.08500000,58.00000000,1.171
1749264778,1.08300000,21.30000000,1.171
1749264778,1.08200000,1276.00000000,1.171
1749264778,1.08100000,46.20000000,1.171
1749264778,1.08000000,1989.30000000,1.171
1749264778,1.07800000,244.50000000,1.171
1749264778,1.07700000,528.80000000,1.171
1749264778,1.07600000,104.30000000,1.171
1749264778,1.07500000,907.90000000,1.171
1749264778,1.07400000,84.70000000,1.171
1749264778,1.07300000,46.50000000,1.171
1749264778,1.07200000,14.70000000,1.171
1749264778,1.07100000,128.20000000,1.171
1749264778,1.07000000,11523.40000000,1.171
1749264778,1.06900000,183.50000000,1.171
1749264778,1.06800000,46.80000000,1.171
1749265079,1.17100000,16048.40000000,1.172
1749265079,1.17000000,49936.60000000,1.172
1749265079,1.16900000,49648.80000000,1.172
1749265079,1.16800000,50307.20000000,1.172
1749265079,1.16700000,35899.50000000,1.172
1749265079,1.16600000,9142.90000000,1.172
1749265079,1.16500000,8472.30000000,1.172
1749265079,1.16400000,6823.50000000,1.172
1749265079,1.16300000,10652.60000000,1.172
1749265079,1.16200000,18050.50000000,1.172
1749265079,1.16100000,5040.80000000,1.172
1749265079,1.16000000,17651.40000000,1.172
1749265079,1.15900000,2042.70000000,1.172
1749265079,1.15800000,3360.70000000,1.172
1749265079,1.15700000,87823.60000000,1.172
1749265079,1.15600000,15256.80000000,1.172
1749265079,1.15500000,5057.10000000,1.172
1749265079,1.15400000,4152.00000000,1.172
1749265079,1.15300000,2232.10000000,1.172
1749265079,1.15200000,45015.60000000,1.172
1749265079,1.15100000,9479.40000000,1.172
1749265079,1.15000000,6050.30000000,1.172
1749265079,1.14900000,3644.70000000,1.172
1749265079,1.14800000,2286.60000000,1.172
1749265079,1.14700000,1465.20000000,1.172
1749265079,1.14600000,1510.60000000,1.172
1749265079,1.14500000,1581.10000000,1.172
1749265079,1.14400000,19324.40000000,1.172
1749265079,1.14300000,5074.30000000,1.172
1749265079,1.14200000,2232.00000000,1.172
1749265079,1.14100000,1885.90000000,1.172
1749265079,1.14000000,1587.50000000,1.172
1749265079,1.13900000,1811.90000000,1.172
1749265079,1.13800000,1497.20000000,1.172
1749265079,1.13700000,67.50000000,1.172
1749265079,1.13600000,1491.40000000,1.172
1749265079,1.13500000,46.80000000,1.172
1749265079,1.13400000,1457.70000000,1.172
1749265079,1.13300000,311.80000000,1.172
1749265079,1.13100000,3539.90000000,1.172
1749265079,1.13000000,3565.90000000,1.172
1749265079,1.12900000,136.30000000,1.172
1749265079,1.12800000,25.50000000,1.172
1749265079,1.12700000,17.50000000,1.172
1749265079,1.12600000,511.50000000,1.172
1749265079,1.12500000,18332.50000000,1.172
1749265079,1.12400000,26.70000000,1.172
1749265079,1.12300000,380.10000000,1.172
1749265079,1.12200000,130.80000000,1.172
1749265079,1.12100000,195.10000000,1.172
1749265079,1.12000000,21769.60000000,1.172
1749265079,1.11900000,3828.00000000,1.172
1749265079,1.11800000,17.60000000,1.172
1749265079,1.11700000,1407.20000000,1.172
1749265079,1.11500000,495.60000000,1.172
1749265079,1.11400000,209.50000000,1.172
1749265079,1.11300000,2222.00000000,1.172
1749265079,1.11200000,4907.10000000,1.172
1749265079,1.11100000,5375.20000000,1.172
1749265079,1.11000000,3415.90000000,1.172
1749265079,1.10900000,65.70000000,1.172
1749265079,1.10800000,3626.00000000,1.172
1749265079,1.10700000,142.50000000,1.172
1749265079,1.10600000,748.80000000,1.172
1749265079,1.10500000,337.20000000,1.172
1749265079,1.10400000,77.30000000,1.172
1749265079,1.10300000,50.40000000,1.172
1749265079,1.10200000,21.40000000,1.172
1749265079,1.10100000,82.20000000,1.172
1749265079,1.10000000,3768.90000000,1.172
1749265079,1.09900000,49.70000000,1.172
1749265079,1.09800000,136.60000000,1.172
1749265079,1.09700000,45.50000000,1.172
1749265079,1.09600000,773.20000000,1.172
1749265079,1.09500000,78.30000000,1.172
1749265079,1.09400000,16.90000000,1.172
1749265079,1.09300000,178.30000000,1.172
1749265079,1.09200000,19.60000000,1.172
1749265079,1.09100000,45.80000000,1.172
1749265079,1.09000000,14424.90000000,1.172
1749265079,1.08900000,746.40000000,1.172
1749265079,1.08800000,67.60000000,1.172
1749265079,1.08700000,49.70000000,1.172
1749265079,1.08600000,190.30000000,1.172
1749265079,1.08500000,58.00000000,1.172
1749265079,1.08300000,390.00000000,1.172
1749265079,1.08200000,1276.00000000,1.172
1749265079,1.08100000,46.20000000,1.172
1749265079,1.08000000,1989.30000000,1.172
1749265079,1.07800000,244.50000000,1.172
1749265079,1.07700000,158.00000000,1.172
1749265079,1.07600000,104.30000000,1.172
1749265079,1.07500000,70.70000000,1.172
1749265079,1.07400000,84.70000000,1.172
1749265079,1.07300000,46.50000000,1.172
1749265079,1.07200000,14.70000000,1.172
1749265079,1.07100000,128.20000000,1.172
1749265079,1.07000000,11523.40000000,1.172
1749265079,1.06900000,183.50000000,1.172
1749265079,1.06800000,46.80000000,1.172
1749265384,1.17200000,10925.90000000,1.172
1749265384,1.17100000,46130.60000000,1.172
1749265384,1.17000000,47253.90000000,1.172
1749265384,1.16900000,41957.30000000,1.172
1749265384,1.16800000,35758.40000000,1.172
1749265384,1.16700000,27985.40000000,1.172
1749265384,1.16600000,11287.10000000,1.172
1749265384,1.16500000,5837.60000000,1.172
1749265384,1.16400000,3527.30000000,1.172
1749265384,1.16300000,25867.90000000,1.172
1749265384,1.16200000,2378.10000000,1.172
1749265384,1.16100000,11587.90000000,1.172
1749265384,1.16000000,10224.10000000,1.172
1749265384,1.15900000,2038.30000000,1.172
1749265384,1.15800000,3484.80000000,1.172
1749265384,1.15700000,33851.30000000,1.172
1749265384,1.15600000,68126.90000000,1.172
1749265384,1.15500000,5855.10000000,1.172
1749265384,1.15400000,1292.70000000,1.172
1749265384,1.15300000,45985.20000000,1.172
1749265384,1.15200000,1472.80000000,1.172
1749265384,1.15100000,9594.10000000,1.172
1749265384,1.15000000,6137.10000000,1.172
1749265384,1.14900000,3559.10000000,1.172
1749265384,1.14800000,2199.70000000,1.172
1749265384,1.14700000,1407.10000000,1.172
1749265384,1.14600000,1510.60000000,1.172
1749265384,1.14500000,1581.10000000,1.172
1749265384,1.14400000,19273.30000000,1.172
1749265384,1.14300000,5074.30000000,1.172
1749265384,1.14200000,2194.40000000,1.172
1749265384,1.14100000,1356.60000000,1.172
1749265384,1.14000000,5237.90000000,1.172
1749265384,1.13900000,2342.10000000,1.172
1749265384,1.13800000,1497.20000000,1.172
1749265384,1.13700000,67.50000000,1.172
1749265384,1.13600000,1491.40000000,1.172
1749265384,1.13500000,46.80000000,1.172
1749265384,1.13400000,1457.70000000,1.172
1749265384,1.13300000,30.70000000,1.172
1749265384,1.13100000,3539.90000000,1.172
1749265384,1.13000000,3674.40000000,1.172
1749265384,1.12900000,136.30000000,1.172
1749265384,1.12800000,202.40000000,1.172
1749265384,1.12700000,17.50000000,1.172
1749265384,1.12600000,511.50000000,1.172
1749265384,1.12500000,18332.50000000,1.172
1749265384,1.12400000,26.70000000,1.172
1749265384,1.12300000,380.10000000,1.172
1749265384,1.12200000,130.80000000,1.172
1749265384,1.12100000,195.10000000,1.172
1749265384,1.12000000,21769.60000000,1.172
1749265384,1.11900000,3828.00000000,1.172
1749265384,1.11800000,17.60000000,1.172
1749265384,1.11700000,1407.20000000,1.172
1749265384,1.11500000,495.60000000,1.172
1749265384,1.11400000,209.50000000,1.172
1749265384,1.11300000,2222.00000000,1.172
1749265384,1.11200000,4907.10000000,1.172
1749265384,1.11100000,5375.20000000,1.172
1749265384,1.11000000,3415.90000000,1.172
1749265384,1.10900000,65.70000000,1.172
1749265384,1.10800000,3626.00000000,1.172
1749265384,1.10700000,142.50000000,1.172
1749265384,1.10600000,748.80000000,1.172
1749265384,1.10500000,337.20000000,1.172
1749265384,1.10400000,77.30000000,1.172
1749265384,1.10300000,50.40000000,1.172
1749265384,1.10200000,21.40000000,1.172
1749265384,1.10100000,82.20000000,1.172
1749265384,1.10000000,3768.90000000,1.172
1749265384,1.09900000,49.70000000,1.172
1749265384,1.09800000,136.60000000,1.172
1749265384,1.09700000,45.50000000,1.172
1749265384,1.09600000,773.20000000,1.172
1749265384,1.09500000,78.30000000,1.172
1749265384,1.09400000,16.90000000,1.172
1749265384,1.09300000,178.30000000,1.172
1749265384,1.09200000,19.60000000,1.172
1749265384,1.09100000,45.80000000,1.172
1749265384,1.09000000,14424.90000000,1.172
1749265384,1.08900000,746.40000000,1.172
1749265384,1.08800000,67.60000000,1.172
1749265384,1.08700000,49.70000000,1.172
1749265384,1.08600000,190.30000000,1.172
1749265384,1.08500000,58.00000000,1.172
1749265384,1.08300000,21.30000000,1.172
1749265384,1.08200000,1276.00000000,1.172
1749265384,1.08100000,415.60000000,1.172
1749265384,1.08000000,1989.30000000,1.172
1749265384,1.07800000,244.50000000,1.172
1749265384,1.07700000,158.00000000,1.172
1749265384,1.07600000,104.30000000,1.172
1749265384,1.07500000,70.70000000,1.172
1749265384,1.07400000,84.70000000,1.172
1749265384,1.07300000,46.50000000,1.172
1749265384,1.07200000,14.70000000,1.172
1749265384,1.07100000,128.20000000,1.172
1749265384,1.07000000,11523.40000000,1.172
1749265384,1.06900000,183.50000000,1.172
1749265686,1.18500000,5358.80000000,1.185
1749265686,1.18400000,22861.30000000,1.185
1749265686,1.18300000,27462.40000000,1.185
1749265686,1.18200000,44444.80000000,1.185
1749265686,1.18100000,11354.60000000,1.185
1749265686,1.18000000,20690.50000000,1.185
1749265686,1.17900000,9000.90000000,1.185
1749265686,1.17800000,8453.80000000,1.185
1749265686,1.17700000,18676.90000000,1.185
1749265686,1.17600000,21153.10000000,1.185
1749265686,1.17500000,4780.80000000,1.185
1749265686,1.17400000,2697.70000000,1.185
1749265686,1.17300000,4137.20000000,1.185
1749265686,1.17200000,368.00000000,1.185
1749265686,1.17100000,25663.80000000,1.185
1749265686,1.17000000,8880.00000000,1.185
1749265686,1.16900000,5041.00000000,1.185
1749265686,1.16800000,1831.20000000,1.185
1749265686,1.16700000,6814.20000000,1.185
1749265686,1.16600000,97281.60000000,1.185
1749265686,1.16500000,2011.70000000,1.185
1749265686,1.16400000,11955.20000000,1.185
1749265686,1.16300000,5377.60000000,1.185
1749265686,1.16200000,16559.10000000,1.185
1749265686,1.16100000,1467.30000000,1.185
1749265686,1.16000000,3144.30000000,1.185
1749265686,1.15900000,8992.10000000,1.185
1749265686,1.15800000,1971.50000000,1.185
1749265686,1.15700000,19318.20000000,1.185
1749265686,1.15600000,1500.10000000,1.185
1749265686,1.15500000,6698.50000000,1.185
1749265686,1.15400000,9816.90000000,1.185
1749265686,1.15300000,1373.50000000,1.185
1749265686,1.15200000,1667.30000000,1.185
1749265686,1.15100000,1434.40000000,1.185
1749265686,1.15000000,4404.80000000,1.185
1749265686,1.14900000,1387.10000000,1.185
1749265686,1.14800000,9516.60000000,1.185
1749265686,1.14700000,1356.60000000,1.185
1749265686,1.14600000,2037.60000000,1.185
1749265686,1.14500000,1581.10000000,1.185
1749265686,1.14400000,9946.10000000,1.185
1749265686,1.14300000,3749.70000000,1.185
1749265686,1.14200000,1214.80000000,1.185
1749265686,1.14000000,3881.30000000,1.185
1749265686,1.13900000,77.30000000,1.185
1749265686,1.13800000,140.60000000,1.185
1749265686,1.13700000,67.50000000,1.185
1749265686,1.13600000,317.10000000,1.185
1749265686,1.13500000,528.20000000,1.185
1749265686,1.13400000,212.90000000,1.185
1749265686,1.13300000,30.70000000,1.185
1749265686,1.13100000,3571.90000000,1.185
1749265686,1.13000000,2897.80000000,1.185
1749265686,1.12900000,136.30000000,1.185
1749265686,1.12800000,25.50000000,1.185
1749265686,1.12700000,17.50000000,1.185
1749265686,1.12600000,511.50000000,1.185
1749265686,1.12500000,18332.50000000,1.185
1749265686,1.12400000,26.70000000,1.185
1749265686,1.12300000,272.90000000,1.185
1749265686,1.12200000,130.80000000,1.185
1749265686,1.12100000,195.10000000,1.185
1749265686,1.12000000,21769.60000000,1.185
1749265686,1.11900000,3890.00000000,1.185
1749265686,1.11800000,17.60000000,1.185
1749265686,1.11700000,1407.20000000,1.185
1749265686,1.11500000,495.60000000,1.185
1749265686,1.11400000,209.50000000,1.185
1749265686,1.11300000,2222.00000000,1.185
1749265686,1.11200000,4907.10000000,1.185
1749265686,1.11100000,5365.50000000,1.185
1749265686,1.11000000,3415.90000000,1.185
1749265686,1.10900000,65.70000000,1.185
1749265686,1.10800000,86.00000000,1.185
1749265686,1.10700000,142.50000000,1.185
1749265686,1.10600000,748.80000000,1.185
1749265686,1.10500000,337.20000000,1.185
1749265686,1.10400000,77.30000000,1.185
1749265686,1.10300000,50.40000000,1.185
1749265686,1.10200000,21.40000000,1.185
1749265686,1.10100000,82.20000000,1.185
1749265686,1.10000000,3776.90000000,1.185
1749265686,1.09900000,49.70000000,1.185
1749265686,1.09800000,136.60000000,1.185
1749265686,1.09700000,45.50000000,1.185
1749265686,1.09600000,773.20000000,1.185
1749265686,1.09500000,78.30000000,1.185
1749265686,1.09400000,5.10000000,1.185
1749265686,1.09300000,178.30000000,1.185
1749265686,1.09200000,19.60000000,1.185
1749265686,1.09100000,45.80000000,1.185
1749265686,1.09000000,14424.90000000,1.185
1749265686,1.08900000,746.40000000,1.185
1749265686,1.08800000,67.60000000,1.185
1749265686,1.08700000,417.10000000,1.185
1749265686,1.08600000,190.30000000,1.185
1749265686,1.08500000,58.00000000,1.185
1749265686,1.08300000,21.30000000,1.185
1749265686,1.08200000,1276.00000000,1.185
1749265987,1.19100000,2599.20000000,1.192
1749265987,1.19000000,24170.00000000,1.192
1749265987,1.18900000,26710.30000000,1.192
1749265987,1.18800000,32000.40000000,1.192
1749265987,1.18700000,18501.70000000,1.192
1749265987,1.18600000,20565.20000000,1.192
1749265987,1.18500000,17127.10000000,1.192
1749265987,1.18400000,17992.20000000,1.192
1749265987,1.18300000,3204.60000000,1.192
1749265987,1.18200000,30235.70000000,1.192
1749265987,1.18100000,6206.60000000,1.192
1749265987,1.18000000,11959.90000000,1.192
1749265987,1.17900000,6047.40000000,1.192
1749265987,1.17800000,2812.40000000,1.192
1749265987,1.17700000,3781.10000000,1.192
1749265987,1.17600000,10244.10000000,1.192
1749265987,1.17500000,6137.80000000,1.192
1749265987,1.17400000,57738.00000000,1.192
1749265987,1.17300000,54944.20000000,1.192
1749265987,1.17200000,17709.30000000,1.192
1749265987,1.17100000,1366.30000000,1.192
1749265987,1.17000000,7828.40000000,1.192
1749265987,1.16900000,30861.60000000,1.192
1749265987,1.16800000,2694.70000000,1.192
1749265987,1.16700000,5789.70000000,1.192
1749265987,1.16600000,13224.50000000,1.192
1749265987,1.16500000,2189.80000000,1.192
1749265987,1.16400000,2807.40000000,1.192
1749265987,1.16300000,11384.50000000,1.192
1749265987,1.16200000,1490.30000000,1.192
1749265987,1.16100000,1872.30000000,1.192
1749265987,1.16000000,1440.50000000,1.192
1749265987,1.15900000,8943.80000000,1.192
1749265987,1.15800000,2014.30000000,1.192
1749265987,1.15700000,1526.80000000,1.192
1749265987,1.15600000,3980.40000000,1.192
1749265987,1.15500000,5027.70000000,1.192
1749265987,1.15400000,1122.10000000,1.192
1749265987,1.15300000,17.00000000,1.192
1749265987,1.15200000,12.20000000,1.192
1749265987,1.15100000,926.50000000,1.192
1749265987,1.15000000,2489.20000000,1.192
1749265987,1.14900000,1768.10000000,1.192
1749265987,1.14800000,589.30000000,1.192
1749265987,1.14600000,154.00000000,1.192
1749265987,1.14500000,324.30000000,1.192
1749265987,1.14400000,251.70000000,1.192
1749265987,1.14300000,3799.70000000,1.192
1749265987,1.14200000,845.60000000,1.192
1749265987,1.14000000,3881.30000000,1.192
1749265987,1.13900000,77.30000000,1.192
1749265987,1.13800000,140.60000000,1.192
1749265987,1.13700000,67.50000000,1.192
1749265987,1.13600000,710.40000000,1.192
1749265987,1.13500000,73.10000000,1.192
1749265987,1.13400000,107.70000000,1.192
1749265987,1.13300000,30.70000000,1.192
1749265987,1.13100000,3675.50000000,1.192
1749265987,1.13000000,2897.80000000,1.192
1749265987,1.12900000,136.30000000,1.192
1749265987,1.12800000,25.50000000,1.192
1749265987,1.12700000,1789.00000000,1.192
1749265987,1.12600000,511.50000000,1.192
1749265987,1.12500000,18332.50000000,1.192
1749265987,1.12400000,26.70000000,1.192
1749265987,1.12300000,282.50000000,1.192
1749265987,1.12200000,130.80000000,1.192
1749265987,1.12100000,195.10000000,1.192
1749265987,1.12000000,21778.60000000,1.192
1749265987,1.11900000,328.00000000,1.192
1749265987,1.11800000,17.60000000,1.192
1749265987,1.11700000,1407.20000000,1.192
1749265987,1.11500000,495.60000000,1.192
1749265987,1.11400000,209.50000000,1.192
1749265987,1.11300000,2222.00000000,1.192
1749265987,1.11200000,4907.10000000,1.192
1749265987,1.11100000,5365.50000000,1.192
1749265987,1.11000000,3365.90000000,1.192
1749265987,1.10900000,65.70000000,1.192
1749265987,1.10800000,86.00000000,1.192
1749265987,1.10700000,142.50000000,1.192
1749265987,1.10600000,760.50000000,1.192
1749265987,1.10500000,337.20000000,1.192
1749265987,1.10400000,77.30000000,1.192
1749265987,1.10300000,50.40000000,1.192
1749265987,1.10200000,21.40000000,1.192
1749265987,1.10100000,82.20000000,1.192
1749265987,1.10000000,3776.90000000,1.192
1749265987,1.09900000,49.70000000,1.192
1749265987,1.09800000,136.60000000,1.192
1749265987,1.09700000,45.50000000,1.192
1749265987,1.09600000,773.20000000,1.192
1749265987,1.09500000,78.30000000,1.192
1749265987,1.09400000,5.10000000,1.192
1749265987,1.09300000,178.30000000,1.192
1749265987,1.09200000,19.60000000,1.192
1749265987,1.09100000,45.80000000,1.192
1749265987,1.09000000,14439.10000000,1.192
1749265987,1.08900000,746.40000000,1.192
1749265987,1.08800000,67.60000000,1.192
1749266293,1.19500000,22879.70000000,1.196
1749266293,1.19400000,35928.40000000,1.196
1749266293,1.19300000,48218.20000000,1.196
1749266293,1.19200000,29352.30000000,1.196
1749266293,1.19100000,35382.70000000,1.196
1749266293,1.19000000,23683.60000000,1.196
1749266293,1.18900000,12835.00000000,1.196
1749266293,1.18800000,6290.30000000,1.196
1749266293,1.18700000,2759.00000000,1.196
1749266293,1.18600000,31447.40000000,1.196
1749266293,1.18500000,2349.90000000,1.196
1749266293,1.18400000,3649.80000000,1.196
1749266293,1.18300000,2822.80000000,1.196
1749266293,1.18200000,19540.00000000,1.196
1749266293,1.18100000,2377.60000000,1.196
1749266293,1.18000000,10781.80000000,1.196
1749266293,1.17900000,61646.00000000,1.196
1749266293,1.17800000,4892.80000000,1.196
1749266293,1.17700000,49778.60000000,1.196
1749266293,1.17600000,4247.10000000,1.196
1749266293,1.17500000,17026.30000000,1.196
1749266293,1.17400000,3361.00000000,1.196
1749266293,1.17300000,13654.10000000,1.196
1749266293,1.17200000,2167.50000000,1.196
1749266293,1.17100000,4557.80000000,1.196
1749266293,1.17000000,9298.50000000,1.196
1749266293,1.16900000,1802.80000000,1.196
1749266293,1.16800000,3677.30000000,1.196
1749266293,1.16700000,5758.60000000,1.196
1749266293,1.16600000,19506.50000000,1.196
1749266293,1.16500000,1475.60000000,1.196
1749266293,1.16400000,1987.50000000,1.196
1749266293,1.16300000,9303.70000000,1.196
1749266293,1.16200000,3971.30000000,1.196
1749266293,1.16100000,1356.50000000,1.196
1749266293,1.16000000,1987.40000000,1.196
1749266293,1.15900000,69.70000000,1.196
1749266293,1.15800000,615.00000000,1.196
1749266293,1.15700000,170.30000000,1.196
1749266293,1.15600000,79.40000000,1.196
1749266293,1.15500000,3671.20000000,1.196
1749266293,1.15400000,1601.60000000,1.196
1749266293,1.15300000,917.70000000,1.196
1749266293,1.15200000,12.20000000,1.196
1749266293,1.15100000,1798.00000000,1.196
1749266293,1.15000000,2489.20000000,1.196
1749266293,1.14900000,30.50000000,1.196
1749266293,1.14800000,67.50000000,1.196
1749266293,1.14600000,154.00000000,1.196
1749266293,1.14500000,1324.30000000,1.196
1749266293,1.14300000,3799.70000000,1.196
1749266293,1.14200000,837.80000000,1.196
1749266293,1.14100000,571.30000000,1.196
1749266293,1.14000000,4319.10000000,1.196
1749266293,1.13900000,81.70000000,1.196
1749266293,1.13800000,140.60000000,1.196
1749266293,1.13700000,67.50000000,1.196
1749266293,1.13600000,141.40000000,1.196
1749266293,1.13500000,100.20000000,1.196
1749266293,1.13400000,117.20000000,1.196
1749266293,1.13300000,30.70000000,1.196
1749266293,1.13100000,5740.20000000,1.196
1749266293,1.13000000,2897.80000000,1.196
1749266293,1.12900000,136.30000000,1.196
1749266293,1.12800000,25.50000000,1.196
1749266293,1.12700000,17.50000000,1.196
1749266293,1.12600000,511.50000000,1.196
1749266293,1.12500000,18332.50000000,1.196
1749266293,1.12400000,26.70000000,1.196
1749266293,1.12300000,272.90000000,1.196
1749266293,1.12200000,130.80000000,1.196
1749266293,1.12100000,195.10000000,1.196
1749266293,1.12000000,21778.50000000,1.196
1749266293,1.11900000,328.00000000,1.196
1749266293,1.11800000,17.60000000,1.196
1749266293,1.11700000,1407.20000000,1.196
1749266293,1.11600000,11.60000000,1.196
1749266293,1.11500000,495.60000000,1.196
1749266293,1.11400000,209.50000000,1.196
1749266293,1.11300000,2222.00000000,1.196
1749266293,1.11200000,4907.10000000,1.196
1749266293,1.11100000,5365.50000000,1.196
1749266293,1.11000000,3365.90000000,1.196
1749266293,1.10900000,65.70000000,1.196
1749266293,1.10800000,86.00000000,1.196
1749266293,1.10700000,142.50000000,1.196
1749266293,1.10600000,748.80000000,1.196
1749266293,1.10500000,698.60000000,1.196
1749266293,1.10400000,77.30000000,1.196
1749266293,1.10300000,50.40000000,1.196
1749266293,1.10200000,21.40000000,1.196
1749266293,1.10100000,82.20000000,1.196
1749266293,1.10000000,3336.50000000,1.196
1749266293,1.09900000,49.70000000,1.196
1749266293,1.09800000,136.60000000,1.196
1749266293,1.09700000,45.50000000,1.196
1749266293,1.09600000,773.20000000,1.196
1749266293,1.09500000,78.30000000,1.196
1749266293,1.09400000,5.10000000,1.196
1749266293,1.09300000,178.30000000,1.196
1749266595,1.19400000,8429.50000000,1.195
1749266595,1.19300000,44635.60000000,1.195
1749266595,1.19200000,22433.60000000,1.195
1749266595,1.19100000,20156.40000000,1.195
1749266595,1.19000000,29509.90000000,1.195
1749266595,1.18900000,21106.80000000,1.195
1749266595,1.18800000,20231.60000000,1.195
1749266595,1.18700000,3754.90000000,1.195
1749266595,1.18600000,3654.10000000,1.195
1749266595,1.18500000,31304.60000000,1.195
1749266595,1.18400000,4312.90000000,1.195
1749266595,1.18300000,10481.40000000,1.195
1749266595,1.18200000,5234.90000000,1.195
1749266595,1.18100000,5048.30000000,1.195
1749266595,1.18000000,10586.60000000,1.195
1749266595,1.17900000,6976.20000000,1.195
1749266595,1.17800000,17646.90000000,1.195
1749266595,1.17700000,1899.90000000,1.195
1749266595,1.17600000,18158.10000000,1.195
1749266595,1.17500000,71482.70000000,1.195
1749266595,1.17400000,44687.70000000,1.195
1749266595,1.17300000,2715.90000000,1.195
1749266595,1.17200000,5104.20000000,1.195
1749266595,1.17100000,1455.10000000,1.195
1749266595,1.17000000,9465.20000000,1.195
1749266595,1.16900000,11796.90000000,1.195
1749266595,1.16800000,1503.50000000,1.195
1749266595,1.16700000,5201.00000000,1.195
1749266595,1.16600000,9621.90000000,1.195
1749266595,1.16500000,1999.30000000,1.195
1749266595,1.16400000,637.50000000,1.195
1749266595,1.16300000,113.30000000,1.195
1749266595,1.16200000,140.30000000,1.195
1749266595,1.16100000,56.90000000,1.195
1749266595,1.16000000,133.60000000,1.195
1749266595,1.15900000,7937.20000000,1.195
1749266595,1.15800000,1136.50000000,1.195
1749266595,1.15700000,170.30000000,1.195
1749266595,1.15600000,331.10000000,1.195
1749266595,1.15500000,14439.40000000,1.195
1749266595,1.15400000,86.20000000,1.195
1749266595,1.15300000,24.80000000,1.195
1749266595,1.15200000,12.20000000,1.195
1749266595,1.15100000,2276.70000000,1.195
1749266595,1.15000000,1081.90000000,1.195
1749266595,1.14900000,551.80000000,1.195
1749266595,1.14800000,67.50000000,1.195
1749266595,1.14700000,7.00000000,1.195
1749266595,1.14600000,154.00000000,1.195
1749266595,1.14500000,4423.80000000,1.195
1749266595,1.14300000,3799.70000000,1.195
1749266595,1.14200000,837.80000000,1.195
1749266595,1.14000000,4319.10000000,1.195
1749266595,1.13900000,77.30000000,1.195
1749266595,1.13800000,140.60000000,1.195
1749266595,1.13700000,67.50000000,1.195
1749266595,1.13600000,715.20000000,1.195
1749266595,1.13500000,46.80000000,1.195
1749266595,1.13400000,117.20000000,1.195
1749266595,1.13300000,35.20000000,1.195
1749266595,1.13100000,3621.90000000,1.195
1749266595,1.13000000,2897.80000000,1.195
1749266595,1.12900000,136.30000000,1.195
1749266595,1.12800000,1780.80000000,1.195
1749266595,1.12700000,371.90000000,1.195
1749266595,1.12600000,511.50000000,1.195
1749266595,1.12500000,18332.50000000,1.195
1749266595,1.12400000,26.70000000,1.195
1749266595,1.12300000,281.80000000,1.195
1749266595,1.12200000,130.80000000,1.195
1749266595,1.12100000,195.10000000,1.195
1749266595,1.12000000,21769.60000000,1.195
1749266595,1.11900000,328.00000000,1.195
1749266595,1.11800000,912.00000000,1.195
1749266595,1.11700000,1407.20000000,1.195
1749266595,1.11600000,11.60000000,1.195
1749266595,1.11500000,495.60000000,1.195
1749266595,1.11400000,209.50000000,1.195
1749266595,1.11300000,2222.00000000,1.195
1749266595,1.11200000,4907.10000000,1.195
1749266595,1.11100000,5374.50000000,1.195
1749266595,1.11000000,3365.90000000,1.195
1749266595,1.10900000,65.70000000,1.195
1749266595,1.10800000,86.00000000,1.195
1749266595,1.10700000,142.50000000,1.195
1749266595,1.10600000,748.80000000,1.195
1749266595,1.10500000,337.20000000,1.195
1749266595,1.10400000,77.30000000,1.195
1749266595,1.10300000,50.40000000,1.195
1749266595,1.10200000,21.40000000,1.195
1749266595,1.10100000,82.20000000,1.195
1749266595,1.10000000,3336.50000000,1.195
1749266595,1.09900000,49.70000000,1.195
1749266595,1.09800000,136.60000000,1.195
1749266595,1.09700000,45.50000000,1.195
1749266595,1.09600000,773.20000000,1.195
1749266595,1.09500000,78.30000000,1.195
1749266595,1.09400000,5.10000000,1.195
1749266595,1.09300000,178.30000000,1.195
1749266595,1.09200000,19.60000000,1.195
1749266897,1.19600000,9852.70000000,1.196
1749266897,1.19500000,39028.10000000,1.196
1749266897,1.19400000,54730.20000000,1.196
1749266897,1.19300000,45447.20000000,1.196
1749266897,1.19200000,39573.10000000,1.196
1749266897,1.19100000,12549.60000000,1.196
1749266897,1.19000000,11017.90000000,1.196
1749266897,1.18900000,11460.80000000,1.196
1749266897,1.18800000,6054.60000000,1.196
1749266897,1.18700000,22357.80000000,1.196
1749266897,1.18600000,2654.00000000,1.196
1749266897,1.18500000,11005.50000000,1.196
1749266897,1.18400000,12510.60000000,1.196
1749266897,1.18300000,17575.90000000,1.196
1749266897,1.18200000,4303.80000000,1.196
1749266897,1.18100000,20744.60000000,1.196
1749266897,1.18000000,3251.20000000,1.196
1749266897,1.17900000,61190.80000000,1.196
1749266897,1.17800000,4286.10000000,1.196
1749266897,1.17700000,45369.80000000,1.196
1749266897,1.17600000,4303.60000000,1.196
1749266897,1.17500000,1491.40000000,1.196
1749266897,1.17400000,2427.30000000,1.196
1749266897,1.17300000,11239.90000000,1.196
1749266897,1.17200000,2276.90000000,1.196
1749266897,1.17100000,380.70000000,1.196
1749266897,1.17000000,33521.70000000,1.196
1749266897,1.16900000,11200.10000000,1.196
1749266897,1.16800000,383.80000000,1.196
1749266897,1.16700000,3618.50000000,1.196
1749266897,1.16600000,109.20000000,1.196
1749266897,1.16500000,601.10000000,1.196
1749266897,1.16400000,8471.20000000,1.196
1749266897,1.16300000,40.40000000,1.196
1749266897,1.16200000,140.30000000,1.196
1749266897,1.16100000,6.50000000,1.196
1749266897,1.16000000,90.50000000,1.196
1749266897,1.15900000,69.70000000,1.196
1749266897,1.15800000,615.00000000,1.196
1749266897,1.15700000,170.30000000,1.196
1749266897,1.15600000,512.70000000,1.196
1749266897,1.15500000,13402.30000000,1.196
1749266897,1.15400000,86.20000000,1.196
1749266897,1.15300000,398.20000000,1.196
1749266897,1.15200000,12.20000000,1.196
1749266897,1.15100000,77.80000000,1.196
1749266897,1.15000000,697.80000000,1.196
1749266897,1.14900000,30.50000000,1.196
1749266897,1.14800000,67.50000000,1.196
1749266897,1.14700000,7.00000000,1.196
1749266897,1.14600000,3250.10000000,1.196
1749266897,1.14500000,1324.30000000,1.196
1749266897,1.14300000,3799.70000000,1.196
1749266897,1.14200000,837.80000000,1.196
1749266897,1.14100000,437.40000000,1.196
1749266897,1.14000000,3885.70000000,1.196
1749266897,1.13900000,77.30000000,1.196
1749266897,1.13800000,140.60000000,1.196
1749266897,1.13700000,67.50000000,1.196
1749266897,1.13600000,141.40000000,1.196
1749266897,1.13500000,46.80000000,1.196
1749266897,1.13400000,117.20000000,1.196
1749266897,1.13300000,30.70000000,1.196
1749266897,1.13100000,3621.90000000,1.196
1749266897,1.13000000,2897.80000000,1.196
1749266897,1.12900000,136.30000000,1.196
1749266897,1.12800000,25.50000000,1.196
1749266897,1.12700000,17.50000000,1.196
1749266897,1.12600000,511.50000000,1.196
1749266897,1.12500000,18332.50000000,1.196
1749266897,1.12400000,26.70000000,1.196
1749266897,1.12300000,281.80000000,1.196
1749266897,1.12200000,130.80000000,1.196
1749266897,1.12100000,195.10000000,1.196
1749266897,1.12000000,21769.60000000,1.196
1749266897,1.11900000,328.00000000,1.196
1749266897,1.11800000,17.60000000,1.196
1749266897,1.11700000,1407.20000000,1.196
1749266897,1.11600000,11.60000000,1.196
1749266897,1.11500000,504.50000000,1.196
1749266897,1.11400000,209.50000000,1.196
1749266897,1.11300000,2222.00000000,1.196
1749266897,1.11200000,4907.10000000,1.196
1749266897,1.11100000,5365.50000000,1.196
1749266897,1.11000000,3365.90000000,1.196
1749266897,1.10900000,65.70000000,1.196
1749266897,1.10800000,86.00000000,1.196
1749266897,1.10700000,142.50000000,1.196
1749266897,1.10600000,748.80000000,1.196
1749266897,1.10500000,337.20000000,1.196
1749266897,1.10400000,77.30000000,1.196
1749266897,1.10300000,412.50000000,1.196
1749266897,1.10200000,21.40000000,1.196
1749266897,1.10100000,82.20000000,1.196
1749266897,1.10000000,3336.50000000,1.196
1749266897,1.09900000,49.70000000,1.196
1749266897,1.09800000,136.60000000,1.196
1749266897,1.09700000,45.50000000,1.196
1749266897,1.09600000,773.20000000,1.196
1749266897,1.09500000,78.30000000,1.196
1749267199,1.19200000,6189.40000000,1.192
1749267199,1.19100000,35330.90000000,1.192
1749267199,1.19000000,57114.60000000,1.192
1749267199,1.18900000,43426.20000000,1.192
1749267199,1.18800000,18901.10000000,1.192
1749267199,1.18700000,8246.80000000,1.192
1749267199,1.18600000,26904.10000000,1.192
1749267199,1.18500000,11653.20000000,1.192
1749267199,1.18400000,4372.90000000,1.192
1749267199,1.18300000,21918.90000000,1.192
1749267199,1.18200000,8470.70000000,1.192
1749267199,1.18100000,8455.30000000,1.192
1749267199,1.18000000,10445.90000000,1.192
1749267199,1.17900000,26220.90000000,1.192
1749267199,1.17800000,1442.80000000,1.192
1749267199,1.17700000,1817.00000000,1.192
1749267199,1.17600000,17861.10000000,1.192
1749267199,1.17500000,58947.90000000,1.192
1749267199,1.17400000,2081.10000000,1.192
1749267199,1.17300000,12770.00000000,1.192
1749267199,1.17200000,44751.20000000,1.192
1749267199,1.17100000,1456.60000000,1.192
1749267199,1.17000000,34762.40000000,1.192
1749267199,1.16900000,12080.20000000,1.192
1749267199,1.16800000,1851.60000000,1.192
1749267199,1.16700000,3639.80000000,1.192
1749267199,1.16600000,9255.50000000,1.192
1749267199,1.16500000,32.50000000,1.192
1749267199,1.16400000,8606.00000000,1.192
1749267199,1.16300000,427.00000000,1.192
1749267199,1.16200000,371.70000000,1.192
1749267199,1.16100000,611.80000000,1.192
1749267199,1.16000000,90.50000000,1.192
1749267199,1.15900000,69.70000000,1.192
1749267199,1.15800000,3435.80000000,1.192
1749267199,1.15700000,422.00000000,1.192
1749267199,1.15600000,40.00000000,1.192
1749267199,1.15500000,13402.30000000,1.192
1749267199,1.15400000,86.20000000,1.192
1749267199,1.15300000,24.80000000,1.192
1749267199,1.15200000,12.20000000,1.192
1749267199,1.15100000,77.80000000,1.192
1749267199,1.15000000,1081.90000000,1.192
1749267199,1.14900000,30.50000000,1.192
1749267199,1.14800000,543.50000000,1.192
1749267199,1.14700000,181.00000000,1.192
1749267199,1.14600000,154.00000000,1.192
1749267199,1.14500000,1324.30000000,1.192
1749267199,1.14300000,3799.70000000,1.192
1749267199,1.14200000,487.60000000,1.192
1749267199,1.14100000,437.40000000,1.192
1749267199,1.14000000,681.60000000,1.192
1749267199,1.13900000,77.30000000,1.192
1749267199,1.13800000,140.60000000,1.192
1749267199,1.13700000,67.50000000,1.192
1749267199,1.13600000,141.40000000,1.192
1749267199,1.13500000,46.80000000,1.192
1749267199,1.13400000,117.20000000,1.192
1749267199,1.13300000,30.70000000,1.192
1749267199,1.13100000,3621.90000000,1.192
1749267199,1.13000000,2897.80000000,1.192
1749267199,1.12900000,136.30000000,1.192
1749267199,1.12800000,25.50000000,1.192
1749267199,1.12700000,17.50000000,1.192
1749267199,1.12600000,511.50000000,1.192
1749267199,1.12500000,18332.50000000,1.192
1749267199,1.12400000,26.70000000,1.192
1749267199,1.12300000,281.80000000,1.192
1749267199,1.12200000,130.80000000,1.192
1749267199,1.12100000,195.10000000,1.192
1749267199,1.12000000,23462.10000000,1.192
1749267199,1.11900000,328.00000000,1.192
1749267199,1.11800000,17.60000000,1.192
1749267199,1.11700000,1407.20000000,1.192
1749267199,1.11600000,11.60000000,1.192
1749267199,1.11500000,495.60000000,1.192
1749267199,1.11400000,209.50000000,1.192
1749267199,1.11300000,2222.00000000,1.192
1749267199,1.11200000,4907.10000000,1.192
1749267199,1.11100000,2423.70000000,1.192
1749267199,1.11000000,3365.90000000,1.192
1749267199,1.10900000,65.70000000,1.192
1749267199,1.10800000,86.00000000,1.192
1749267199,1.10700000,142.50000000,1.192
1749267199,1.10600000,748.80000000,1.192
1749267199,1.10500000,337.20000000,1.192
1749267199,1.10400000,77.30000000,1.192
1749267199,1.10300000,50.40000000,1.192
1749267199,1.10200000,21.40000000,1.192
1749267199,1.10100000,82.20000000,1.192
1749267199,1.10000000,3336.50000000,1.192
1749267199,1.09900000,413.10000000,1.192
1749267199,1.09800000,136.60000000,1.192
1749267199,1.09700000,45.50000000,1.192
1749267199,1.09600000,773.20000000,1.192
1749267199,1.09500000,78.30000000,1.192
1749267199,1.09400000,5.10000000,1.192
1749267199,1.09300000,178.30000000,1.192
1749267199,1.09200000,19.60000000,1.192
1749267199,1.09100000,45.80000000,1.192
1749267505,1.18800000,9359.40000000,1.188
1749267505,1.18700000,32279.80000000,1.188
1749267505,1.18600000,37408.50000000,1.188
1749267505,1.18500000,36092.40000000,1.188
1749267505,1.18400000,29774.30000000,1.188
1749267505,1.18300000,6443.30000000,1.188
1749267505,1.18200000,24113.30000000,1.188
1749267505,1.18100000,11442.50000000,1.188
1749267505,1.18000000,3964.10000000,1.188
1749267505,1.17900000,6478.10000000,1.188
1749267505,1.17800000,25115.90000000,1.188
1749267505,1.17700000,12854.80000000,1.188
1749267505,1.17600000,29026.50000000,1.188
1749267505,1.17500000,18383.60000000,1.188
1749267505,1.17400000,1965.30000000,1.188
1749267505,1.17300000,9139.20000000,1.188
1749267505,1.17200000,2438.80000000,1.188
1749267505,1.17100000,1371.40000000,1.188
1749267505,1.17000000,37541.80000000,1.188
1749267505,1.16900000,52891.60000000,1.188
1749267505,1.16800000,58808.90000000,1.188
1749267505,1.16700000,6299.50000000,1.188
1749267505,1.16600000,9155.20000000,1.188
1749267505,1.16500000,1229.50000000,1.188
1749267505,1.16400000,2168.40000000,1.188
1749267505,1.16300000,2135.50000000,1.188
1749267505,1.16200000,421.20000000,1.188
1749267505,1.16100000,7945.60000000,1.188
1749267505,1.16000000,90.50000000,1.188
1749267505,1.15900000,119.30000000,1.188
1749267505,1.15800000,615.00000000,1.188
1749267505,1.15700000,170.30000000,1.188
1749267505,1.15600000,562.40000000,1.188
1749267505,1.15500000,13402.30000000,1.188
1749267505,1.15400000,86.20000000,1.188
1749267505,1.15300000,24.80000000,1.188
1749267505,1.15200000,12.20000000,1.188
1749267505,1.15100000,77.80000000,1.188
1749267505,1.15000000,1081.90000000,1.188
1749267505,1.14900000,30.50000000,1.188
1749267505,1.14800000,67.50000000,1.188
1749267505,1.14700000,657.40000000,1.188
1749267505,1.14600000,154.00000000,1.188
1749267505,1.14500000,1324.30000000,1.188
1749267505,1.14400000,251.70000000,1.188
1749267505,1.14300000,3799.70000000,1.188
1749267505,1.14200000,487.60000000,1.188
1749267505,1.14000000,681.60000000,1.188
1749267505,1.13900000,77.30000000,1.188
1749267505,1.13800000,579.10000000,1.188
1749267505,1.13700000,67.50000000,1.188
1749267505,1.13600000,141.40000000,1.188
1749267505,1.13500000,46.80000000,1.188
1749267505,1.13400000,117.20000000,1.188
1749267505,1.13300000,30.70000000,1.188
1749267505,1.13100000,3621.90000000,1.188
1749267505,1.13000000,435.90000000,1.188
1749267505,1.12900000,136.30000000,1.188
1749267505,1.12800000,25.50000000,1.188
1749267505,1.12700000,17.50000000,1.188
1749267505,1.12600000,511.50000000,1.188
1749267505,1.12500000,18332.50000000,1.188
1749267505,1.12400000,26.70000000,1.188
1749267505,1.12300000,281.80000000,1.188
1749267505,1.12200000,130.80000000,1.188
1749267505,1.12100000,195.10000000,1.188
1749267505,1.12000000,23462.10000000,1.188
1749267505,1.11900000,328.00000000,1.188
1749267505,1.11800000,17.60000000,1.188
1749267505,1.11700000,1407.20000000,1.188
1749267505,1.11600000,11.60000000,1.188
1749267505,1.11500000,495.60000000,1.188
1749267505,1.11400000,209.50000000,1.188
1749267505,1.11300000,2222.00000000,1.188
1749267505,1.11200000,4907.10000000,1.188
1749267505,1.11100000,2414.70000000,1.188
1749267505,1.11000000,3365.90000000,1.188
1749267505,1.10900000,65.70000000,1.188
1749267505,1.10800000,86.00000000,1.188
1749267505,1.10700000,142.50000000,1.188
1749267505,1.10600000,748.80000000,1.188
1749267505,1.10500000,337.20000000,1.188
1749267505,1.10400000,77.30000000,1.188
1749267505,1.10300000,50.40000000,1.188
1749267505,1.10200000,383.80000000,1.188
1749267505,1.10100000,82.20000000,1.188
1749267505,1.10000000,3336.50000000,1.188
1749267505,1.09900000,49.70000000,1.188
1749267505,1.09800000,136.60000000,1.188
1749267505,1.09700000,45.50000000,1.188
1749267505,1.09600000,773.20000000,1.188
1749267505,1.09500000,78.30000000,1.188
1749267505,1.09400000,5.10000000,1.188
1749267505,1.09300000,178.30000000,1.188
1749267505,1.09200000,19.60000000,1.188
1749267505,1.09100000,45.80000000,1.188
1749267505,1.09000000,1310.60000000,1.188
1749267505,1.08900000,746.40000000,1.188
1749267505,1.08800000,67.60000000,1.188
1749267505,1.08700000,49.70000000,1.188
1749267807,1.19600000,2693.00000000,1.197
1749267807,1.19500000,33272.40000000,1.197
1749267807,1.19400000,49472.30000000,1.197
1749267807,1.19300000,43177.50000000,1.197
1749267807,1.19200000,17256.20000000,1.197
1749267807,1.19100000,24343.80000000,1.197
1749267807,1.19000000,28439.00000000,1.197
1749267807,1.18900000,9606.90000000,1.197
1749267807,1.18800000,12707.90000000,1.197
1749267807,1.18700000,22962.50000000,1.197
1749267807,1.18600000,4039.40000000,1.197
1749267807,1.18500000,6929.40000000,1.197
1749267807,1.18400000,12336.60000000,1.197
1749267807,1.18300000,4387.90000000,1.197
1749267807,1.18200000,2323.90000000,1.197
1749267807,1.18100000,1514.90000000,1.197
1749267807,1.18000000,26217.00000000,1.197
1749267807,1.17900000,7672.00000000,1.197
1749267807,1.17800000,59864.70000000,1.197
1749267807,1.17700000,2552.00000000,1.197
1749267807,1.17600000,59759.80000000,1.197
1749267807,1.17500000,1491.40000000,1.197
1749267807,1.17400000,1826.10000000,1.197
1749267807,1.17300000,9330.80000000,1.197
1749267807,1.17200000,3612.30000000,1.197
1749267807,1.17100000,966.30000000,1.197
1749267807,1.17000000,33302.70000000,1.197
1749267807,1.16900000,7912.20000000,1.197
1749267807,1.16800000,4629.20000000,1.197
1749267807,1.16700000,3668.10000000,1.197
1749267807,1.16600000,9490.90000000,1.197
1749267807,1.16500000,7859.50000000,1.197
1749267807,1.16400000,1156.30000000,1.197
1749267807,1.16300000,40.40000000,1.197
1749267807,1.16200000,140.30000000,1.197
1749267807,1.16100000,6.50000000,1.197
1749267807,1.16000000,342.20000000,1.197
1749267807,1.15900000,69.70000000,1.197
1749267807,1.15800000,615.00000000,1.197
1749267807,1.15700000,170.30000000,1.197
1749267807,1.15600000,40.00000000,1.197
1749267807,1.15500000,13402.30000000,1.197
1749267807,1.15400000,86.20000000,1.197
1749267807,1.15300000,872.10000000,1.197
1749267807,1.15200000,12.20000000,1.197
1749267807,1.15100000,251.20000000,1.197
1749267807,1.15000000,707.50000000,1.197
1749267807,1.14900000,30.50000000,1.197
1749267807,1.14800000,67.50000000,1.197
1749267807,1.14700000,7.00000000,1.197
1749267807,1.14600000,154.00000000,1.197
1749267807,1.14500000,1324.30000000,1.197
1749267807,1.14300000,3799.70000000,1.197
1749267807,1.14200000,487.60000000,1.197
1749267807,1.14000000,681.60000000,1.197
1749267807,1.13900000,77.30000000,1.197
1749267807,1.13800000,579.10000000,1.197
1749267807,1.13700000,67.50000000,1.197
