timestamp,price,volume,current_price
1749254648,1.13100000,8133.30000000,1.131
1749254648,1.13000000,33309.90000000,1.131
1749254648,1.12900000,39840.60000000,1.131
1749254648,1.12800000,37738.70000000,1.131
1749254648,1.12700000,21355.50000000,1.131
1749254648,1.12600000,29087.70000000,1.131
1749254648,1.12500000,22895.50000000,1.131
1749254648,1.12400000,7380.00000000,1.131
1749254648,1.12300000,15542.90000000,1.131
1749254648,1.12200000,12118.70000000,1.131
1749254648,1.12100000,20017.70000000,1.131
1749254648,1.12000000,13463.90000000,1.131
1749254648,1.11900000,5923.40000000,1.131
1749254648,1.11800000,2536.70000000,1.131
1749254648,1.11700000,10174.90000000,1.131
1749254648,1.11600000,5456.00000000,1.131
1749254648,1.11500000,17970.30000000,1.131
1749254648,1.11400000,2937.00000000,1.131
1749254648,1.11300000,5065.20000000,1.131
1749254648,1.11200000,64489.10000000,1.131
1749254648,1.11100000,49059.30000000,1.131
1749254648,1.11000000,17558.50000000,1.131
1749254648,1.10900000,1431.70000000,1.131
1749254648,1.10800000,13145.30000000,1.131
1749254648,1.10700000,3203.10000000,1.131
1749254648,1.10600000,2023.30000000,1.131
1749254648,1.10500000,2056.40000000,1.131
1749254648,1.10400000,1824.30000000,1.131
1749254648,1.10300000,1417.10000000,1.131
1749254648,1.10200000,1378.10000000,1.131
1749254648,1.10100000,2192.10000000,1.131
1749254648,1.10000000,30630.90000000,1.131
1749254648,1.09900000,56.40000000,1.131
1749254648,1.09800000,11849.00000000,1.131
1749254648,1.09700000,4731.50000000,1.131
1749254648,1.09600000,2034.30000000,1.131
1749254648,1.09500000,1428.30000000,1.131
1749254648,1.09400000,5.10000000,1.131
1749254648,1.09300000,1528.30000000,1.131
1749254648,1.09200000,29.40000000,1.131
1749254648,1.09100000,45.80000000,1.131
1749254648,1.09000000,3445.20000000,1.131
1749254648,1.08900000,746.40000000,1.131
1749254648,1.08800000,67.60000000,1.131
1749254648,1.08700000,49.70000000,1.131
1749254648,1.08600000,3918.20000000,1.131
1749254648,1.08500000,58.00000000,1.131
1749254648,1.08300000,21.30000000,1.131
1749254648,1.08200000,1692.90000000,1.131
1749254648,1.08100000,46.20000000,1.131
1749254648,1.08000000,2174.40000000,1.131
1749254648,1.07800000,230.10000000,1.131
1749254648,1.07700000,158.00000000,1.131
1749254648,1.07600000,80.80000000,1.131
1749254648,1.07500000,34.00000000,1.131
1749254648,1.07400000,3336.00000000,1.131
1749254648,1.07300000,46.50000000,1.131
1749254648,1.07200000,14.70000000,1.131
1749254648,1.07100000,128.20000000,1.131
1749254648,1.07000000,179.30000000,1.131
1749254648,1.06900000,183.50000000,1.131
1749254648,1.06800000,2855.70000000,1.131
1749254648,1.06600000,1876.10000000,1.131
1749254648,1.06500000,5628.80000000,1.131
1749254648,1.06400000,173.30000000,1.131
1749254648,1.06300000,22.20000000,1.131
1749254648,1.06200000,53.00000000,1.131
1749254648,1.06100000,126.40000000,1.131
1749254648,1.06000000,2745.90000000,1.131
1749254648,1.05900000,47.20000000,1.131
1749254648,1.05800000,166.00000000,1.131
1749254648,1.05700000,124.40000000,1.131
1749254648,1.05600000,28.30000000,1.131
1749254648,1.05500000,488.60000000,1.131
1749254648,1.05400000,810.00000000,1.131
1749254648,1.05300000,164.40000000,1.131
1749254648,1.05200000,1957.50000000,1.131
1749254648,1.05000000,19090.20000000,1.131
1749254648,1.04800000,7.70000000,1.131
1749254648,1.04700000,11.80000000,1.131
1749254648,1.04600000,17.80000000,1.131
1749254648,1.04500000,297.20000000,1.131
1749254648,1.04400000,98.90000000,1.131
1749254648,1.04300000,241.00000000,1.131
1749254648,1.04200000,49.70000000,1.131
1749254648,1.04000000,1476.70000000,1.131
1749254648,1.03900000,14.70000000,1.131
1749254648,1.03800000,3371.40000000,1.131
1749254648,1.03700000,78.60000000,1.131
1749254648,1.03600000,56.70000000,1.131
1749254648,1.03500000,135.00000000,1.131
1749254648,1.03400000,21.60000000,1.131
1749254648,1.03200000,12.00000000,1.131
1749254648,1.03100000,72.60000000,1.131
1749254648,1.03000000,762.50000000,1.131
1749254648,1.02800000,5663.60000000,1.131
1749254648,1.02700000,41908.60000000,1.131
1749254648,1.02600000,97.40000000,1.131
1749254648,1.02500000,18606.60000000,1.131
1749254648,1.02400000,14969.60000000,1.131
1749254971,1.13200000,7717.10000000,1.132
1749254971,1.13100000,32422.40000000,1.132
1749254971,1.13000000,43876.90000000,1.132
1749254971,1.12900000,28220.20000000,1.132
1749254971,1.12800000,17331.10000000,1.132
1749254971,1.12700000,35090.10000000,1.132
1749254971,1.12600000,20984.90000000,1.132
1749254971,1.12500000,7720.00000000,1.132
1749254971,1.12400000,6525.20000000,1.132
1749254971,1.12300000,20270.30000000,1.132
1749254971,1.12200000,23561.70000000,1.132
1749254971,1.12100000,9152.30000000,1.132
1749254971,1.12000000,6834.80000000,1.132
1749254971,1.11900000,5745.00000000,1.132
1749254971,1.11800000,2536.70000000,1.132
1749254971,1.11700000,10174.90000000,1.132
1749254971,1.11600000,17700.30000000,1.132
1749254971,1.11500000,21014.20000000,1.132
1749254971,1.11400000,2937.00000000,1.132
1749254971,1.11300000,62620.80000000,1.132
1749254971,1.11200000,52119.10000000,1.132
1749254971,1.11100000,4258.40000000,1.132
1749254971,1.11000000,2298.10000000,1.132
1749254971,1.10900000,1454.30000000,1.132
1749254971,1.10800000,13145.30000000,1.132
1749254971,1.10700000,3180.70000000,1.132
1749254971,1.10600000,2023.30000000,1.132
1749254971,1.10500000,2056.40000000,1.132
1749254971,1.10400000,1824.30000000,1.132
1749254971,1.10300000,9518.00000000,1.132
1749254971,1.10200000,1378.10000000,1.132
1749254971,1.10100000,2192.10000000,1.132
1749254971,1.10000000,22507.90000000,1.132
1749254971,1.09900000,56.40000000,1.132
1749254971,1.09800000,11849.00000000,1.132
1749254971,1.09700000,4731.50000000,1.132
1749254971,1.09600000,2034.30000000,1.132
1749254971,1.09500000,1428.30000000,1.132
1749254971,1.09400000,5.10000000,1.132
1749254971,1.09300000,1528.30000000,1.132
1749254971,1.09200000,29.40000000,1.132
1749254971,1.09100000,45.80000000,1.132
1749254971,1.09000000,2095.20000000,1.132
1749254971,1.08900000,1027.50000000,1.132
1749254971,1.08800000,67.60000000,1.132
1749254971,1.08700000,49.70000000,1.132
1749254971,1.08600000,3637.10000000,1.132
1749254971,1.08500000,58.00000000,1.132
1749254971,1.08300000,21.30000000,1.132
1749254971,1.08200000,1692.90000000,1.132
1749254971,1.08100000,46.20000000,1.132
1749254971,1.08000000,2174.40000000,1.132
1749254971,1.07800000,230.10000000,1.132
1749254971,1.07700000,158.00000000,1.132
1749254971,1.07600000,80.80000000,1.132
1749254971,1.07500000,34.00000000,1.132
1749254971,1.07400000,3336.00000000,1.132
1749254971,1.07300000,46.50000000,1.132
1749254971,1.07200000,14.70000000,1.132
1749254971,1.07100000,128.20000000,1.132
1749254971,1.07000000,179.30000000,1.132
1749254971,1.06900000,183.50000000,1.132
1749254971,1.06800000,2855.70000000,1.132
1749254971,1.06600000,1876.10000000,1.132
1749254971,1.06500000,5628.80000000,1.132
1749254971,1.06400000,173.30000000,1.132
1749254971,1.06300000,22.20000000,1.132
1749254971,1.06200000,53.00000000,1.132
1749254971,1.06100000,126.40000000,1.132
1749254971,1.06000000,2745.90000000,1.132
1749254971,1.05900000,47.20000000,1.132
1749254971,1.05800000,166.00000000,1.132
1749254971,1.05700000,124.40000000,1.132
1749254971,1.05600000,28.30000000,1.132
1749254971,1.05500000,488.60000000,1.132
1749254971,1.05400000,810.00000000,1.132
1749254971,1.05300000,164.40000000,1.132
1749254971,1.05200000,1957.50000000,1.132
1749254971,1.05000000,19090.20000000,1.132
1749254971,1.04800000,7.70000000,1.132
1749254971,1.04700000,11.80000000,1.132
1749254971,1.04600000,17.80000000,1.132
1749254971,1.04500000,297.20000000,1.132
1749254971,1.04400000,98.90000000,1.132
1749254971,1.04300000,241.00000000,1.132
1749254971,1.04200000,49.70000000,1.132
1749254971,1.04000000,1476.70000000,1.132
1749254971,1.03900000,14.70000000,1.132
1749254971,1.03800000,3371.40000000,1.132
1749254971,1.03700000,78.60000000,1.132
1749254971,1.03600000,56.70000000,1.132
1749254971,1.03500000,135.00000000,1.132
1749254971,1.03400000,21.60000000,1.132
1749254971,1.03200000,12.00000000,1.132
1749254971,1.03100000,72.60000000,1.132
1749254971,1.03000000,762.50000000,1.132
1749254971,1.02800000,5557.40000000,1.132
1749254971,1.02700000,41908.60000000,1.132
1749254971,1.02600000,97.40000000,1.132
1749254971,1.02500000,18606.60000000,1.132
