timestamp,price,volume,current_price
1749260750,0.73200000,19376.20000000,0.732
1749260750,0.73100000,147791.80000000,0.732
1749260750,0.73000000,153381.90000000,0.732
1749260750,0.72900000,58407.30000000,0.732
1749260750,0.72800000,21983.80000000,0.732
1749260750,0.72700000,36697.60000000,0.732
1749260750,0.72600000,38559.00000000,0.732
1749260750,0.72500000,22328.00000000,0.732
1749260750,0.72400000,63908.20000000,0.732
1749260750,0.72300000,22281.20000000,0.732
1749260750,0.72200000,21696.70000000,0.732
1749260750,0.72100000,23950.10000000,0.732
1749260750,0.72000000,23798.80000000,0.732
1749260750,0.71900000,47505.70000000,0.732
1749260750,0.71800000,3227.00000000,0.732
1749260750,0.71700000,3067.80000000,0.732
1749260750,0.71600000,5217.60000000,0.732
1749260750,0.71500000,11401.50000000,0.732
1749260750,0.71400000,9086.70000000,0.732
1749260750,0.71300000,2384.20000000,0.732
1749260750,0.71200000,3910.60000000,0.732
1749260750,0.71100000,2470.30000000,0.732
1749260750,0.71000000,7979.00000000,0.732
1749260750,0.70900000,1976.80000000,0.732
1749260750,0.70800000,23683.50000000,0.732
1749260750,0.70700000,2365.80000000,0.732
1749260750,0.70600000,2883.80000000,0.732
1749260750,0.70500000,15679.70000000,0.732
1749260750,0.70400000,14073.70000000,0.732
1749260750,0.70300000,8719.10000000,0.732
1749260750,0.70200000,2448.10000000,0.732
1749260750,0.70100000,10470.90000000,0.732
1749260750,0.70000000,79341.10000000,0.732
1749260750,0.69900000,25600.10000000,0.732
1749260750,0.69800000,3764.10000000,0.732
1749260750,0.69700000,1065.60000000,0.732
1749260750,0.69600000,2570.80000000,0.732
1749260750,0.69500000,11263.90000000,0.732
1749260750,0.69400000,2476.80000000,0.732
1749260750,0.69300000,3984.50000000,0.732
1749260750,0.69200000,636.00000000,0.732
1749260750,0.69100000,6424.20000000,0.732
1749260750,0.69000000,18039.20000000,0.732
1749260750,0.68900000,1085.80000000,0.732
1749260750,0.68800000,9394.90000000,0.732
1749260750,0.68700000,776.70000000,0.732
1749260750,0.68600000,1991.10000000,0.732
1749260750,0.68500000,17729.60000000,0.732
1749260750,0.68400000,1138.20000000,0.732
1749260750,0.68300000,683.60000000,0.732
1749260750,0.68200000,2264.30000000,0.732
1749260750,0.68100000,29294.90000000,0.732
1749260750,0.68000000,79174.40000000,0.732
1749260750,0.67900000,218.80000000,0.732
1749260750,0.67800000,1045.00000000,0.732
1749260750,0.67700000,1900.70000000,0.732
1749260750,0.67600000,1464.30000000,0.732
1749260750,0.67500000,6890.50000000,0.732
1749260750,0.67400000,665.40000000,0.732
1749260750,0.67300000,359.50000000,0.732
1749260750,0.67200000,3162.90000000,0.732
1749260750,0.67100000,2309.10000000,0.732
1749260750,0.67000000,34784.90000000,0.732
1749260750,0.66900000,928.30000000,0.732
1749260750,0.66800000,3218.80000000,0.732
1749260750,0.66700000,854.10000000,0.732
1749260750,0.66600000,2657.60000000,0.732
1749260750,0.66500000,6365.60000000,0.732
1749260750,0.66400000,124.90000000,0.732
1749260750,0.66300000,590.20000000,0.732
1749260750,0.66200000,762.50000000,0.732
1749260750,0.66100000,181.00000000,0.732
1749260750,0.66000000,59751.00000000,0.732
1749260750,0.65900000,906.30000000,0.732
1749260750,0.65800000,461.70000000,0.732
1749260750,0.65700000,1617.80000000,0.732
1749260750,0.65600000,906.60000000,0.732
1749260750,0.65500000,1597.20000000,0.732
1749260750,0.65400000,1620.50000000,0.732
1749260750,0.65300000,1099.80000000,0.732
1749260750,0.65200000,906.70000000,0.732
1749260750,0.65100000,734.40000000,0.732
1749260750,0.65000000,191066.40000000,0.732
1749260750,0.64900000,8284.50000000,0.732
1749260750,0.64800000,1250.60000000,0.732
1749260750,0.64700000,514.10000000,0.732
1749260750,0.64600000,1401.30000000,0.732
1749260750,0.64500000,16585.80000000,0.732
1749260750,0.64400000,1493.60000000,0.732
1749260750,0.64300000,1646.80000000,0.732
1749260750,0.64200000,10129.10000000,0.732
1749260750,0.64100000,2434.70000000,0.732
1749260750,0.64000000,14184.90000000,0.732
1749260750,0.63900000,1645.90000000,0.732
1749260750,0.63800000,8382.70000000,0.732
1749260750,0.63700000,527.20000000,0.732
1749260750,0.63600000,9522.10000000,0.732
1749260750,0.63500000,19876.20000000,0.732
1749260750,0.63400000,10896.00000000,0.732
1749260750,0.63300000,2342.40000000,0.732
1749261071,0.73200000,59249.10000000,0.733
1749261071,0.73100000,152730.20000000,0.733
1749261071,0.73000000,134255.40000000,0.733
1749261071,0.72900000,67450.50000000,0.733
1749261071,0.72800000,32972.00000000,0.733
1749261071,0.72700000,25249.60000000,0.733
1749261071,0.72600000,81327.30000000,0.733
1749261071,0.72500000,18176.60000000,0.733
1749261071,0.72400000,28783.40000000,0.733
1749261071,0.72300000,19496.10000000,0.733
1749261071,0.72200000,19542.90000000,0.733
1749261071,0.72100000,6111.10000000,0.733
1749261071,0.72000000,28160.80000000,0.733
1749261071,0.71900000,43388.50000000,0.733
1749261071,0.71800000,1618.50000000,0.733
1749261071,0.71700000,2092.10000000,0.733
1749261071,0.71600000,7526.20000000,0.733
1749261071,0.71500000,6077.00000000,0.733
1749261071,0.71400000,9086.70000000,0.733
1749261071,0.71300000,2426.30000000,0.733
1749261071,0.71200000,4050.80000000,0.733
1749261071,0.71100000,2428.10000000,0.733
1749261071,0.71000000,7979.00000000,0.733
1749261071,0.70900000,1976.80000000,0.733
1749261071,0.70800000,23683.50000000,0.733
1749261071,0.70700000,2534.60000000,0.733
1749261071,0.70600000,2883.80000000,0.733
1749261071,0.70500000,15679.70000000,0.733
1749261071,0.70400000,14073.70000000,0.733
1749261071,0.70300000,8719.10000000,0.733
1749261071,0.70200000,2448.10000000,0.733
1749261071,0.70100000,10525.10000000,0.733
1749261071,0.70000000,79170.60000000,0.733
1749261071,0.69900000,25571.50000000,0.733
1749261071,0.69800000,3764.10000000,0.733
1749261071,0.69700000,1065.60000000,0.733
1749261071,0.69600000,2570.80000000,0.733
1749261071,0.69500000,11292.70000000,0.733
1749261071,0.69400000,2476.80000000,0.733
1749261071,0.69300000,3984.50000000,0.733
1749261071,0.69200000,636.00000000,0.733
1749261071,0.69100000,6424.20000000,0.733
1749261071,0.69000000,18039.20000000,0.733
1749261071,0.68900000,1085.80000000,0.733
1749261071,0.68800000,9394.90000000,0.733
1749261071,0.68700000,776.70000000,0.733
1749261071,0.68600000,1991.10000000,0.733
1749261071,0.68500000,17729.60000000,0.733
1749261071,0.68400000,1138.20000000,0.733
1749261071,0.68300000,683.60000000,0.733
1749261071,0.68200000,2264.30000000,0.733
1749261071,0.68100000,29143.00000000,0.733
1749261071,0.68000000,79174.40000000,0.733
1749261071,0.67900000,218.80000000,0.733
1749261071,0.67800000,1045.00000000,0.733
1749261071,0.67700000,1900.70000000,0.733
1749261071,0.67600000,1464.30000000,0.733
1749261071,0.67500000,6890.50000000,0.733
1749261071,0.67400000,665.40000000,0.733
1749261071,0.67300000,359.50000000,0.733
1749261071,0.67200000,3162.90000000,0.733
1749261071,0.67100000,2309.10000000,0.733
1749261071,0.67000000,34784.90000000,0.733
1749261071,0.66900000,928.30000000,0.733
1749261071,0.66800000,3218.80000000,0.733
1749261071,0.66700000,854.10000000,0.733
1749261071,0.66600000,2657.60000000,0.733
1749261071,0.66500000,6365.60000000,0.733
1749261071,0.66400000,124.90000000,0.733
1749261071,0.66300000,590.20000000,0.733
1749261071,0.66200000,762.50000000,0.733
1749261071,0.66100000,181.00000000,0.733
1749261071,0.66000000,59784.20000000,0.733
1749261071,0.65900000,972.70000000,0.733
1749261071,0.65800000,461.70000000,0.733
1749261071,0.65700000,1518.20000000,0.733
1749261071,0.65600000,906.60000000,0.733
1749261071,0.65500000,1597.20000000,0.733
1749261071,0.65400000,1620.50000000,0.733
1749261071,0.65300000,1099.80000000,0.733
1749261071,0.65200000,906.70000000,0.733
1749261071,0.65100000,734.40000000,0.733
1749261071,0.65000000,191066.40000000,0.733
1749261071,0.64900000,8284.50000000,0.733
1749261071,0.64800000,1250.60000000,0.733
1749261071,0.64700000,514.10000000,0.733
1749261071,0.64600000,1401.30000000,0.733
1749261071,0.64500000,16585.80000000,0.733
1749261071,0.64400000,1493.60000000,0.733
1749261071,0.64300000,1646.80000000,0.733
1749261071,0.64200000,10129.10000000,0.733
1749261071,0.64100000,2434.70000000,0.733
1749261071,0.64000000,14184.90000000,0.733
1749261071,0.63900000,1645.90000000,0.733
1749261071,0.63800000,8382.70000000,0.733
1749261071,0.63700000,527.20000000,0.733
1749261071,0.63600000,9522.10000000,0.733
1749261071,0.63500000,19876.20000000,0.733
1749261071,0.63400000,10896.00000000,0.733
1749261071,0.63300000,2342.40000000,0.733
1749261380,0.73400000,10075.40000000,0.734
1749261380,0.73300000,146686.80000000,0.734
1749261380,0.73200000,175685.40000000,0.734
1749261380,0.73100000,63466.50000000,0.734
1749261380,0.73000000,51233.40000000,0.734
1749261380,0.72900000,36138.00000000,0.734
1749261380,0.72800000,58443.70000000,0.734
1749261380,0.72700000,29492.00000000,0.734
1749261380,0.72600000,47247.40000000,0.734
1749261380,0.72500000,16033.80000000,0.734
1749261380,0.72400000,16909.40000000,0.734
1749261380,0.72300000,14861.20000000,0.734
1749261380,0.72200000,15132.10000000,0.734
1749261380,0.72100000,41152.10000000,0.734
1749261380,0.72000000,30760.50000000,0.734
1749261380,0.71900000,15550.40000000,0.734
1749261380,0.71800000,1340.50000000,0.734
1749261380,0.71700000,6863.30000000,0.734
1749261380,0.71600000,2228.40000000,0.734
1749261380,0.71500000,5916.40000000,0.734
1749261380,0.71400000,9128.70000000,0.734
1749261380,0.71300000,2244.20000000,0.734
1749261380,0.71200000,3910.60000000,0.734
1749261380,0.71100000,2428.10000000,0.734
1749261380,0.71000000,7979.00000000,0.734
1749261380,0.70900000,1976.80000000,0.734
1749261380,0.70800000,24100.50000000,0.734
1749261380,0.70700000,2534.60000000,0.734
1749261380,0.70600000,2883.80000000,0.734
1749261380,0.70500000,15679.70000000,0.734
1749261380,0.70400000,14073.70000000,0.734
1749261380,0.70300000,8719.10000000,0.734
1749261380,0.70200000,2448.10000000,0.734
1749261380,0.70100000,10053.90000000,0.734
1749261380,0.70000000,79170.60000000,0.734
1749261380,0.69900000,25571.50000000,0.734
1749261380,0.69800000,3764.10000000,0.734
1749261380,0.69700000,349.50000000,0.734
1749261380,0.69600000,2584.50000000,0.734
1749261380,0.69500000,11292.70000000,0.734
1749261380,0.69400000,2476.80000000,0.734
1749261380,0.69300000,3969.60000000,0.734
1749261380,0.69200000,636.00000000,0.734
1749261380,0.69100000,6424.20000000,0.734
1749261380,0.69000000,18039.20000000,0.734
1749261380,0.68900000,1085.80000000,0.734
1749261380,0.68800000,9394.90000000,0.734
1749261380,0.68700000,776.70000000,0.734
1749261380,0.68600000,1991.10000000,0.734
1749261380,0.68500000,17729.60000000,0.734
1749261380,0.68400000,1138.20000000,0.734
1749261380,0.68300000,683.60000000,0.734
1749261380,0.68200000,2264.30000000,0.734
1749261380,0.68100000,29143.00000000,0.734
1749261380,0.68000000,79174.40000000,0.734
1749261380,0.67900000,218.80000000,0.734
1749261380,0.67800000,1045.00000000,0.734
1749261380,0.67700000,1900.70000000,0.734
1749261380,0.67600000,1464.30000000,0.734
1749261380,0.67500000,6890.50000000,0.734
1749261380,0.67400000,665.40000000,0.734
1749261380,0.67300000,359.50000000,0.734
1749261380,0.67200000,3162.90000000,0.734
1749261380,0.67100000,2309.10000000,0.734
1749261380,0.67000000,34784.90000000,0.734
1749261380,0.66900000,928.30000000,0.734
1749261380,0.66800000,3218.80000000,0.734
1749261380,0.66700000,854.10000000,0.734
1749261380,0.66600000,2657.60000000,0.734
1749261380,0.66500000,6365.60000000,0.734
1749261380,0.66400000,124.90000000,0.734
1749261380,0.66300000,590.20000000,0.734
1749261380,0.66200000,762.50000000,0.734
1749261380,0.66100000,181.00000000,0.734
1749261380,0.66000000,59800.80000000,0.734
1749261380,0.65900000,975.60000000,0.734
1749261380,0.65800000,464.60000000,0.734
1749261380,0.65700000,1468.40000000,0.734
1749261380,0.65600000,906.60000000,0.734
1749261380,0.65500000,1597.20000000,0.734
1749261380,0.65400000,1620.50000000,0.734
1749261380,0.65300000,1099.80000000,0.734
1749261380,0.65200000,906.70000000,0.734
1749261380,0.65100000,734.40000000,0.734
1749261380,0.65000000,191066.40000000,0.734
1749261380,0.64900000,8284.50000000,0.734
1749261380,0.64800000,1250.60000000,0.734
1749261380,0.64700000,514.10000000,0.734
1749261380,0.64600000,1401.30000000,0.734
1749261380,0.64500000,16585.80000000,0.734
1749261380,0.64400000,1493.60000000,0.734
1749261380,0.64300000,1646.80000000,0.734
1749261380,0.64200000,10129.10000000,0.734
1749261380,0.64100000,2434.70000000,0.734
1749261380,0.64000000,14184.90000000,0.734
1749261380,0.63900000,1645.90000000,0.734
1749261380,0.63800000,8382.70000000,0.734
1749261380,0.63700000,527.20000000,0.734
1749261380,0.63600000,9522.10000000,0.734
1749261380,0.63500000,19876.20000000,0.734
1749261686,0.73100000,90118.00000000,0.732
1749261686,0.73000000,153567.00000000,0.732
1749261686,0.72900000,105425.30000000,0.732
1749261686,0.72800000,53174.20000000,0.732
1749261686,0.72700000,32869.70000000,0.732
1749261686,0.72600000,69671.10000000,0.732
1749261686,0.72500000,39012.00000000,0.732
1749261686,0.72400000,30994.90000000,0.732
1749261686,0.72300000,13696.00000000,0.732
1749261686,0.72200000,13593.30000000,0.732
1749261686,0.72100000,27306.30000000,0.732
1749261686,0.72000000,15117.00000000,0.732
1749261686,0.71900000,15550.40000000,0.732
1749261686,0.71800000,49747.30000000,0.732
1749261686,0.71700000,1620.90000000,0.732
1749261686,0.71600000,2090.20000000,0.732
1749261686,0.71500000,5916.40000000,0.732
1749261686,0.71400000,14558.60000000,0.732
1749261686,0.71300000,2244.20000000,0.732
1749261686,0.71200000,3952.70000000,0.732
1749261686,0.71100000,2428.10000000,0.732
1749261686,0.71000000,7979.00000000,0.732
1749261686,0.70900000,1976.80000000,0.732
1749261686,0.70800000,23683.50000000,0.732
1749261686,0.70700000,2534.60000000,0.732
1749261686,0.70600000,2883.80000000,0.732
1749261686,0.70500000,15679.70000000,0.732
1749261686,0.70400000,14500.20000000,0.732
1749261686,0.70300000,8719.10000000,0.732
1749261686,0.70200000,2448.10000000,0.732
1749261686,0.70100000,10470.90000000,0.732
1749261686,0.70000000,79180.70000000,0.732
1749261686,0.69900000,25141.80000000,0.732
1749261686,0.69800000,3751.80000000,0.732
1749261686,0.69700000,349.50000000,0.732
1749261686,0.69600000,2584.50000000,0.732
1749261686,0.69500000,11292.70000000,0.732
1749261686,0.69400000,2476.80000000,0.732
1749261686,0.69300000,2259.60000000,0.732
1749261686,0.69200000,636.00000000,0.732
1749261686,0.69100000,6424.20000000,0.732
1749261686,0.69000000,18039.20000000,0.732
1749261686,0.68900000,1512.30000000,0.732
1749261686,0.68800000,9433.50000000,0.732
1749261686,0.68700000,776.70000000,0.732
1749261686,0.68600000,1991.10000000,0.732
1749261686,0.68500000,17729.60000000,0.732
1749261686,0.68400000,708.50000000,0.732
1749261686,0.68300000,683.60000000,0.732
1749261686,0.68200000,2264.30000000,0.732
1749261686,0.68100000,29143.00000000,0.732
1749261686,0.68000000,79174.40000000,0.732
1749261686,0.67900000,218.80000000,0.732
1749261686,0.67800000,1045.00000000,0.732
1749261686,0.67700000,1900.70000000,0.732
1749261686,0.67600000,1464.30000000,0.732
1749261686,0.67500000,7317.00000000,0.732
1749261686,0.67400000,665.40000000,0.732
1749261686,0.67300000,359.50000000,0.732
1749261686,0.67200000,3162.90000000,0.732
1749261686,0.67100000,2309.10000000,0.732
1749261686,0.67000000,34355.20000000,0.732
1749261686,0.66900000,928.30000000,0.732
1749261686,0.66800000,3218.80000000,0.732
1749261686,0.66700000,854.10000000,0.732
1749261686,0.66600000,2657.60000000,0.732
1749261686,0.66500000,6365.60000000,0.732
1749261686,0.66400000,124.90000000,0.732
1749261686,0.66300000,590.20000000,0.732
1749261686,0.66200000,762.50000000,0.732
1749261686,0.66100000,181.00000000,0.732
1749261686,0.66000000,59751.00000000,0.732
1749261686,0.65900000,922.90000000,0.732
1749261686,0.65800000,561.30000000,0.732
1749261686,0.65700000,1482.10000000,0.732
1749261686,0.65600000,906.60000000,0.732
1749261686,0.65500000,1597.20000000,0.732
1749261686,0.65400000,1620.50000000,0.732
1749261686,0.65300000,1099.80000000,0.732
1749261686,0.65200000,906.70000000,0.732
1749261686,0.65100000,734.40000000,0.732
1749261686,0.65000000,191066.40000000,0.732
1749261686,0.64900000,8284.50000000,0.732
1749261686,0.64800000,1250.60000000,0.732
1749261686,0.64700000,514.10000000,0.732
1749261686,0.64600000,1401.30000000,0.732
1749261686,0.64500000,16585.80000000,0.732
1749261686,0.64400000,1493.60000000,0.732
1749261686,0.64300000,1646.80000000,0.732
1749261686,0.64200000,10129.10000000,0.732
1749261686,0.64100000,2434.70000000,0.732
1749261686,0.64000000,14184.90000000,0.732
1749261686,0.63900000,1645.90000000,0.732
1749261686,0.63800000,8382.70000000,0.732
1749261686,0.63700000,527.20000000,0.732
1749261686,0.63600000,9522.10000000,0.732
1749261686,0.63500000,19876.20000000,0.732
1749261686,0.63400000,10896.00000000,0.732
1749261686,0.63300000,2342.40000000,0.732
1749261686,0.63200000,25457.80000000,0.732
1749261989,0.73100000,19231.30000000,0.731
1749261989,0.73000000,157096.20000000,0.731
1749261989,0.72900000,170840.30000000,0.731
1749261989,0.72800000,60634.20000000,0.731
1749261989,0.72700000,48177.20000000,0.731
1749261989,0.72600000,42781.80000000,0.731
1749261989,0.72500000,39012.00000000,0.731
1749261989,0.72400000,58250.80000000,0.731
1749261989,0.72300000,14187.90000000,0.731
1749261989,0.72200000,5615.80000000,0.731
1749261989,0.72100000,31468.40000000,0.731
1749261989,0.72000000,24201.20000000,0.731
1749261989,0.71900000,7539.60000000,0.731
1749261989,0.71800000,49682.90000000,0.731
1749261989,0.71700000,1565.80000000,0.731
1749261989,0.71600000,2210.00000000,0.731
1749261989,0.71500000,11380.80000000,0.731
1749261989,0.71400000,9086.70000000,0.731
1749261989,0.71300000,2244.20000000,0.731
1749261989,0.71200000,3952.70000000,0.731
1749261989,0.71100000,2428.10000000,0.731
1749261989,0.71000000,7979.00000000,0.731
1749261989,0.70900000,1976.80000000,0.731
1749261989,0.70800000,24100.50000000,0.731
1749261989,0.70700000,2534.60000000,0.731
1749261989,0.70600000,2883.80000000,0.731
1749261989,0.70500000,15679.70000000,0.731
1749261989,0.70400000,14500.20000000,0.731
1749261989,0.70300000,8894.40000000,0.731
1749261989,0.70200000,2448.10000000,0.731
1749261989,0.70100000,10053.90000000,0.731
1749261989,0.70000000,79180.70000000,0.731
1749261989,0.69900000,25141.80000000,0.731
1749261989,0.69800000,3560.90000000,0.731
1749261989,0.69700000,349.50000000,0.731
1749261989,0.69600000,2570.10000000,0.731
1749261989,0.69500000,11307.10000000,0.731
1749261989,0.69400000,2491.30000000,0.731
1749261989,0.69300000,2259.60000000,0.731
1749261989,0.69200000,814.10000000,0.731
1749261989,0.69100000,6424.20000000,0.731
1749261989,0.69000000,18039.20000000,0.731
1749261989,0.68900000,1512.30000000,0.731
1749261989,0.68800000,9448.10000000,0.731
1749261989,0.68700000,597.30000000,0.731
1749261989,0.68600000,1991.10000000,0.731
1749261989,0.68500000,17715.00000000,0.731
1749261989,0.68400000,708.50000000,0.731
1749261989,0.68300000,683.60000000,0.731
1749261989,0.68200000,2264.30000000,0.731
1749261989,0.68100000,29323.90000000,0.731
1749261989,0.68000000,79174.40000000,0.731
1749261989,0.67900000,218.80000000,0.731
1749261989,0.67800000,1045.00000000,0.731
1749261989,0.67700000,1900.70000000,0.731
1749261989,0.67600000,1282.00000000,0.731
1749261989,0.67500000,7317.00000000,0.731
1749261989,0.67400000,665.40000000,0.731
1749261989,0.67300000,359.50000000,0.731
1749261989,0.67200000,3162.90000000,0.731
1749261989,0.67100000,2309.10000000,0.731
1749261989,0.67000000,34539.10000000,0.731
1749261989,0.66900000,928.30000000,0.731
1749261989,0.66800000,3218.80000000,0.731
1749261989,0.66700000,854.10000000,0.731
1749261989,0.66600000,2657.60000000,0.731
1749261989,0.66500000,6180.30000000,0.731
1749261989,0.66400000,124.90000000,0.731
1749261989,0.66300000,590.20000000,0.731
1749261989,0.66200000,762.50000000,0.731
1749261989,0.66100000,181.00000000,0.731
1749261989,0.66000000,59751.00000000,0.731
1749261989,0.65900000,1076.70000000,0.731
1749261989,0.65800000,627.70000000,0.731
1749261989,0.65700000,1482.10000000,0.731
1749261989,0.65600000,906.60000000,0.731
1749261989,0.65500000,1409.10000000,0.731
1749261989,0.65400000,1620.50000000,0.731
1749261989,0.65300000,1099.80000000,0.731
1749261989,0.65200000,906.70000000,0.731
1749261989,0.65100000,734.40000000,0.731
1749261989,0.65000000,191066.40000000,0.731
1749261989,0.64900000,8474.40000000,0.731
1749261989,0.64800000,1250.60000000,0.731
1749261989,0.64700000,514.10000000,0.731
1749261989,0.64600000,1401.30000000,0.731
1749261989,0.64500000,16585.80000000,0.731
1749261989,0.64400000,1302.30000000,0.731
1749261989,0.64300000,1646.80000000,0.731
1749261989,0.64200000,10129.10000000,0.731
1749261989,0.64100000,2434.70000000,0.731
1749261989,0.64000000,14184.90000000,0.731
1749261989,0.63900000,1645.90000000,0.731
1749261989,0.63800000,8575.80000000,0.731
1749261989,0.63700000,527.20000000,0.731
1749261989,0.63600000,9522.10000000,0.731
1749261989,0.63500000,19876.20000000,0.731
1749261989,0.63400000,10896.00000000,0.731
1749261989,0.63300000,2147.70000000,0.731
1749261989,0.63200000,25457.80000000,0.731
1749262290,0.73200000,38044.00000000,0.733
1749262290,0.73100000,197672.80000000,0.733
1749262290,0.73000000,125886.00000000,0.733
1749262290,0.72900000,53825.10000000,0.733
1749262290,0.72800000,27321.70000000,0.733
1749262290,0.72700000,40962.30000000,0.733
1749262290,0.72600000,60051.60000000,0.733
1749262290,0.72500000,39503.70000000,0.733
1749262290,0.72400000,30325.40000000,0.733
1749262290,0.72300000,13873.70000000,0.733
1749262290,0.72200000,13593.30000000,0.733
1749262290,0.72100000,31468.40000000,0.733
1749262290,0.72000000,12406.50000000,0.733
1749262290,0.71900000,58836.20000000,0.733
1749262290,0.71800000,9396.90000000,0.733
1749262290,0.71700000,1358.70000000,0.733
1749262290,0.71600000,2145.40000000,0.733
1749262290,0.71500000,14178.40000000,0.733
1749262290,0.71400000,9086.70000000,0.733
1749262290,0.71300000,2244.20000000,0.733
1749262290,0.71200000,3952.70000000,0.733
1749262290,0.71100000,2428.10000000,0.733
1749262290,0.71000000,7979.00000000,0.733
1749262290,0.70900000,1976.80000000,0.733
1749262290,0.70800000,24100.50000000,0.733
1749262290,0.70700000,2534.60000000,0.733
1749262290,0.70600000,2883.80000000,0.733
1749262290,0.70500000,15679.70000000,0.733
1749262290,0.70400000,14500.20000000,0.733
1749262290,0.70300000,8894.40000000,0.733
1749262290,0.70200000,2448.10000000,0.733
1749262290,0.70100000,10053.90000000,0.733
1749262290,0.70000000,79180.70000000,0.733
1749262290,0.69900000,25141.80000000,0.733
1749262290,0.69800000,3560.90000000,0.733
1749262290,0.69700000,349.50000000,0.733
1749262290,0.69600000,2570.10000000,0.733
1749262290,0.69500000,11307.10000000,0.733
1749262290,0.69400000,2491.30000000,0.733
1749262290,0.69300000,2259.60000000,0.733
1749262290,0.69200000,814.10000000,0.733
1749262290,0.69100000,6424.20000000,0.733
1749262290,0.69000000,18039.20000000,0.733
1749262290,0.68900000,1512.30000000,0.733
1749262290,0.68800000,9448.10000000,0.733
1749262290,0.68700000,597.30000000,0.733
1749262290,0.68600000,1991.10000000,0.733
1749262290,0.68500000,17715.00000000,0.733
1749262290,0.68400000,708.50000000,0.733
1749262290,0.68300000,683.60000000,0.733
1749262290,0.68200000,2264.30000000,0.733
1749262290,0.68100000,29323.90000000,0.733
1749262290,0.68000000,79174.40000000,0.733
1749262290,0.67900000,218.80000000,0.733
1749262290,0.67800000,1045.00000000,0.733
1749262290,0.67700000,1900.70000000,0.733
1749262290,0.67600000,1282.00000000,0.733
1749262290,0.67500000,7317.00000000,0.733
1749262290,0.67400000,665.40000000,0.733
1749262290,0.67300000,359.50000000,0.733
1749262290,0.67200000,3162.90000000,0.733
1749262290,0.67100000,2309.10000000,0.733
1749262290,0.67000000,34539.10000000,0.733
1749262290,0.66900000,928.30000000,0.733
1749262290,0.66800000,3218.80000000,0.733
1749262290,0.66700000,854.10000000,0.733
1749262290,0.66600000,2657.60000000,0.733
1749262290,0.66500000,6180.30000000,0.733
1749262290,0.66400000,124.90000000,0.733
1749262290,0.66300000,590.20000000,0.733
1749262290,0.66200000,762.50000000,0.733
1749262290,0.66100000,181.00000000,0.733
1749262290,0.66000000,59751.00000000,0.733
1749262290,0.65900000,1076.70000000,0.733
1749262290,0.65800000,627.70000000,0.733
1749262290,0.65700000,1468.40000000,0.733
1749262290,0.65600000,906.60000000,0.733
1749262290,0.65500000,1409.10000000,0.733
1749262290,0.65400000,1620.50000000,0.733
1749262290,0.65300000,1099.80000000,0.733
1749262290,0.65200000,906.70000000,0.733
1749262290,0.65100000,734.40000000,0.733
1749262290,0.65000000,191066.40000000,0.733
1749262290,0.64900000,8474.40000000,0.733
1749262290,0.64800000,1250.60000000,0.733
1749262290,0.64700000,514.10000000,0.733
1749262290,0.64600000,1401.30000000,0.733
1749262290,0.64500000,16585.80000000,0.733
1749262290,0.64400000,1302.30000000,0.733
1749262290,0.64300000,1646.80000000,0.733
1749262290,0.64200000,10129.10000000,0.733
1749262290,0.64100000,2434.70000000,0.733
1749262290,0.64000000,14184.90000000,0.733
1749262290,0.63900000,1645.90000000,0.733
1749262290,0.63800000,8575.80000000,0.733
1749262290,0.63700000,527.20000000,0.733
1749262290,0.63600000,9522.10000000,0.733
1749262290,0.63500000,19876.20000000,0.733
1749262290,0.63400000,10896.00000000,0.733
1749262290,0.63300000,2147.70000000,0.733
1749262592,0.73400000,35417.20000000,0.735
1749262592,0.73300000,183520.60000000,0.735
1749262592,0.73200000,115703.20000000,0.735
1749262592,0.73100000,42482.50000000,0.735
1749262592,0.73000000,25389.70000000,0.735
1749262592,0.72900000,35850.50000000,0.735
1749262592,0.72800000,57394.10000000,0.735
1749262592,0.72700000,45532.20000000,0.735
1749262592,0.72600000,38005.00000000,0.735
1749262592,0.72500000,14149.70000000,0.735
1749262592,0.72400000,24853.80000000,0.735
1749262592,0.72300000,10166.80000000,0.735
1749262592,0.72200000,7559.20000000,0.735
1749262592,0.72100000,79309.00000000,0.735
1749262592,0.72000000,17814.40000000,0.735
1749262592,0.71900000,7539.60000000,0.735
1749262592,0.71800000,1395.60000000,0.735
1749262592,0.71700000,6829.10000000,0.735
1749262592,0.71600000,2069.20000000,0.735
1749262592,0.71500000,8713.60000000,0.735
1749262592,0.71400000,9128.70000000,0.735
1749262592,0.71300000,2244.20000000,0.735
1749262592,0.71200000,3910.60000000,0.735
1749262592,0.71100000,2428.10000000,0.735
1749262592,0.71000000,7979.00000000,0.735
1749262592,0.70900000,1976.80000000,0.735
1749262592,0.70800000,24100.50000000,0.735
1749262592,0.70700000,2534.60000000,0.735
1749262592,0.70600000,2883.80000000,0.735
1749262592,0.70500000,15672.20000000,0.735
1749262592,0.70400000,14509.80000000,0.735
1749262592,0.70300000,8894.40000000,0.735
1749262592,0.70200000,2448.10000000,0.735
1749262592,0.70100000,10053.90000000,0.735
1749262592,0.70000000,79180.70000000,0.735
1749262592,0.69900000,25141.80000000,0.735
1749262592,0.69800000,3560.90000000,0.735
1749262592,0.69700000,349.50000000,0.735
1749262592,0.69600000,2570.10000000,0.735
1749262592,0.69500000,11307.10000000,0.735
1749262592,0.69400000,781.30000000,0.735
1749262592,0.69300000,2259.60000000,0.735
1749262592,0.69200000,814.10000000,0.735
1749262592,0.69100000,6424.20000000,0.735
1749262592,0.69000000,18039.20000000,0.735
1749262592,0.68900000,1512.30000000,0.735
1749262592,0.68800000,9448.10000000,0.735
1749262592,0.68700000,597.30000000,0.735
1749262592,0.68600000,1991.10000000,0.735
1749262592,0.68500000,17715.00000000,0.735
1749262592,0.68400000,708.50000000,0.735
1749262592,0.68300000,683.60000000,0.735
1749262592,0.68200000,2264.30000000,0.735
1749262592,0.68100000,29323.90000000,0.735
1749262592,0.68000000,79174.40000000,0.735
1749262592,0.67900000,218.80000000,0.735
1749262592,0.67800000,1045.00000000,0.735
1749262592,0.67700000,1900.70000000,0.735
1749262592,0.67600000,1282.00000000,0.735
1749262592,0.67500000,7317.00000000,0.735
1749262592,0.67400000,665.40000000,0.735
1749262592,0.67300000,359.50000000,0.735
1749262592,0.67200000,3162.90000000,0.735
1749262592,0.67100000,2309.10000000,0.735
1749262592,0.67000000,34539.10000000,0.735
1749262592,0.66900000,928.30000000,0.735
1749262592,0.66800000,3218.80000000,0.735
1749262592,0.66700000,854.10000000,0.735
1749262592,0.66600000,2657.60000000,0.735
1749262592,0.66500000,6180.30000000,0.735
1749262592,0.66400000,124.90000000,0.735
1749262592,0.66300000,590.20000000,0.735
1749262592,0.66200000,762.50000000,0.735
1749262592,0.66100000,181.00000000,0.735
1749262592,0.66000000,59817.40000000,0.735
1749262592,0.65900000,1096.20000000,0.735
1749262592,0.65800000,514.40000000,0.735
1749262592,0.65700000,1468.40000000,0.735
1749262592,0.65600000,906.60000000,0.735
1749262592,0.65500000,1409.10000000,0.735
1749262592,0.65400000,1620.50000000,0.735
1749262592,0.65300000,1099.80000000,0.735
1749262592,0.65200000,906.70000000,0.735
1749262592,0.65100000,734.40000000,0.735
1749262592,0.65000000,191066.40000000,0.735
1749262592,0.64900000,8474.40000000,0.735
1749262592,0.64800000,1250.60000000,0.735
1749262592,0.64700000,514.10000000,0.735
1749262592,0.64600000,1401.30000000,0.735
1749262592,0.64500000,16585.80000000,0.735
1749262592,0.64400000,1302.30000000,0.735
1749262592,0.64300000,1646.80000000,0.735
1749262592,0.64200000,10129.10000000,0.735
1749262592,0.64100000,2434.70000000,0.735
1749262592,0.64000000,14184.90000000,0.735
1749262592,0.63900000,1645.90000000,0.735
1749262592,0.63800000,8575.80000000,0.735
1749262592,0.63700000,527.20000000,0.735
1749262592,0.63600000,9522.10000000,0.735
1749262592,0.63500000,19876.20000000,0.735
1749262898,0.73200000,69523.40000000,0.733
1749262898,0.73100000,175393.00000000,0.733
1749262898,0.73000000,125554.00000000,0.733
1749262898,0.72900000,60024.60000000,0.733
1749262898,0.72800000,36441.40000000,0.733
1749262898,0.72700000,31389.80000000,0.733
1749262898,0.72600000,65876.40000000,0.733
1749262898,0.72500000,14640.50000000,0.733
1749262898,0.72400000,38856.90000000,0.733
1749262898,0.72300000,6016.20000000,0.733
1749262898,0.72200000,11135.50000000,0.733
1749262898,0.72100000,27703.70000000,0.733
1749262898,0.72000000,9440.50000000,0.733
1749262898,0.71900000,59911.30000000,0.733
1749262898,0.71800000,9387.60000000,0.733
1749262898,0.71700000,1379.60000000,0.733
1749262898,0.71600000,7526.20000000,0.733
1749262898,0.71500000,8713.60000000,0.733
1749262898,0.71400000,9086.70000000,0.733
1749262898,0.71300000,2286.30000000,0.733
1749262898,0.71200000,3901.90000000,0.733
1749262898,0.71100000,2435.30000000,0.733
1749262898,0.71000000,8679.00000000,0.733
1749262898,0.70900000,1976.80000000,0.733
1749262898,0.70800000,24100.50000000,0.733
1749262898,0.70700000,2534.60000000,0.733
1749262898,0.70600000,2883.80000000,0.733
1749262898,0.70500000,15618.60000000,0.733
1749262898,0.70400000,14509.80000000,0.733
1749262898,0.70300000,8894.40000000,0.733
1749262898,0.70200000,2448.10000000,0.733
1749262898,0.70100000,10053.90000000,0.733
1749262898,0.70000000,78480.70000000,0.733
1749262898,0.69900000,25141.80000000,0.733
1749262898,0.69800000,3560.90000000,0.733
1749262898,0.69700000,356.70000000,0.733
1749262898,0.69600000,2570.10000000,0.733
1749262898,0.69500000,9597.10000000,0.733
1749262898,0.69400000,781.30000000,0.733
1749262898,0.69300000,2259.60000000,0.733
1749262898,0.69200000,814.10000000,0.733
1749262898,0.69100000,6424.20000000,0.733
1749262898,0.69000000,18039.20000000,0.733
1749262898,0.68900000,1512.30000000,0.733
1749262898,0.68800000,9448.10000000,0.733
1749262898,0.68700000,597.30000000,0.733
1749262898,0.68600000,1991.10000000,0.733
1749262898,0.68500000,17715.00000000,0.733
1749262898,0.68400000,708.50000000,0.733
1749262898,0.68300000,683.60000000,0.733
1749262898,0.68200000,2264.30000000,0.733
1749262898,0.68100000,29323.90000000,0.733
1749262898,0.68000000,79174.40000000,0.733
1749262898,0.67900000,218.80000000,0.733
1749262898,0.67800000,1045.00000000,0.733
1749262898,0.67700000,1900.70000000,0.733
1749262898,0.67600000,1282.00000000,0.733
1749262898,0.67500000,7317.00000000,0.733
1749262898,0.67400000,665.40000000,0.733
1749262898,0.67300000,359.50000000,0.733
1749262898,0.67200000,3162.90000000,0.733
1749262898,0.67100000,2309.10000000,0.733
1749262898,0.67000000,34539.10000000,0.733
1749262898,0.66900000,928.30000000,0.733
1749262898,0.66800000,3218.80000000,0.733
1749262898,0.66700000,854.10000000,0.733
1749262898,0.66600000,2657.60000000,0.733
1749262898,0.66500000,6180.30000000,0.733
1749262898,0.66400000,124.90000000,0.733
1749262898,0.66300000,590.20000000,0.733
1749262898,0.66200000,762.50000000,0.733
1749262898,0.66100000,181.00000000,0.733
1749262898,0.66000000,59800.80000000,0.733
1749262898,0.65900000,1226.10000000,0.733
1749262898,0.65800000,428.50000000,0.733
1749262898,0.65700000,1468.40000000,0.733
1749262898,0.65600000,906.60000000,0.733
1749262898,0.65500000,1409.10000000,0.733
1749262898,0.65400000,1620.50000000,0.733
1749262898,0.65300000,1099.80000000,0.733
1749262898,0.65200000,906.70000000,0.733
1749262898,0.65100000,734.40000000,0.733
1749262898,0.65000000,191066.40000000,0.733
1749262898,0.64900000,8474.40000000,0.733
1749262898,0.64800000,1250.60000000,0.733
1749262898,0.64700000,514.10000000,0.733
1749262898,0.64600000,1401.30000000,0.733
1749262898,0.64500000,16585.80000000,0.733
1749262898,0.64400000,1302.30000000,0.733
1749262898,0.64300000,1646.80000000,0.733
1749262898,0.64200000,10129.10000000,0.733
1749262898,0.64100000,2434.70000000,0.733
1749262898,0.64000000,14184.90000000,0.733
1749262898,0.63900000,1645.90000000,0.733
1749262898,0.63800000,8575.80000000,0.733
1749262898,0.63700000,527.20000000,0.733
1749262898,0.63600000,9522.10000000,0.733
1749262898,0.63500000,19876.20000000,0.733
1749262898,0.63400000,10896.00000000,0.733
1749262898,0.63300000,2147.70000000,0.733
1749263199,0.73400000,2082.20000000,0.735
1749263199,0.73300000,83598.40000000,0.735
1749263199,0.73200000,160776.40000000,0.735
1749263199,0.73100000,94947.00000000,0.735
1749263199,0.73000000,48208.50000000,0.735
1749263199,0.72900000,26295.00000000,0.735
1749263199,0.72800000,53571.30000000,0.735
1749263199,0.72700000,44604.00000000,0.735
1749263199,0.72600000,66041.90000000,0.735
1749263199,0.72500000,17425.10000000,0.735
1749263199,0.72400000,24585.40000000,0.735
1749263199,0.72300000,10824.70000000,0.735
1749263199,0.72200000,6979.20000000,0.735
1749263199,0.72100000,45088.90000000,0.735
1749263199,0.72000000,37171.20000000,0.735
1749263199,0.71900000,5865.10000000,0.735
1749263199,0.71800000,9387.60000000,0.735
1749263199,0.71700000,6808.20000000,0.735
1749263199,0.71600000,2090.20000000,0.735
1749263199,0.71500000,8713.60000000,0.735
1749263199,0.71400000,9128.70000000,0.735
1749263199,0.71300000,2244.20000000,0.735
1749263199,0.71200000,3901.90000000,0.735
1749263199,0.71100000,2435.30000000,0.735
1749263199,0.71000000,8679.00000000,0.735
1749263199,0.70900000,1976.80000000,0.735
1749263199,0.70800000,24100.50000000,0.735
1749263199,0.70700000,2534.60000000,0.735
1749263199,0.70600000,2883.80000000,0.735
1749263199,0.70500000,15618.60000000,0.735
1749263199,0.70400000,14509.80000000,0.735
1749263199,0.70300000,8894.40000000,0.735
1749263199,0.70200000,2448.10000000,0.735
1749263199,0.70100000,5053.90000000,0.735
1749263199,0.70000000,78480.70000000,0.735
1749263199,0.69900000,25141.80000000,0.735
1749263199,0.69800000,3532.10000000,0.735
1749263199,0.69700000,356.70000000,0.735
1749263199,0.69600000,2570.10000000,0.735
1749263199,0.69500000,11292.70000000,0.735
1749263199,0.69400000,824.80000000,0.735
1749263199,0.69300000,2259.60000000,0.735
1749263199,0.69200000,814.10000000,0.735
1749263199,0.69100000,6424.20000000,0.735
1749263199,0.69000000,18039.20000000,0.735
1749263199,0.68900000,1512.30000000,0.735
1749263199,0.68800000,9448.10000000,0.735
1749263199,0.68700000,597.30000000,0.735
1749263199,0.68600000,1991.10000000,0.735
1749263199,0.68500000,17715.00000000,0.735
1749263199,0.68400000,708.50000000,0.735
1749263199,0.68300000,683.60000000,0.735
1749263199,0.68200000,2264.30000000,0.735
1749263199,0.68100000,29323.90000000,0.735
1749263199,0.68000000,79174.40000000,0.735
1749263199,0.67900000,218.80000000,0.735
1749263199,0.67800000,1045.00000000,0.735
1749263199,0.67700000,1900.70000000,0.735
1749263199,0.67600000,1282.00000000,0.735
1749263199,0.67500000,7317.00000000,0.735
1749263199,0.67400000,665.40000000,0.735
1749263199,0.67300000,359.50000000,0.735
1749263199,0.67200000,3162.90000000,0.735
1749263199,0.67100000,2309.10000000,0.735
1749263199,0.67000000,34539.10000000,0.735
1749263199,0.66900000,928.30000000,0.735
1749263199,0.66800000,3218.80000000,0.735
1749263199,0.66700000,854.10000000,0.735
1749263199,0.66600000,2657.60000000,0.735
1749263199,0.66500000,6180.30000000,0.735
1749263199,0.66400000,124.90000000,0.735
1749263199,0.66300000,590.20000000,0.735
1749263199,0.66200000,762.50000000,0.735
1749263199,0.66100000,181.00000000,0.735
1749263199,0.66000000,59817.40000000,0.735
1749263199,0.65900000,1162.60000000,0.735
1749263199,0.65800000,448.00000000,0.735
1749263199,0.65700000,1468.40000000,0.735
1749263199,0.65600000,906.60000000,0.735
1749263199,0.65500000,1409.10000000,0.735
1749263199,0.65400000,1620.50000000,0.735
1749263199,0.65300000,1099.80000000,0.735
1749263199,0.65200000,906.70000000,0.735
1749263199,0.65100000,734.40000000,0.735
1749263199,0.65000000,191066.40000000,0.735
1749263199,0.64900000,8474.40000000,0.735
1749263199,0.64800000,1250.60000000,0.735
1749263199,0.64700000,514.10000000,0.735
1749263199,0.64600000,1401.30000000,0.735
1749263199,0.64500000,16585.80000000,0.735
1749263199,0.64400000,1302.30000000,0.735
1749263199,0.64300000,1646.80000000,0.735
1749263199,0.64200000,10129.10000000,0.735
1749263199,0.64100000,2434.70000000,0.735
1749263199,0.64000000,14184.90000000,0.735
1749263199,0.63900000,1645.90000000,0.735
1749263199,0.63800000,8575.80000000,0.735
1749263199,0.63700000,527.20000000,0.735
1749263199,0.63600000,9522.10000000,0.735
1749263199,0.63500000,19876.20000000,0.735
1749263506,0.73400000,17640.70000000,0.734
1749263506,0.73300000,170377.30000000,0.734
1749263506,0.73200000,139384.90000000,0.734
1749263506,0.73100000,58400.80000000,0.734
1749263506,0.73000000,34228.40000000,0.734
1749263506,0.72900000,42613.50000000,0.734
1749263506,0.72800000,64075.90000000,0.734
1749263506,0.72700000,22826.00000000,0.734
1749263506,0.72600000,38681.90000000,0.734
1749263506,0.72500000,5651.90000000,0.734
1749263506,0.72400000,20057.40000000,0.734
1749263506,0.72300000,10670.50000000,0.734
1749263506,0.72200000,33263.40000000,0.734
1749263506,0.72100000,45018.70000000,0.734
1749263506,0.72000000,15547.60000000,0.734
1749263506,0.71900000,4178.60000000,0.734
1749263506,0.71800000,7275.10000000,0.734
1749263506,0.71700000,1358.70000000,0.734
1749263506,0.71600000,2069.20000000,0.734
1749263506,0.71500000,8755.50000000,0.734
1749263506,0.71400000,9086.70000000,0.734
1749263506,0.71300000,2244.20000000,0.734
1749263506,0.71200000,3901.90000000,0.734
1749263506,0.71100000,2435.30000000,0.734
1749263506,0.71000000,8679.00000000,0.734
1749263506,0.70900000,1976.80000000,0.734
1749263506,0.70800000,24100.50000000,0.734
1749263506,0.70700000,2534.60000000,0.734
1749263506,0.70600000,2883.80000000,0.734
1749263506,0.70500000,5618.60000000,0.734
1749263506,0.70400000,14509.80000000,0.734
1749263506,0.70300000,8894.40000000,0.734
1749263506,0.70200000,2448.10000000,0.734
1749263506,0.70100000,5339.40000000,0.734
1749263506,0.70000000,78480.70000000,0.734
1749263506,0.69900000,25156.10000000,0.734
1749263506,0.69800000,3560.90000000,0.734
1749263506,0.69700000,356.70000000,0.734
1749263506,0.69600000,860.10000000,0.734
1749263506,0.69500000,9553.90000000,0.734
1749263506,0.69400000,810.30000000,0.734
1749263506,0.69300000,2259.60000000,0.734
1749263506,0.69200000,814.10000000,0.734
1749263506,0.69100000,6424.20000000,0.734
1749263506,0.69000000,18039.20000000,0.734
1749263506,0.68900000,1512.30000000,0.734
1749263506,0.68800000,9448.10000000,0.734
1749263506,0.68700000,597.30000000,0.734
1749263506,0.68600000,1991.10000000,0.734
1749263506,0.68500000,17715.00000000,0.734
1749263506,0.68400000,708.50000000,0.734
1749263506,0.68300000,683.60000000,0.734
1749263506,0.68200000,2264.30000000,0.734
1749263506,0.68100000,29323.90000000,0.734
1749263506,0.68000000,79174.40000000,0.734
1749263506,0.67900000,218.80000000,0.734
1749263506,0.67800000,1045.00000000,0.734
1749263506,0.67700000,1900.70000000,0.734
1749263506,0.67600000,1282.00000000,0.734
1749263506,0.67500000,7317.00000000,0.734
1749263506,0.67400000,665.40000000,0.734
1749263506,0.67300000,359.50000000,0.734
1749263506,0.67200000,3162.90000000,0.734
1749263506,0.67100000,2309.10000000,0.734
1749263506,0.67000000,34539.10000000,0.734
1749263506,0.66900000,928.30000000,0.734
1749263506,0.66800000,3218.80000000,0.734
1749263506,0.66700000,854.10000000,0.734
1749263506,0.66600000,2657.60000000,0.734
1749263506,0.66500000,6180.30000000,0.734
1749263506,0.66400000,124.90000000,0.734
1749263506,0.66300000,590.20000000,0.734
1749263506,0.66200000,762.50000000,0.734
1749263506,0.66100000,313.80000000,0.734
1749263506,0.66000000,59784.20000000,0.734
1749263506,0.65900000,1096.20000000,0.734
1749263506,0.65800000,414.80000000,0.734
1749263506,0.65700000,1468.40000000,0.734
1749263506,0.65600000,906.60000000,0.734
1749263506,0.65500000,1409.10000000,0.734
1749263506,0.65400000,1620.50000000,0.734
1749263506,0.65300000,1099.80000000,0.734
1749263506,0.65200000,906.70000000,0.734
1749263506,0.65100000,734.40000000,0.734
1749263506,0.65000000,191066.40000000,0.734
1749263506,0.64900000,8474.40000000,0.734
1749263506,0.64800000,1250.60000000,0.734
1749263506,0.64700000,514.10000000,0.734
1749263506,0.64600000,1401.30000000,0.734
1749263506,0.64500000,16585.80000000,0.734
1749263506,0.64400000,1302.30000000,0.734
1749263506,0.64300000,1646.80000000,0.734
1749263506,0.64200000,10129.10000000,0.734
1749263506,0.64100000,2434.70000000,0.734
1749263506,0.64000000,14184.90000000,0.734
1749263506,0.63900000,1645.90000000,0.734
1749263506,0.63800000,8575.80000000,0.734
1749263506,0.63700000,527.20000000,0.734
1749263506,0.63600000,9522.10000000,0.734
1749263506,0.63500000,23025.20000000,0.734
1749263812,0.73600000,9618.00000000,0.736
1749263812,0.73500000,150243.30000000,0.736
1749263812,0.73400000,129888.70000000,0.736
1749263812,0.73300000,63824.30000000,0.736
1749263812,0.73200000,32219.80000000,0.736
1749263812,0.73100000,24020.20000000,0.736
1749263812,0.73000000,39531.50000000,0.736
1749263812,0.72900000,37115.30000000,0.736
1749263812,0.72800000,63253.90000000,0.736
1749263812,0.72700000,24208.50000000,0.736
1749263812,0.72600000,28754.90000000,0.736
1749263812,0.72500000,10083.10000000,0.736
1749263812,0.72400000,15246.70000000,0.736
1749263812,0.72300000,31939.50000000,0.736
1749263812,0.72200000,35814.50000000,0.736
1749263812,0.72100000,19221.00000000,0.736
1749263812,0.72000000,15540.70000000,0.736
1749263812,0.71900000,2358.30000000,0.736
1749263812,0.71800000,6718.20000000,0.736
1749263812,0.71700000,1358.70000000,0.736
1749263812,0.71600000,2069.20000000,0.736
1749263812,0.71500000,8755.50000000,0.736
1749263812,0.71400000,9086.70000000,0.736
1749263812,0.71300000,2244.20000000,0.736
1749263812,0.71200000,3901.90000000,0.736
1749263812,0.71100000,2435.30000000,0.736
1749263812,0.71000000,8679.00000000,0.736
1749263812,0.70900000,1976.80000000,0.736
1749263812,0.70800000,24100.50000000,0.736
1749263812,0.70700000,2534.60000000,0.736
1749263812,0.70600000,2883.80000000,0.736
1749263812,0.70500000,5618.60000000,0.736
1749263812,0.70400000,14509.80000000,0.736
1749263812,0.70300000,8894.40000000,0.736
1749263812,0.70200000,2448.10000000,0.736
1749263812,0.70100000,5195.10000000,0.736
1749263812,0.70000000,78480.70000000,0.736
1749263812,0.69900000,25156.10000000,0.736
1749263812,0.69800000,3575.30000000,0.736
1749263812,0.69700000,356.70000000,0.736
1749263812,0.69600000,860.10000000,0.736
1749263812,0.69500000,19553.90000000,0.736
1749263812,0.69400000,795.80000000,0.736
1749263812,0.69300000,2259.60000000,0.736
1749263812,0.69200000,814.10000000,0.736
1749263812,0.69100000,6424.20000000,0.736
1749263812,0.69000000,18039.20000000,0.736
1749263812,0.68900000,1526.90000000,0.736
1749263812,0.68800000,9433.50000000,0.736
1749263812,0.68700000,597.30000000,0.736
1749263812,0.68600000,1991.10000000,0.736
1749263812,0.68500000,17715.00000000,0.736
1749263812,0.68400000,708.50000000,0.736
1749263812,0.68300000,683.60000000,0.736
1749263812,0.68200000,2264.30000000,0.736
1749263812,0.68100000,29323.90000000,0.736
1749263812,0.68000000,79174.40000000,0.736
1749263812,0.67900000,218.80000000,0.736
1749263812,0.67800000,1045.00000000,0.736
1749263812,0.67700000,1900.70000000,0.736
1749263812,0.67600000,1282.00000000,0.736
1749263812,0.67500000,7317.00000000,0.736
1749263812,0.67400000,665.40000000,0.736
1749263812,0.67300000,359.50000000,0.736
1749263812,0.67200000,3162.90000000,0.736
1749263812,0.67100000,2309.10000000,0.736
1749263812,0.67000000,34539.10000000,0.736
1749263812,0.66900000,928.30000000,0.736
1749263812,0.66800000,3218.80000000,0.736
1749263812,0.66700000,854.10000000,0.736
1749263812,0.66600000,2657.60000000,0.736
1749263812,0.66500000,6180.30000000,0.736
1749263812,0.66400000,124.90000000,0.736
1749263812,0.66300000,590.20000000,0.736
1749263812,0.66200000,762.50000000,0.736
1749263812,0.66100000,366.60000000,0.736
1749263812,0.66000000,59737.30000000,0.736
1749263812,0.65900000,1063.00000000,0.736
1749263812,0.65800000,414.80000000,0.736
1749263812,0.65700000,1468.40000000,0.736
1749263812,0.65600000,906.60000000,0.736
1749263812,0.65500000,1409.10000000,0.736
1749263812,0.65400000,1620.50000000,0.736
1749263812,0.65300000,1099.80000000,0.736
1749263812,0.65200000,906.70000000,0.736
1749263812,0.65100000,734.40000000,0.736
1749263812,0.65000000,189528.00000000,0.736
1749263812,0.64900000,8474.40000000,0.736
1749263812,0.64800000,1250.60000000,0.736
1749263812,0.64700000,514.10000000,0.736
1749263812,0.64600000,1401.30000000,0.736
1749263812,0.64500000,16585.80000000,0.736
1749263812,0.64400000,1302.30000000,0.736
1749263812,0.64300000,1646.80000000,0.736
1749263812,0.64200000,10129.10000000,0.736
1749263812,0.64100000,2434.70000000,0.736
1749263812,0.64000000,14184.90000000,0.736
1749263812,0.63900000,1645.90000000,0.736
1749263812,0.63800000,8575.80000000,0.736
1749263812,0.63700000,527.20000000,0.736
1749264114,0.73500000,44473.30000000,0.735
1749264114,0.73400000,193749.20000000,0.735
1749264114,0.73300000,111741.60000000,0.735
1749264114,0.73200000,42080.80000000,0.735
1749264114,0.73100000,48365.40000000,0.735
1749264114,0.73000000,23699.40000000,0.735
1749264114,0.72900000,55485.00000000,0.735
1749264114,0.72800000,55562.50000000,0.735
1749264114,0.72700000,15322.80000000,0.735
1749264114,0.72600000,20279.30000000,0.735
1749264114,0.72500000,10083.10000000,0.735
1749264114,0.72400000,19391.50000000,0.735
1749264114,0.72300000,5527.50000000,0.735
1749264114,0.72200000,8090.00000000,0.735
1749264114,0.72100000,72711.60000000,0.735
1749264114,0.72000000,16001.40000000,0.735
1749264114,0.71900000,1721.10000000,0.735
1749264114,0.71800000,6718.20000000,0.735
1749264114,0.71700000,1400.50000000,0.735
1749264114,0.71600000,2069.20000000,0.735
1749264114,0.71500000,8713.60000000,0.735
1749264114,0.71400000,9327.10000000,0.735
1749264114,0.71300000,2244.20000000,0.735
1749264114,0.71200000,3901.90000000,0.735
1749264114,0.71100000,2535.30000000,0.735
1749264114,0.71000000,8679.00000000,0.735
1749264114,0.70900000,1976.80000000,0.735
1749264114,0.70800000,24100.50000000,0.735
1749264114,0.70700000,2534.60000000,0.735
1749264114,0.70600000,2883.80000000,0.735
1749264114,0.70500000,5618.60000000,0.735
1749264114,0.70400000,14509.80000000,0.735
1749264114,0.70300000,8894.40000000,0.735
1749264114,0.70200000,2448.10000000,0.735
1749264114,0.70100000,5194.00000000,0.735
1749264114,0.70000000,78380.70000000,0.735
1749264114,0.69900000,25156.10000000,0.735
1749264114,0.69800000,3575.30000000,0.735
1749264114,0.69700000,356.70000000,0.735
1749264114,0.69600000,860.10000000,0.735
1749264114,0.69500000,19553.90000000,0.735
1749264114,0.69400000,795.80000000,0.735
1749264114,0.69300000,2249.00000000,0.735
1749264114,0.69200000,814.10000000,0.735
1749264114,0.69100000,6424.20000000,0.735
1749264114,0.69000000,18039.20000000,0.735
1749264114,0.68900000,1526.90000000,0.735
1749264114,0.68800000,9433.50000000,0.735
1749264114,0.68700000,597.30000000,0.735
1749264114,0.68600000,1840.80000000,0.735
1749264114,0.68500000,17715.00000000,0.735
1749264114,0.68400000,708.50000000,0.735
1749264114,0.68300000,683.60000000,0.735
1749264114,0.68200000,2264.30000000,0.735
1749264114,0.68100000,29323.90000000,0.735
1749264114,0.68000000,79174.40000000,0.735
1749264114,0.67900000,218.80000000,0.735
1749264114,0.67800000,1045.00000000,0.735
1749264114,0.67700000,1900.70000000,0.735
1749264114,0.67600000,1282.00000000,0.735
1749264114,0.67500000,7317.00000000,0.735
1749264114,0.67400000,665.40000000,0.735
1749264114,0.67300000,359.50000000,0.735
1749264114,0.67200000,3162.90000000,0.735
1749264114,0.67100000,2309.10000000,0.735
1749264114,0.67000000,34539.10000000,0.735
1749264114,0.66900000,928.30000000,0.735
1749264114,0.66800000,3218.80000000,0.735
1749264114,0.66700000,854.10000000,0.735
1749264114,0.66600000,2657.60000000,0.735
1749264114,0.66500000,6180.30000000,0.735
1749264114,0.66400000,124.90000000,0.735
1749264114,0.66300000,590.20000000,0.735
1749264114,0.66200000,895.30000000,0.735
1749264114,0.66100000,247.40000000,0.735
1749264114,0.66000000,59737.30000000,0.735
1749264114,0.65900000,1063.00000000,0.735
1749264114,0.65800000,414.80000000,0.735
1749264114,0.65700000,1468.40000000,0.735
1749264114,0.65600000,906.60000000,0.735
1749264114,0.65500000,1409.10000000,0.735
1749264114,0.65400000,1620.50000000,0.735
1749264114,0.65300000,1099.80000000,0.735
1749264114,0.65200000,906.70000000,0.735
1749264114,0.65100000,734.40000000,0.735
1749264114,0.65000000,189428.00000000,0.735
1749264114,0.64900000,8474.40000000,0.735
1749264114,0.64800000,1250.60000000,0.735
1749264114,0.64700000,514.10000000,0.735
1749264114,0.64600000,1401.30000000,0.735
1749264114,0.64500000,16585.80000000,0.735
1749264114,0.64400000,1302.30000000,0.735
1749264114,0.64300000,1646.80000000,0.735
1749264114,0.64200000,10129.10000000,0.735
1749264114,0.64100000,2434.70000000,0.735
1749264114,0.64000000,14184.90000000,0.735
1749264114,0.63900000,1645.90000000,0.735
1749264114,0.63800000,8575.80000000,0.735
1749264114,0.63700000,527.20000000,0.735
1749264114,0.63600000,9522.10000000,0.735
1749264420,0.73600000,35361.10000000,0.736
1749264420,0.73500000,160215.40000000,0.736
1749264420,0.73400000,127245.90000000,0.736
1749264420,0.73300000,75004.40000000,0.736
1749264420,0.73200000,35820.20000000,0.736
1749264420,0.73100000,45237.80000000,0.736
1749264420,0.73000000,59677.20000000,0.736
1749264420,0.72900000,28183.70000000,0.736
1749264420,0.72800000,27966.10000000,0.736
1749264420,0.72700000,15322.80000000,0.736
1749264420,0.72600000,25776.30000000,0.736
1749264420,0.72500000,5394.10000000,0.736
1749264420,0.72400000,14457.70000000,0.736
1749264420,0.72300000,58942.90000000,0.736
1749264420,0.72200000,8124.30000000,0.736
1749264420,0.72100000,19840.60000000,0.736
1749264420,0.72000000,22765.40000000,0.736
1749264420,0.71900000,1666.10000000,0.736
1749264420,0.71800000,1340.50000000,0.736
1749264420,0.71700000,1455.60000000,0.736
1749264420,0.71600000,2069.20000000,0.736
1749264420,0.71500000,8713.60000000,0.736
1749264420,0.71400000,9327.10000000,0.736
1749264420,0.71300000,2244.20000000,0.736
1749264420,0.71200000,3901.90000000,0.736
1749264420,0.71100000,2535.30000000,0.736
1749264420,0.71000000,8679.00000000,0.736
1749264420,0.70900000,1976.80000000,0.736
1749264420,0.70800000,24100.50000000,0.736
1749264420,0.70700000,2534.60000000,0.736
1749264420,0.70600000,2883.80000000,0.736
1749264420,0.70500000,5618.60000000,0.736
1749264420,0.70400000,14509.80000000,0.736
1749264420,0.70300000,8894.40000000,0.736
1749264420,0.70200000,2448.10000000,0.736
1749264420,0.70100000,5053.90000000,0.736
1749264420,0.70000000,78380.70000000,0.736
1749264420,0.69900000,25156.10000000,0.736
1749264420,0.69800000,1865.30000000,0.736
1749264420,0.69700000,356.70000000,0.736
1749264420,0.69600000,860.10000000,0.736
1749264420,0.69500000,19553.90000000,0.736
1749264420,0.69400000,795.80000000,0.736
1749264420,0.69300000,2249.00000000,0.736
1749264420,0.69200000,814.10000000,0.736
1749264420,0.69100000,6424.20000000,0.736
1749264420,0.69000000,18039.20000000,0.736
1749264420,0.68900000,1526.90000000,0.736
1749264420,0.68800000,9433.50000000,0.736
1749264420,0.68700000,597.30000000,0.736
1749264420,0.68600000,1840.80000000,0.736
1749264420,0.68500000,17715.00000000,0.736
1749264420,0.68400000,708.50000000,0.736
1749264420,0.68300000,683.60000000,0.736
1749264420,0.68200000,2264.30000000,0.736
1749264420,0.68100000,29323.90000000,0.736
1749264420,0.68000000,79174.40000000,0.736
1749264420,0.67900000,218.80000000,0.736
1749264420,0.67800000,1045.00000000,0.736
1749264420,0.67700000,1900.70000000,0.736
1749264420,0.67600000,1282.00000000,0.736
1749264420,0.67500000,7317.00000000,0.736
1749264420,0.67400000,665.40000000,0.736
1749264420,0.67300000,359.50000000,0.736
1749264420,0.67200000,3162.90000000,0.736
1749264420,0.67100000,2309.10000000,0.736
1749264420,0.67000000,34539.10000000,0.736
1749264420,0.66900000,928.30000000,0.736
1749264420,0.66800000,3218.80000000,0.736
1749264420,0.66700000,854.10000000,0.736
1749264420,0.66600000,2657.60000000,0.736
1749264420,0.66500000,6180.30000000,0.736
1749264420,0.66400000,124.90000000,0.736
1749264420,0.66300000,590.20000000,0.736
1749264420,0.66200000,928.50000000,0.736
1749264420,0.66100000,200.60000000,0.736
1749264420,0.66000000,59737.30000000,0.736
1749264420,0.65900000,1063.00000000,0.736
1749264420,0.65800000,414.80000000,0.736
1749264420,0.65700000,1468.40000000,0.736
1749264420,0.65600000,906.60000000,0.736
1749264420,0.65500000,1409.10000000,0.736
1749264420,0.65400000,1620.50000000,0.736
1749264420,0.65300000,1099.80000000,0.736
1749264420,0.65200000,906.70000000,0.736
1749264420,0.65100000,734.40000000,0.736
1749264420,0.65000000,189428.00000000,0.736
1749264420,0.64900000,8474.40000000,0.736
1749264420,0.64800000,1250.60000000,0.736
1749264420,0.64700000,514.10000000,0.736
1749264420,0.64600000,1401.30000000,0.736
1749264420,0.64500000,16585.80000000,0.736
1749264420,0.64400000,1302.30000000,0.736
1749264420,0.64300000,1646.80000000,0.736
1749264420,0.64200000,10129.10000000,0.736
1749264420,0.64100000,2434.70000000,0.736
1749264420,0.64000000,14184.90000000,0.736
1749264420,0.63900000,1645.90000000,0.736
1749264420,0.63800000,8575.80000000,0.736
1749264420,0.63700000,527.20000000,0.736
1749264722,0.73700000,24290.10000000,0.737
1749264722,0.73600000,152571.60000000,0.737
1749264722,0.73500000,131949.90000000,0.737
1749264722,0.73400000,55868.60000000,0.737
1749264722,0.73300000,42526.60000000,0.737
1749264722,0.73200000,29817.00000000,0.737
1749264722,0.73100000,37597.30000000,0.737
1749264722,0.73000000,58467.60000000,0.737
1749264722,0.72900000,28556.80000000,0.737
1749264722,0.72800000,27478.00000000,0.737
1749264722,0.72700000,15405.80000000,0.737
1749264722,0.72600000,29578.10000000,0.737
1749264722,0.72500000,5401.20000000,0.737
1749264722,0.72400000,33504.10000000,0.737
1749264722,0.72300000,31325.20000000,0.737
1749264722,0.72200000,8507.00000000,0.737
1749264722,0.72100000,17479.50000000,0.737
1749264722,0.72000000,19751.10000000,0.737
1749264722,0.71900000,1721.10000000,0.737
1749264722,0.71800000,1276.10000000,0.737
1749264722,0.71700000,1400.50000000,0.737
1749264722,0.71600000,2069.20000000,0.737
1749264722,0.71500000,8778.60000000,0.737
1749264722,0.71400000,9327.10000000,0.737
1749264722,0.71300000,2244.20000000,0.737
1749264722,0.71200000,3901.90000000,0.737
1749264722,0.71100000,2535.30000000,0.737
1749264722,0.71000000,8670.50000000,0.737
1749264722,0.70900000,1976.80000000,0.737
1749264722,0.70800000,24100.50000000,0.737
1749264722,0.70700000,2534.60000000,0.737
1749264722,0.70600000,2883.80000000,0.737
1749264722,0.70500000,5618.60000000,0.737
1749264722,0.70400000,14509.80000000,0.737
1749264722,0.70300000,8894.40000000,0.737
1749264722,0.70200000,2448.10000000,0.737
1749264722,0.70100000,5053.90000000,0.737
1749264722,0.70000000,76670.70000000,0.737
1749264722,0.69900000,23460.40000000,0.737
1749264722,0.69800000,1865.30000000,0.737
1749264722,0.69700000,356.70000000,0.737
1749264722,0.69600000,860.10000000,0.737
1749264722,0.69500000,19553.90000000,0.737
1749264722,0.69400000,781.30000000,0.737
1749264722,0.69300000,2249.00000000,0.737
1749264722,0.69200000,814.10000000,0.737
1749264722,0.69100000,6424.20000000,0.737
1749264722,0.69000000,18039.20000000,0.737
1749264722,0.68900000,1526.90000000,0.737
1749264722,0.68800000,9420.40000000,0.737
1749264722,0.68700000,597.30000000,0.737
1749264722,0.68600000,1840.80000000,0.737
1749264722,0.68500000,17715.00000000,0.737
1749264722,0.68400000,708.50000000,0.737
1749264722,0.68300000,683.60000000,0.737
1749264722,0.68200000,2264.30000000,0.737
1749264722,0.68100000,29323.90000000,0.737
1749264722,0.68000000,79174.40000000,0.737
1749264722,0.67900000,218.80000000,0.737
1749264722,0.67800000,1045.00000000,0.737
1749264722,0.67700000,1900.70000000,0.737
1749264722,0.67600000,1282.00000000,0.737
1749264722,0.67500000,7317.00000000,0.737
1749264722,0.67400000,665.40000000,0.737
1749264722,0.67300000,359.50000000,0.737
1749264722,0.67200000,3162.90000000,0.737
1749264722,0.67100000,2309.10000000,0.737
1749264722,0.67000000,34539.10000000,0.737
1749264722,0.66900000,928.30000000,0.737
1749264722,0.66800000,3218.80000000,0.737
1749264722,0.66700000,854.10000000,0.737
1749264722,0.66600000,2639.60000000,0.737
1749264722,0.66500000,6180.30000000,0.737
1749264722,0.66400000,124.90000000,0.737
1749264722,0.66300000,590.20000000,0.737
1749264722,0.66200000,914.90000000,0.737
1749264722,0.66100000,200.60000000,0.737
1749264722,0.66000000,59737.30000000,0.737
1749264722,0.65900000,1063.00000000,0.737
1749264722,0.65800000,414.80000000,0.737
1749264722,0.65700000,1468.40000000,0.737
1749264722,0.65600000,906.60000000,0.737
1749264722,0.65500000,1409.10000000,0.737
1749264722,0.65400000,1620.50000000,0.737
1749264722,0.65300000,1099.80000000,0.737
1749264722,0.65200000,906.70000000,0.737
1749264722,0.65100000,734.40000000,0.737
1749264722,0.65000000,189428.00000000,0.737
1749264722,0.64900000,8474.40000000,0.737
1749264722,0.64800000,1250.60000000,0.737
1749264722,0.64700000,514.10000000,0.737
1749264722,0.64600000,1401.30000000,0.737
1749264722,0.64500000,16585.80000000,0.737
1749264722,0.64400000,1302.30000000,0.737
1749264722,0.64300000,1646.80000000,0.737
1749264722,0.64200000,10129.10000000,0.737
1749264722,0.64100000,2434.70000000,0.737
1749264722,0.64000000,14184.90000000,0.737
1749264722,0.63900000,1645.90000000,0.737
1749264722,0.63800000,8575.80000000,0.737
1749265024,0.74200000,9704.60000000,0.742
1749265024,0.74100000,152111.30000000,0.742
1749265024,0.74000000,124310.20000000,0.742
1749265024,0.73900000,45742.90000000,0.742
1749265024,0.73800000,32641.80000000,0.742
1749265024,0.73700000,41490.50000000,0.742
1749265024,0.73600000,16941.50000000,0.742
1749265024,0.73500000,57561.10000000,0.742
1749265024,0.73400000,65435.00000000,0.742
1749265024,0.73300000,24666.30000000,0.742
1749265024,0.73200000,17834.20000000,0.742
1749265024,0.73100000,21226.20000000,0.742
1749265024,0.73000000,20233.90000000,0.742
1749265024,0.72900000,33689.70000000,0.742
1749265024,0.72800000,33981.80000000,0.742
1749265024,0.72700000,7334.20000000,0.742
1749265024,0.72600000,3717.10000000,0.742
1749265024,0.72500000,9084.70000000,0.742
1749265024,0.72400000,10827.10000000,0.742
1749265024,0.72300000,2182.20000000,0.742
1749265024,0.72200000,2510.00000000,0.742
1749265024,0.72100000,15987.80000000,0.742
1749265024,0.72000000,6544.50000000,0.742
1749265024,0.71900000,1634.70000000,0.742
1749265024,0.71800000,1599.60000000,0.742
1749265024,0.71700000,1348.20000000,0.742
1749265024,0.71600000,2061.80000000,0.742
1749265024,0.71500000,9195.60000000,0.742
1749265024,0.71400000,9503.50000000,0.742
1749265024,0.71300000,2244.20000000,0.742
1749265024,0.71200000,3963.50000000,0.742
1749265024,0.71100000,7712.90000000,0.742
1749265024,0.71000000,8670.50000000,0.742
1749265024,0.70900000,1976.80000000,0.742
1749265024,0.70800000,23683.50000000,0.742
1749265024,0.70700000,2365.80000000,0.742
1749265024,0.70600000,2883.80000000,0.742
1749265024,0.70500000,5618.60000000,0.742
1749265024,0.70400000,14509.80000000,0.742
1749265024,0.70300000,7184.40000000,0.742
1749265024,0.70200000,738.10000000,0.742
1749265024,0.70100000,3492.70000000,0.742
1749265024,0.70000000,76660.20000000,0.742
1749265024,0.69900000,23449.90000000,0.742
1749265024,0.69800000,1854.80000000,0.742
1749265024,0.69700000,346.20000000,0.742
1749265024,0.69600000,860.10000000,0.742
1749265024,0.69500000,19545.90000000,0.742
1749265024,0.69400000,766.80000000,0.742
1749265024,0.69300000,2249.00000000,0.742
1749265024,0.69200000,814.10000000,0.742
1749265024,0.69100000,6424.20000000,0.742
1749265024,0.69000000,18039.20000000,0.742
1749265024,0.68900000,1526.90000000,0.742
1749265024,0.68800000,9420.40000000,0.742
1749265024,0.68700000,597.30000000,0.742
1749265024,0.68600000,1840.80000000,0.742
1749265024,0.68500000,17715.00000000,0.742
1749265024,0.68400000,708.50000000,0.742
1749265024,0.68300000,683.60000000,0.742
1749265024,0.68200000,2264.30000000,0.742
1749265024,0.68100000,29323.90000000,0.742
1749265024,0.68000000,79111.30000000,0.742
1749265024,0.67900000,218.80000000,0.742
1749265024,0.67800000,1045.00000000,0.742
1749265024,0.67700000,1900.70000000,0.742
1749265024,0.67600000,1282.00000000,0.742
1749265024,0.67500000,7317.00000000,0.742
1749265024,0.67400000,665.40000000,0.742
1749265024,0.67300000,359.50000000,0.742
1749265024,0.67200000,3162.90000000,0.742
1749265024,0.67100000,2309.10000000,0.742
1749265024,0.67000000,34539.10000000,0.742
1749265024,0.66900000,928.30000000,0.742
1749265024,0.66800000,3218.80000000,0.742
1749265024,0.66700000,873.00000000,0.742
1749265024,0.66600000,2625.70000000,0.742
1749265024,0.66500000,6199.20000000,0.742
1749265024,0.66400000,111.00000000,0.742
1749265024,0.66300000,576.30000000,0.742
1749265024,0.66200000,881.70000000,0.742
1749265024,0.66100000,167.40000000,0.742
1749265024,0.66000000,59737.30000000,0.742
1749265024,0.65900000,1063.00000000,0.742
1749265024,0.65800000,414.80000000,0.742
1749265024,0.65700000,1468.40000000,0.742
1749265024,0.65600000,906.60000000,0.742
1749265024,0.65500000,1409.10000000,0.742
1749265024,0.65400000,1620.50000000,0.742
1749265024,0.65300000,1099.80000000,0.742
1749265024,0.65200000,906.70000000,0.742
1749265024,0.65100000,734.40000000,0.742
1749265024,0.65000000,189428.00000000,0.742
1749265024,0.64900000,8474.40000000,0.742
1749265024,0.64800000,1250.60000000,0.742
1749265024,0.64700000,514.10000000,0.742
1749265024,0.64600000,1401.30000000,0.742
1749265024,0.64500000,16585.80000000,0.742
1749265024,0.64400000,1302.30000000,0.742
1749265024,0.64300000,1646.80000000,0.742
1749265326,0.74200000,22411.70000000,0.742
1749265326,0.74100000,180455.40000000,0.742
1749265326,0.74000000,120477.20000000,0.742
1749265326,0.73900000,46552.80000000,0.742
1749265326,0.73800000,44840.30000000,0.742
1749265326,0.73700000,31533.10000000,0.742
1749265326,0.73600000,12171.40000000,0.742
1749265326,0.73500000,53414.40000000,0.742
1749265326,0.73400000,66362.30000000,0.742
1749265326,0.73300000,24408.00000000,0.742
1749265326,0.73200000,25612.60000000,0.742
1749265326,0.73100000,12950.80000000,0.742
1749265326,0.73000000,13054.10000000,0.742
1749265326,0.72900000,32943.60000000,0.742
1749265326,0.72800000,33913.80000000,0.742
1749265326,0.72700000,7299.70000000,0.742
1749265326,0.72600000,3854.60000000,0.742
1749265326,0.72500000,8991.20000000,0.742
1749265326,0.72400000,10827.10000000,0.742
1749265326,0.72300000,1906.20000000,0.742
1749265326,0.72200000,2827.90000000,0.742
1749265326,0.72100000,15858.70000000,0.742
1749265326,0.72000000,9447.60000000,0.742
1749265326,0.71900000,1912.30000000,0.742
1749265326,0.71800000,1460.60000000,0.742
1749265326,0.71700000,1348.20000000,0.742
1749265326,0.71600000,2061.80000000,0.742
1749265326,0.71500000,9195.60000000,0.742
1749265326,0.71400000,9503.50000000,0.742
1749265326,0.71300000,2244.20000000,0.742
1749265326,0.71200000,3963.50000000,0.742
1749265326,0.71100000,7712.90000000,0.742
1749265326,0.71000000,5420.80000000,0.742
1749265326,0.70900000,1976.80000000,0.742
1749265326,0.70800000,23683.50000000,0.742
1749265326,0.70700000,2365.80000000,0.742
1749265326,0.70600000,2873.30000000,0.742
1749265326,0.70500000,5618.60000000,0.742
1749265326,0.70400000,14083.30000000,0.742
1749265326,0.70300000,7184.40000000,0.742
1749265326,0.70200000,738.10000000,0.742
1749265326,0.70100000,3695.00000000,0.742
1749265326,0.70000000,76660.20000000,0.742
1749265326,0.69900000,23449.90000000,0.742
1749265326,0.69800000,1854.80000000,0.742
1749265326,0.69700000,374.80000000,0.742
1749265326,0.69600000,860.10000000,0.742
1749265326,0.69500000,9968.90000000,0.742
1749265326,0.69400000,766.80000000,0.742
1749265326,0.69300000,2249.00000000,0.742
1749265326,0.69200000,814.10000000,0.742
1749265326,0.69100000,6424.20000000,0.742
1749265326,0.69000000,18039.20000000,0.742
1749265326,0.68900000,1100.40000000,0.742
1749265326,0.68800000,9420.40000000,0.742
1749265326,0.68700000,597.30000000,0.742
1749265326,0.68600000,1840.80000000,0.742
1749265326,0.68500000,17715.00000000,0.742
1749265326,0.68400000,708.50000000,0.742
1749265326,0.68300000,683.60000000,0.742
1749265326,0.68200000,2264.30000000,0.742
1749265326,0.68100000,29746.90000000,0.742
1749265326,0.68000000,79111.30000000,0.742
1749265326,0.67900000,218.80000000,0.742
1749265326,0.67800000,1045.00000000,0.742
1749265326,0.67700000,1900.70000000,0.742
1749265326,0.67600000,1282.00000000,0.742
1749265326,0.67500000,6890.50000000,0.742
1749265326,0.67400000,665.40000000,0.742
1749265326,0.67300000,404.00000000,0.742
1749265326,0.67200000,3162.90000000,0.742
1749265326,0.67100000,2309.10000000,0.742
1749265326,0.67000000,34539.10000000,0.742
1749265326,0.66900000,928.30000000,0.742
1749265326,0.66800000,3218.80000000,0.742
1749265326,0.66700000,1004.20000000,0.742
1749265326,0.66600000,2625.70000000,0.742
1749265326,0.66500000,6199.20000000,0.742
1749265326,0.66400000,111.00000000,0.742
1749265326,0.66300000,576.30000000,0.742
1749265326,0.66200000,748.90000000,0.742
1749265326,0.66100000,167.40000000,0.742
1749265326,0.66000000,59737.30000000,0.742
1749265326,0.65900000,1063.00000000,0.742
1749265326,0.65800000,414.80000000,0.742
1749265326,0.65700000,1468.40000000,0.742
1749265326,0.65600000,906.60000000,0.742
1749265326,0.65500000,1409.10000000,0.742
1749265326,0.65400000,1620.50000000,0.742
1749265326,0.65300000,1099.80000000,0.742
1749265326,0.65200000,906.70000000,0.742
1749265326,0.65100000,734.40000000,0.742
1749265326,0.65000000,189416.90000000,0.742
1749265326,0.64900000,8474.40000000,0.742
1749265326,0.64800000,1250.60000000,0.742
1749265326,0.64700000,514.10000000,0.742
1749265326,0.64600000,1401.30000000,0.742
1749265326,0.64500000,16585.80000000,0.742
1749265326,0.64400000,1302.30000000,0.742
1749265326,0.64300000,1646.80000000,0.742
1749265627,0.74700000,47048.80000000,0.748
1749265627,0.74600000,171675.60000000,0.748
1749265627,0.74500000,59175.20000000,0.748
1749265627,0.74400000,32862.30000000,0.748
1749265627,0.74300000,25730.20000000,0.748
1749265627,0.74200000,20349.00000000,0.748
1749265627,0.74100000,25154.40000000,0.748
1749265627,0.74000000,56598.60000000,0.748
1749265627,0.73900000,21391.70000000,0.748
1749265627,0.73800000,34672.30000000,0.748
1749265627,0.73700000,23629.40000000,0.748
1749265627,0.73600000,24671.50000000,0.748
1749265627,0.73500000,9725.40000000,0.748
1749265627,0.73400000,20403.80000000,0.748
1749265627,0.73300000,33732.10000000,0.748
1749265627,0.73200000,20116.70000000,0.748
1749265627,0.73100000,10842.80000000,0.748
1749265627,0.73000000,4400.40000000,0.748
1749265627,0.72900000,2195.60000000,0.748
1749265627,0.72800000,10435.20000000,0.748
1749265627,0.72700000,1924.90000000,0.748
1749265627,0.72600000,1953.90000000,0.748
1749265627,0.72500000,2113.70000000,0.748
1749265627,0.72400000,7102.20000000,0.748
1749265627,0.72300000,1895.80000000,0.748
1749265627,0.72200000,2626.80000000,0.748
1749265627,0.72100000,15866.00000000,0.748
1749265627,0.72000000,10654.90000000,0.748
1749265627,0.71900000,1634.70000000,0.748
1749265627,0.71800000,7021.80000000,0.748
1749265627,0.71700000,1348.20000000,0.748
1749265627,0.71600000,2061.80000000,0.748
1749265627,0.71500000,10466.80000000,0.748
1749265627,0.71400000,9503.50000000,0.748
1749265627,0.71300000,2244.20000000,0.748
1749265627,0.71200000,3963.50000000,0.748
1749265627,0.71100000,8629.70000000,0.748
1749265627,0.71000000,4107.60000000,0.748
1749265627,0.70900000,2178.80000000,0.748
1749265627,0.70800000,21911.80000000,0.748
1749265627,0.70700000,741.60000000,0.748
1749265627,0.70600000,1152.90000000,0.748
1749265627,0.70500000,3898.20000000,0.748
1749265627,0.70400000,12362.90000000,0.748
1749265627,0.70300000,6998.70000000,0.748
1749265627,0.70200000,727.70000000,0.748
1749265627,0.70100000,3579.70000000,0.748
1749265627,0.70000000,76660.20000000,0.748
1749265627,0.69900000,23435.60000000,0.748
1749265627,0.69800000,2002.50000000,0.748
1749265627,0.69700000,374.80000000,0.748
1749265627,0.69600000,860.10000000,0.748
1749265627,0.69500000,9968.90000000,0.748
1749265627,0.69400000,798.00000000,0.748
1749265627,0.69300000,2249.00000000,0.748
1749265627,0.69200000,636.00000000,0.748
1749265627,0.69100000,6455.50000000,0.748
1749265627,0.69000000,18039.20000000,0.748
1749265627,0.68900000,1085.80000000,0.748
1749265627,0.68800000,9483.10000000,0.748
1749265627,0.68700000,776.70000000,0.748
1749265627,0.68600000,1840.80000000,0.748
1749265627,0.68500000,17729.60000000,0.748
1749265627,0.68400000,355.50000000,0.748
1749265627,0.68300000,683.60000000,0.748
1749265627,0.68200000,2264.30000000,0.748
1749265627,0.68100000,29566.00000000,0.748
1749265627,0.68000000,79111.30000000,0.748
1749265627,0.67900000,218.80000000,0.748
1749265627,0.67800000,980.50000000,0.748
1749265627,0.67700000,1543.70000000,0.748
1749265627,0.67600000,1464.30000000,0.748
1749265627,0.67500000,6890.50000000,0.748
1749265627,0.67400000,665.40000000,0.748
1749265627,0.67300000,404.00000000,0.748
1749265627,0.67200000,3149.00000000,0.748
1749265627,0.67100000,2295.20000000,0.748
1749265627,0.67000000,34374.10000000,0.748
1749265627,0.66900000,914.40000000,0.748
1749265627,0.66800000,3204.90000000,0.748
1749265627,0.66700000,1004.20000000,0.748
1749265627,0.66600000,2625.70000000,0.748
1749265627,0.66500000,6351.70000000,0.748
1749265627,0.66400000,111.00000000,0.748
1749265627,0.66300000,576.30000000,0.748
1749265627,0.66200000,748.90000000,0.748
1749265627,0.66100000,167.40000000,0.748
1749265627,0.66000000,59737.30000000,0.748
1749265627,0.65900000,876.00000000,0.748
1749265627,0.65800000,414.80000000,0.748
1749265627,0.65700000,1468.40000000,0.748
1749265627,0.65600000,906.60000000,0.748
1749265627,0.65500000,1409.10000000,0.748
1749265627,0.65400000,1808.90000000,0.748
1749265627,0.65300000,1099.80000000,0.748
1749265627,0.65200000,906.70000000,0.748
1749265627,0.65100000,734.40000000,0.748
1749265627,0.65000000,189416.90000000,0.748
1749265627,0.64900000,8217.10000000,0.748
1749265627,0.64800000,1250.60000000,0.748
1749265929,0.74900000,33452.40000000,0.75
1749265929,0.74800000,178418.70000000,0.75
1749265929,0.74700000,108206.40000000,0.75
1749265929,0.74600000,52189.70000000,0.75
1749265929,0.74500000,28790.50000000,0.75
1749265929,0.74400000,25608.20000000,0.75
1749265929,0.74300000,40566.00000000,0.75
1749265929,0.74200000,73610.90000000,0.75
1749265929,0.74100000,16357.10000000,0.75
1749265929,0.74000000,24860.70000000,0.75
1749265929,0.73900000,20018.00000000,0.75
1749265929,0.73800000,12949.30000000,0.75
1749265929,0.73700000,12155.90000000,0.75
1749265929,0.73600000,74038.60000000,0.75
1749265929,0.73500000,5653.90000000,0.75
1749265929,0.73400000,16333.00000000,0.75
1749265929,0.73300000,3910.20000000,0.75
1749265929,0.73200000,22437.70000000,0.75
1749265929,0.73100000,6994.30000000,0.75
1749265929,0.73000000,1909.40000000,0.75
1749265929,0.72900000,2435.40000000,0.75
1749265929,0.72800000,10404.30000000,0.75
1749265929,0.72700000,2577.30000000,0.75
1749265929,0.72600000,1894.70000000,0.75
1749265929,0.72500000,2032.40000000,0.75
1749265929,0.72400000,4559.50000000,0.75
1749265929,0.72300000,1895.80000000,0.75
1749265929,0.72200000,2626.80000000,0.75
1749265929,0.72100000,21569.60000000,0.75
1749265929,0.72000000,9022.10000000,0.75
1749265929,0.71900000,1634.70000000,0.75
1749265929,0.71800000,1460.60000000,0.75
1749265929,0.71700000,1348.20000000,0.75
1749265929,0.71600000,2061.80000000,0.75
1749265929,0.71500000,10466.80000000,0.75
1749265929,0.71400000,9336.40000000,0.75
1749265929,0.71300000,2244.20000000,0.75
1749265929,0.71200000,4664.50000000,0.75
1749265929,0.71100000,6002.90000000,0.75
1749265929,0.71000000,2518.50000000,0.75
1749265929,0.70900000,454.70000000,0.75
1749265929,0.70800000,21901.40000000,0.75
1749265929,0.70700000,645.40000000,0.75
1749265929,0.70600000,1152.90000000,0.75
1749265929,0.70500000,3898.20000000,0.75
1749265929,0.70400000,12362.90000000,0.75
1749265929,0.70300000,6998.70000000,0.75
1749265929,0.70200000,727.70000000,0.75
1749265929,0.70100000,3832.10000000,0.75
1749265929,0.70000000,76660.20000000,0.75
1749265929,0.69900000,23421.30000000,0.75
1749265929,0.69800000,1988.10000000,0.75
1749265929,0.69700000,374.80000000,0.75
1749265929,0.69600000,860.10000000,0.75
1749265929,0.69500000,9968.90000000,0.75
1749265929,0.69400000,798.00000000,0.75
1749265929,0.69300000,2249.00000000,0.75
1749265929,0.69200000,636.00000000,0.75
1749265929,0.69100000,6455.50000000,0.75
1749265929,0.69000000,18617.90000000,0.75
1749265929,0.68900000,1085.80000000,0.75
1749265929,0.68800000,9483.10000000,0.75
1749265929,0.68700000,776.70000000,0.75
1749265929,0.68600000,1840.80000000,0.75
1749265929,0.68500000,17729.60000000,0.75
1749265929,0.68400000,355.50000000,0.75
1749265929,0.68300000,683.60000000,0.75
1749265929,0.68200000,2264.30000000,0.75
1749265929,0.68100000,29566.00000000,0.75
1749265929,0.68000000,79111.30000000,0.75
1749265929,0.67900000,218.80000000,0.75
1749265929,0.67800000,937.90000000,0.75
1749265929,0.67700000,1543.70000000,0.75
1749265929,0.67600000,1464.30000000,0.75
1749265929,0.67500000,6890.50000000,0.75
1749265929,0.67400000,683.90000000,0.75
1749265929,0.67300000,390.10000000,0.75
1749265929,0.67200000,3280.20000000,0.75
1749265929,0.67100000,2295.20000000,0.75
1749265929,0.67000000,34374.10000000,0.75
1749265929,0.66900000,914.40000000,0.75
1749265929,0.66800000,3204.90000000,0.75
1749265929,0.66700000,840.20000000,0.75
1749265929,0.66600000,2625.70000000,0.75
1749265929,0.66500000,6351.70000000,0.75
1749265929,0.66400000,111.00000000,0.75
1749265929,0.66300000,576.30000000,0.75
1749265929,0.66200000,748.90000000,0.75
1749265929,0.66100000,167.40000000,0.75
1749265929,0.66000000,59737.30000000,0.75
1749265929,0.65900000,876.00000000,0.75
1749265929,0.65800000,414.80000000,0.75
1749265929,0.65700000,1468.40000000,0.75
1749265929,0.65600000,906.60000000,0.75
1749265929,0.65500000,1409.10000000,0.75
1749265929,0.65400000,1808.90000000,0.75
1749265929,0.65300000,1099.80000000,0.75
1749265929,0.65200000,906.70000000,0.75
1749265929,0.65100000,734.40000000,0.75
1749265929,0.65000000,189416.90000000,0.75
1749266231,0.75100000,46856.20000000,0.752
1749266231,0.75000000,157552.60000000,0.752
1749266231,0.74900000,84862.10000000,0.752
1749266231,0.74800000,41365.00000000,0.752
1749266231,0.74700000,26261.80000000,0.752
1749266231,0.74600000,35440.60000000,0.752
1749266231,0.74500000,48933.50000000,0.752
1749266231,0.74400000,54303.80000000,0.752
1749266231,0.74300000,26132.40000000,0.752
1749266231,0.74200000,19956.40000000,0.752
1749266231,0.74100000,15751.20000000,0.752
1749266231,0.74000000,22783.40000000,0.752
1749266231,0.73900000,6538.30000000,0.752
1749266231,0.73800000,34706.20000000,0.752
1749266231,0.73700000,8330.80000000,0.752
1749266231,0.73600000,4553.50000000,0.752
1749266231,0.73500000,4578.00000000,0.752
1749266231,0.73400000,9174.50000000,0.752
1749266231,0.73300000,9834.40000000,0.752
1749266231,0.73200000,15681.90000000,0.752
1749266231,0.73100000,2068.80000000,0.752
1749266231,0.73000000,1899.10000000,0.752
1749266231,0.72900000,2562.80000000,0.752
1749266231,0.72800000,4275.10000000,0.752
1749266231,0.72700000,2330.10000000,0.752
1749266231,0.72600000,1757.20000000,0.752
1749266231,0.72500000,1894.80000000,0.752
1749266231,0.72400000,2905.00000000,0.752
1749266231,0.72300000,7954.20000000,0.752
1749266231,0.72200000,2578.30000000,0.752
1749266231,0.72100000,15967.40000000,0.752
1749266231,0.72000000,8967.20000000,0.752
1749266231,0.71900000,1634.70000000,0.752
1749266231,0.71800000,1452.60000000,0.752
1749266231,0.71700000,1348.20000000,0.752
1749266231,0.71600000,2061.80000000,0.752
1749266231,0.71500000,10049.80000000,0.752
1749266231,0.71400000,9350.40000000,0.752
1749266231,0.71300000,534.20000000,0.752
1749266231,0.71200000,3404.00000000,0.752
1749266231,0.71100000,5982.20000000,0.752
1749266231,0.71000000,2394.30000000,0.752
1749266231,0.70900000,430.00000000,0.752
1749266231,0.70800000,21901.40000000,0.752
1749266231,0.70700000,645.40000000,0.752
1749266231,0.70600000,1152.90000000,0.752
1749266231,0.70500000,3898.20000000,0.752
1749266231,0.70400000,12362.90000000,0.752
1749266231,0.70300000,6998.70000000,0.752
1749266231,0.70200000,727.70000000,0.752
1749266231,0.70100000,3892.60000000,0.752
1749266231,0.70000000,76521.20000000,0.752
1749266231,0.69900000,23421.30000000,0.752
1749266231,0.69800000,1988.10000000,0.752
1749266231,0.69700000,374.80000000,0.752
1749266231,0.69600000,860.10000000,0.752
1749266231,0.69500000,9968.90000000,0.752
1749266231,0.69400000,798.00000000,0.752
1749266231,0.69300000,2249.00000000,0.752
1749266231,0.69200000,1251.20000000,0.752
1749266231,0.69100000,6445.10000000,0.752
1749266231,0.69000000,18039.20000000,0.752
1749266231,0.68900000,1085.80000000,0.752
1749266231,0.68800000,9483.10000000,0.752
1749266231,0.68700000,776.70000000,0.752
1749266231,0.68600000,1826.40000000,0.752
1749266231,0.68500000,17729.60000000,0.752
1749266231,0.68400000,355.50000000,0.752
1749266231,0.68300000,683.60000000,0.752
1749266231,0.68200000,2264.30000000,0.752
1749266231,0.68100000,29566.00000000,0.752
1749266231,0.68000000,79111.30000000,0.752
1749266231,0.67900000,218.80000000,0.752
1749266231,0.67800000,937.90000000,0.752
1749266231,0.67700000,1543.10000000,0.752
1749266231,0.67600000,1450.40000000,0.752
1749266231,0.67500000,6876.60000000,0.752
1749266231,0.67400000,716.30000000,0.752
1749266231,0.67300000,390.10000000,0.752
1749266231,0.67200000,3280.20000000,0.752
1749266231,0.67100000,2295.20000000,0.752
1749266231,0.67000000,34341.30000000,0.752
1749266231,0.66900000,914.40000000,0.752
1749266231,0.66800000,3204.90000000,0.752
1749266231,0.66700000,840.20000000,0.752
1749266231,0.66600000,2625.70000000,0.752
1749266231,0.66500000,6351.70000000,0.752
1749266231,0.66400000,111.00000000,0.752
1749266231,0.66300000,576.30000000,0.752
1749266231,0.66200000,748.90000000,0.752
1749266231,0.66100000,167.40000000,0.752
1749266231,0.66000000,59737.30000000,0.752
1749266231,0.65900000,876.00000000,0.752
1749266231,0.65800000,398.10000000,0.752
1749266231,0.65700000,1468.40000000,0.752
1749266231,0.65600000,906.60000000,0.752
1749266231,0.65500000,1409.10000000,0.752
1749266231,0.65400000,1808.90000000,0.752
1749266231,0.65300000,1099.80000000,0.752
1749266231,0.65200000,906.70000000,0.752
1749266532,0.75000000,6777.30000000,0.75
1749266532,0.74900000,148234.80000000,0.75
1749266532,0.74800000,166369.90000000,0.75
1749266532,0.74700000,60466.30000000,0.75
1749266532,0.74600000,40421.00000000,0.75
1749266532,0.74500000,31071.00000000,0.75
1749266532,0.74400000,56867.90000000,0.75
1749266532,0.74300000,33119.50000000,0.75
1749266532,0.74200000,40630.10000000,0.75
1749266532,0.74100000,14907.70000000,0.75
1749266532,0.74000000,18190.20000000,0.75
1749266532,0.73900000,6405.70000000,0.75
1749266532,0.73800000,22360.90000000,0.75
1749266532,0.73700000,7856.60000000,0.75
1749266532,0.73600000,57169.00000000,0.75
1749266532,0.73500000,3773.80000000,0.75
1749266532,0.73400000,9140.70000000,0.75
1749266532,0.73300000,7310.70000000,0.75
1749266532,0.73200000,15409.30000000,0.75
1749266532,0.73100000,9858.10000000,0.75
1749266532,0.73000000,1899.10000000,0.75
1749266532,0.72900000,2603.90000000,0.75
1749266532,0.72800000,2355.50000000,0.75
1749266532,0.72700000,2330.10000000,0.75
1749266532,0.72600000,1757.20000000,0.75
1749266532,0.72500000,3287.90000000,0.75
1749266532,0.72400000,2905.00000000,0.75
1749266532,0.72300000,2312.80000000,0.75
1749266532,0.72200000,2578.30000000,0.75
1749266532,0.72100000,2216.70000000,0.75
1749266532,0.72000000,8967.20000000,0.75
1749266532,0.71900000,1634.70000000,0.75
1749266532,0.71800000,1452.60000000,0.75
1749266532,0.71700000,1361.00000000,0.75
1749266532,0.71600000,2061.80000000,0.75
1749266532,0.71500000,10747.80000000,0.75
1749266532,0.71400000,9350.40000000,0.75
1749266532,0.71300000,534.20000000,0.75
1749266532,0.71200000,2703.00000000,0.75
1749266532,0.71100000,5982.20000000,0.75
1749266532,0.71000000,2406.50000000,0.75
1749266532,0.70900000,430.00000000,0.75
1749266532,0.70800000,21901.40000000,0.75
1749266532,0.70700000,645.40000000,0.75
1749266532,0.70600000,1152.90000000,0.75
1749266532,0.70500000,3898.20000000,0.75
1749266532,0.70400000,12362.90000000,0.75
1749266532,0.70300000,6998.70000000,0.75
1749266532,0.70200000,727.70000000,0.75
1749266532,0.70100000,4338.40000000,0.75
1749266532,0.70000000,116521.20000000,0.75
1749266532,0.69900000,23421.30000000,0.75
1749266532,0.69800000,1988.10000000,0.75
1749266532,0.69700000,374.80000000,0.75
1749266532,0.69600000,860.10000000,0.75
1749266532,0.69500000,9968.90000000,0.75
1749266532,0.69400000,798.00000000,0.75
1749266532,0.69300000,2825.20000000,0.75
1749266532,0.69200000,674.10000000,0.75
1749266532,0.69100000,6445.10000000,0.75
1749266532,0.69000000,18039.20000000,0.75
1749266532,0.68900000,1085.80000000,0.75
1749266532,0.68800000,9483.10000000,0.75
1749266532,0.68700000,776.70000000,0.75
1749266532,0.68600000,1826.40000000,0.75
1749266532,0.68500000,17715.00000000,0.75
1749266532,0.68400000,355.50000000,0.75
1749266532,0.68300000,683.60000000,0.75
1749266532,0.68200000,2264.30000000,0.75
1749266532,0.68100000,29566.00000000,0.75
1749266532,0.68000000,79052.50000000,0.75
1749266532,0.67900000,218.80000000,0.75
1749266532,0.67800000,937.90000000,0.75
1749266532,0.67700000,1557.90000000,0.75
1749266532,0.67600000,1528.60000000,0.75
1749266532,0.67500000,6973.80000000,0.75
1749266532,0.67400000,683.90000000,0.75
1749266532,0.67300000,390.10000000,0.75
1749266532,0.67200000,3149.00000000,0.75
1749266532,0.67100000,2295.20000000,0.75
1749266532,0.67000000,34341.30000000,0.75
1749266532,0.66900000,914.40000000,0.75
1749266532,0.66800000,3204.90000000,0.75
1749266532,0.66700000,840.20000000,0.75
1749266532,0.66600000,2625.70000000,0.75
1749266532,0.66500000,6351.70000000,0.75
1749266532,0.66400000,111.00000000,0.75
1749266532,0.66300000,576.30000000,0.75
1749266532,0.66200000,748.90000000,0.75
1749266532,0.66100000,167.40000000,0.75
1749266532,0.66000000,59737.30000000,0.75
1749266532,0.65900000,876.00000000,0.75
1749266532,0.65800000,398.10000000,0.75
1749266532,0.65700000,1468.40000000,0.75
1749266532,0.65600000,906.60000000,0.75
1749266532,0.65500000,1409.10000000,0.75
1749266532,0.65400000,1808.90000000,0.75
1749266532,0.65300000,1099.80000000,0.75
1749266532,0.65200000,906.70000000,0.75
1749266532,0.65100000,734.40000000,0.75
1749266834,0.75300000,33355.80000000,0.753
1749266834,0.75200000,249284.10000000,0.753
1749266834,0.75100000,171095.20000000,0.753
1749266834,0.75000000,50753.00000000,0.753
1749266834,0.74900000,21424.70000000,0.753
1749266834,0.74800000,31682.40000000,0.753
1749266834,0.74700000,43904.60000000,0.753
1749266834,0.74600000,63955.30000000,0.753
1749266834,0.74500000,20424.00000000,0.753
1749266834,0.74400000,25459.60000000,0.753
1749266834,0.74300000,26819.50000000,0.753
1749266834,0.74200000,10415.70000000,0.753
1749266834,0.74100000,9417.50000000,0.753
1749266834,0.74000000,43027.70000000,0.753
1749266834,0.73900000,31815.20000000,0.753
1749266834,0.73800000,4475.40000000,0.753
1749266834,0.73700000,4309.10000000,0.753
1749266834,0.73600000,7205.00000000,0.753
1749266834,0.73500000,2010.00000000,0.753
1749266834,0.73400000,9004.70000000,0.753
1749266834,0.73300000,9865.00000000,0.753
1749266834,0.73200000,15378.50000000,0.753
1749266834,0.73100000,1832.50000000,0.753
1749266834,0.73000000,1899.10000000,0.753
1749266834,0.72900000,2562.80000000,0.753
1749266834,0.72800000,2355.50000000,0.753
1749266834,0.72700000,1914.60000000,0.753
1749266834,0.72600000,1757.20000000,0.753
1749266834,0.72500000,3287.90000000,0.753
1749266834,0.72400000,3483.10000000,0.753
1749266834,0.72300000,2367.50000000,0.753
1749266834,0.72200000,2195.20000000,0.753
1749266834,0.72100000,2097.80000000,0.753
1749266834,0.72000000,48013.90000000,0.753
1749266834,0.71900000,1634.70000000,0.753
1749266834,0.71800000,1452.60000000,0.753
1749266834,0.71700000,1361.00000000,0.753
1749266834,0.71600000,2053.00000000,0.753
1749266834,0.71500000,11247.60000000,0.753
1749266834,0.71400000,7640.40000000,0.753
1749266834,0.71300000,523.70000000,0.753
1749266834,0.71200000,2734.70000000,0.753
1749266834,0.71100000,5982.20000000,0.753
1749266834,0.71000000,2364.20000000,0.753
1749266834,0.70900000,430.00000000,0.753
1749266834,0.70800000,21901.40000000,0.753
1749266834,0.70700000,645.40000000,0.753
1749266834,0.70600000,1152.90000000,0.753
1749266834,0.70500000,3898.20000000,0.753
1749266834,0.70400000,12362.90000000,0.753
1749266834,0.70300000,7010.20000000,0.753
1749266834,0.70200000,727.70000000,0.753
1749266834,0.70100000,4219.30000000,0.753
1749266834,0.70000000,116521.20000000,0.753
1749266834,0.69900000,23421.30000000,0.753
1749266834,0.69800000,1988.10000000,0.753
1749266834,0.69700000,374.80000000,0.753
1749266834,0.69600000,860.10000000,0.753
1749266834,0.69500000,9968.90000000,0.753
1749266834,0.69400000,798.00000000,0.753
1749266834,0.69300000,2249.00000000,0.753
1749266834,0.69200000,674.10000000,0.753
1749266834,0.69100000,6445.10000000,0.753
1749266834,0.69000000,18039.20000000,0.753
1749266834,0.68900000,1085.80000000,0.753
1749266834,0.68800000,9483.10000000,0.753
1749266834,0.68700000,776.70000000,0.753
1749266834,0.68600000,1826.40000000,0.753
1749266834,0.68500000,17715.00000000,0.753
1749266834,0.68400000,355.50000000,0.753
1749266834,0.68300000,683.60000000,0.753
1749266834,0.68200000,2264.30000000,0.753
1749266834,0.68100000,29566.00000000,0.753
1749266834,0.68000000,79052.50000000,0.753
1749266834,0.67900000,218.20000000,0.753
1749266834,0.67800000,924.00000000,0.753
1749266834,0.67700000,1577.00000000,0.753
1749266834,0.67600000,1547.60000000,0.753
1749266834,0.67500000,6941.40000000,0.753
1749266834,0.67400000,651.50000000,0.753
1749266834,0.67300000,390.10000000,0.753
1749266834,0.67200000,3149.00000000,0.753
1749266834,0.67100000,2295.20000000,0.753
1749266834,0.67000000,34341.30000000,0.753
1749266834,0.66900000,914.40000000,0.753
1749266834,0.66800000,3204.90000000,0.753
1749266834,0.66700000,840.20000000,0.753
1749266834,0.66600000,2625.70000000,0.753
1749266834,0.66500000,6351.70000000,0.753
1749266834,0.66400000,111.00000000,0.753
1749266834,0.66300000,576.30000000,0.753
1749266834,0.66200000,748.90000000,0.753
1749266834,0.66100000,167.40000000,0.753
1749266834,0.66000000,59737.30000000,0.753
1749266834,0.65900000,876.00000000,0.753
1749266834,0.65800000,398.10000000,0.753
1749266834,0.65700000,1468.40000000,0.753
1749266834,0.65600000,906.60000000,0.753
1749266834,0.65500000,1409.10000000,0.753
1749266834,0.65400000,1808.90000000,0.753
1749267135,0.74800000,49965.10000000,0.748
1749267135,0.74700000,158099.40000000,0.748
1749267135,0.74600000,95145.80000000,0.748
1749267135,0.74500000,45249.70000000,0.748
1749267135,0.74400000,28677.70000000,0.748
1749267135,0.74300000,47420.10000000,0.748
1749267135,0.74200000,70285.70000000,0.748
1749267135,0.74100000,29312.70000000,0.748
1749267135,0.74000000,26191.70000000,0.748
1749267135,0.73900000,3911.80000000,0.748
1749267135,0.73800000,13543.40000000,0.748
1749267135,0.73700000,11493.20000000,0.748
1749267135,0.73600000,2094.70000000,0.748
1749267135,0.73500000,55660.60000000,0.748
1749267135,0.73400000,11500.50000000,0.748
1749267135,0.73300000,5478.90000000,0.748
1749267135,0.73200000,15432.70000000,0.748
1749267135,0.73100000,15203.30000000,0.748
1749267135,0.73000000,1940.20000000,0.748
1749267135,0.72900000,2699.70000000,0.748
1749267135,0.72800000,2355.50000000,0.748
1749267135,0.72700000,1914.60000000,0.748
1749267135,0.72600000,1894.70000000,0.748
1749267135,0.72500000,3822.70000000,0.748
1749267135,0.72400000,2968.90000000,0.748
1749267135,0.72300000,2312.80000000,0.748
1749267135,0.72200000,2195.20000000,0.748
1749267135,0.72100000,2097.80000000,0.748
1749267135,0.72000000,48013.90000000,0.748
1749267135,0.71900000,1634.70000000,0.748
1749267135,0.71800000,1452.60000000,0.748
1749267135,0.71700000,1361.00000000,0.748
1749267135,0.71600000,2053.00000000,0.748
1749267135,0.71500000,10549.60000000,0.748
1749267135,0.71400000,10049.40000000,0.748
1749267135,0.71300000,2233.70000000,0.748
1749267135,0.71200000,2734.70000000,0.748
1749267135,0.71100000,5982.20000000,0.748
1749267135,0.71000000,2364.20000000,0.748
1749267135,0.70900000,430.00000000,0.748
1749267135,0.70800000,21901.40000000,0.748
1749267135,0.70700000,645.40000000,0.748
1749267135,0.70600000,1152.90000000,0.748
1749267135,0.70500000,3898.20000000,0.748
1749267135,0.70400000,12362.90000000,0.748
1749267135,0.70300000,7010.20000000,0.748
1749267135,0.70200000,727.70000000,0.748
1749267135,0.70100000,4452.20000000,0.748
1749267135,0.70000000,116521.20000000,0.748
1749267135,0.69900000,23421.30000000,0.748
1749267135,0.69800000,1988.10000000,0.748
1749267135,0.69700000,374.80000000,0.748
1749267135,0.69600000,860.10000000,0.748
1749267135,0.69500000,9968.90000000,0.748
1749267135,0.69400000,798.00000000,0.748
1749267135,0.69300000,2249.00000000,0.748
1749267135,0.69200000,674.10000000,0.748
1749267135,0.69100000,7023.00000000,0.748
1749267135,0.69000000,18039.20000000,0.748
1749267135,0.68900000,1085.80000000,0.748
1749267135,0.68800000,9483.10000000,0.748
1749267135,0.68700000,776.70000000,0.748
1749267135,0.68600000,1826.40000000,0.748
1749267135,0.68500000,17715.00000000,0.748
1749267135,0.68400000,355.50000000,0.748
1749267135,0.68300000,683.60000000,0.748
1749267135,0.68200000,2264.30000000,0.748
1749267135,0.68100000,29566.00000000,0.748
1749267135,0.68000000,79052.50000000,0.748
1749267135,0.67900000,218.20000000,0.748
1749267135,0.67800000,937.30000000,0.748
1749267135,0.67700000,1590.30000000,0.748
1749267135,0.67600000,1496.20000000,0.748
1749267135,0.67500000,6954.80000000,0.748
1749267135,0.67400000,729.70000000,0.748
1749267135,0.67300000,390.10000000,0.748
1749267135,0.67200000,3149.00000000,0.748
1749267135,0.67100000,2295.20000000,0.748
1749267135,0.67000000,34341.30000000,0.748
1749267135,0.66900000,914.40000000,0.748
1749267135,0.66800000,3204.90000000,0.748
1749267135,0.66700000,840.20000000,0.748
1749267135,0.66600000,2625.70000000,0.748
1749267135,0.66500000,6351.70000000,0.748
1749267135,0.66400000,111.00000000,0.748
1749267135,0.66300000,576.30000000,0.748
1749267135,0.66200000,748.90000000,0.748
1749267135,0.66100000,167.40000000,0.748
1749267135,0.66000000,59737.30000000,0.748
1749267135,0.65900000,876.00000000,0.748
1749267135,0.65800000,398.10000000,0.748
1749267135,0.65700000,1468.40000000,0.748
1749267135,0.65600000,906.60000000,0.748
1749267135,0.65500000,1409.10000000,0.748
1749267135,0.65400000,1808.90000000,0.748
1749267135,0.65300000,1099.80000000,0.748
1749267135,0.65200000,906.70000000,0.748
1749267135,0.65100000,734.40000000,0.748
1749267135,0.65000000,149416.90000000,0.748
1749267135,0.64900000,8228.40000000,0.748
1749267437,0.75300000,28255.30000000,0.753
1749267437,0.75200000,160238.00000000,0.753
1749267437,0.75100000,141016.50000000,0.753
1749267437,0.75000000,25023.30000000,0.753
1749267437,0.74900000,32814.70000000,0.753
1749267437,0.74800000,17504.60000000,0.753
1749267437,0.74700000,33580.70000000,0.753
1749267437,0.74600000,84752.90000000,0.753
1749267437,0.74500000,26100.60000000,0.753
1749267437,0.74400000,25689.80000000,0.753
1749267437,0.74300000,25769.50000000,0.753
1749267437,0.74200000,22274.40000000,0.753
1749267437,0.74100000,27986.90000000,0.753
1749267437,0.74000000,23563.10000000,0.753
1749267437,0.73900000,57907.20000000,0.753
1749267437,0.73800000,6769.30000000,0.753
1749267437,0.73700000,2308.20000000,0.753
1749267437,0.73600000,2230.30000000,0.753
1749267437,0.73500000,10704.10000000,0.753
1749267437,0.73400000,9025.20000000,0.753
1749267437,0.73300000,9864.70000000,0.753
1749267437,0.73200000,15378.50000000,0.753
1749267437,0.73100000,1969.00000000,0.753
1749267437,0.73000000,2315.80000000,0.753
1749267437,0.72900000,2562.80000000,0.753
1749267437,0.72800000,2777.70000000,0.753
1749267437,0.72700000,1914.60000000,0.753
1749267437,0.72600000,1757.20000000,0.753
1749267437,0.72500000,5162.70000000,0.753
1749267437,0.72400000,2968.90000000,0.753
1749267437,0.72300000,2367.50000000,0.753
1749267437,0.72200000,2195.20000000,0.753
1749267437,0.72100000,2720.00000000,0.753
1749267437,0.72000000,57313.90000000,0.753
1749267437,0.71900000,1634.70000000,0.753
1749267437,0.71800000,1452.60000000,0.753
1749267437,0.71700000,1361.00000000,0.753
1749267437,0.71600000,2053.00000000,0.753
1749267437,0.71500000,8839.60000000,0.753
1749267437,0.71400000,8339.40000000,0.753
1749267437,0.71300000,566.80000000,0.753
1749267437,0.71200000,2706.50000000,0.753
1749267437,0.71100000,6010.40000000,0.753
1749267437,0.71000000,2364.20000000,0.753
1749267437,0.70900000,430.00000000,0.753
1749267437,0.70800000,21901.40000000,0.753
1749267437,0.70700000,645.40000000,0.753
1749267437,0.70600000,1152.90000000,0.753
1749267437,0.70500000,3898.20000000,0.753
1749267437,0.70400000,12362.90000000,0.753
1749267437,0.70300000,7010.20000000,0.753
1749267437,0.70200000,727.70000000,0.753
1749267437,0.70100000,3733.00000000,0.753
1749267437,0.70000000,116521.20000000,0.753
1749267437,0.69900000,23421.30000000,0.753
1749267437,0.69800000,1988.10000000,0.753
1749267437,0.69700000,374.80000000,0.753
1749267437,0.69600000,860.10000000,0.753
1749267437,0.69500000,9968.90000000,0.753
1749267437,0.69400000,1373.40000000,0.753
1749267437,0.69300000,2249.00000000,0.753
1749267437,0.69200000,674.10000000,0.753
1749267437,0.69100000,6445.10000000,0.753
1749267437,0.69000000,18039.20000000,0.753
1749267437,0.68900000,1085.80000000,0.753
1749267437,0.68800000,9483.10000000,0.753
1749267437,0.68700000,776.70000000,0.753
1749267437,0.68600000,1826.40000000,0.753
1749267437,0.68500000,17715.00000000,0.753
1749267437,0.68400000,355.50000000,0.753
1749267437,0.68300000,683.60000000,0.753
1749267437,0.68200000,2264.30000000,0.753
1749267437,0.68100000,29566.00000000,0.753
1749267437,0.68000000,79052.50000000,0.753
1749267437,0.67900000,218.20000000,0.753
1749267437,0.67800000,924.00000000,0.753
1749267437,0.67700000,1577.00000000,0.753
1749267437,0.67600000,1450.40000000,0.753
1749267437,0.67500000,6973.80000000,0.753
1749267437,0.67400000,716.30000000,0.753
1749267437,0.67300000,390.10000000,0.753
1749267437,0.67200000,3149.00000000,0.753
1749267437,0.67100000,2295.20000000,0.753
1749267437,0.67000000,34341.30000000,0.753
1749267437,0.66900000,914.40000000,0.753
1749267437,0.66800000,3204.90000000,0.753
1749267437,0.66700000,840.20000000,0.753
1749267437,0.66600000,2625.70000000,0.753
1749267437,0.66500000,6351.70000000,0.753
1749267437,0.66400000,111.00000000,0.753
1749267437,0.66300000,576.30000000,0.753
1749267437,0.66200000,748.90000000,0.753
1749267437,0.66100000,167.40000000,0.753
1749267437,0.66000000,59737.30000000,0.753
1749267437,0.65900000,876.00000000,0.753
1749267437,0.65800000,398.10000000,0.753
1749267437,0.65700000,1468.40000000,0.753
1749267437,0.65600000,906.60000000,0.753
1749267437,0.65500000,1409.10000000,0.753
1749267437,0.65400000,1808.90000000,0.753
1749267738,0.75400000,31703.70000000,0.754
1749267738,0.75300000,223139.40000000,0.754
1749267738,0.75200000,206108.80000000,0.754
1749267738,0.75100000,50617.60000000,0.754
1749267738,0.75000000,34672.90000000,0.754
1749267738,0.74900000,29537.40000000,0.754
1749267738,0.74800000,50455.80000000,0.754
1749267738,0.74700000,51358.30000000,0.754
1749267738,0.74600000,37384.60000000,0.754
1749267738,0.74500000,13056.30000000,0.754
1749267738,0.74400000,19160.40000000,0.754
1749267738,0.74300000,33178.30000000,0.754
1749267738,0.74200000,19853.10000000,0.754
1749267738,0.74100000,7386.40000000,0.754
1749267738,0.74000000,68518.50000000,0.754
1749267738,0.73900000,5403.70000000,0.754
1749267738,0.73800000,5163.00000000,0.754
1749267738,0.73700000,7196.20000000,0.754
1749267738,0.73600000,1884.90000000,0.754
1749267738,0.73500000,9969.60000000,0.754
1749267738,0.73400000,9297.20000000,0.754
1749267738,0.73300000,2007.20000000,0.754
