timestamp,price,volume,current_price
1749258365,0.73600000,23208.80000000,0.736
1749258365,0.73500000,146337.10000000,0.736
1749258365,0.73400000,134836.40000000,0.736
1749258365,0.73300000,44814.50000000,0.736
1749258365,0.73200000,25335.00000000,0.736
1749258365,0.73100000,25410.20000000,0.736
1749258365,0.73000000,53419.60000000,0.736
1749258365,0.72900000,32091.40000000,0.736
1749258365,0.72800000,70619.10000000,0.736
1749258365,0.72700000,25620.30000000,0.736
1749258365,0.72600000,17377.80000000,0.736
1749258365,0.72500000,27753.20000000,0.736
1749258365,0.72400000,7861.30000000,0.736
1749258365,0.72300000,8682.40000000,0.736
1749258365,0.72200000,5458.40000000,0.736
1749258365,0.72100000,19628.00000000,0.736
1749258365,0.72000000,8153.70000000,0.736
1749258365,0.71900000,1797.90000000,0.736
1749258365,0.71800000,1436.00000000,0.736
1749258365,0.71700000,1358.70000000,0.736
1749258365,0.71600000,2202.90000000,0.736
1749258365,0.71500000,4941.00000000,0.736
1749258365,0.71400000,9346.60000000,0.736
1749258365,0.71300000,5697.90000000,0.736
1749258365,0.71200000,4050.80000000,0.736
1749258365,0.71100000,2013.40000000,0.736
1749258365,0.71000000,7970.50000000,0.736
1749258365,0.70900000,2393.80000000,0.736
1749258365,0.70800000,24328.00000000,0.736
1749258365,0.70700000,2534.60000000,0.736
1749258365,0.70600000,2883.80000000,0.736
1749258365,0.70500000,15672.20000000,0.736
1749258365,0.70400000,14073.70000000,0.736
1749258365,0.70300000,8719.10000000,0.736
1749258365,0.70200000,2448.10000000,0.736
1749258365,0.70100000,10252.50000000,0.736
1749258365,0.70000000,80611.90000000,0.736
1749258365,0.69900000,25580.10000000,0.736
1749258365,0.69800000,3720.90000000,0.736
1749258365,0.69700000,2117.10000000,0.736
1749258365,0.69600000,856.90000000,0.736
1749258365,0.69500000,9553.90000000,0.736
1749258365,0.69400000,766.80000000,0.736
1749258365,0.69300000,2249.00000000,0.736
1749258365,0.69200000,636.00000000,0.736
1749258365,0.69100000,6424.20000000,0.736
1749258365,0.69000000,19283.00000000,0.736
1749258365,0.68900000,1085.80000000,0.736
1749258365,0.68800000,9381.80000000,0.736
1749258365,0.68700000,776.70000000,0.736
1749258365,0.68600000,1991.10000000,0.736
1749258365,0.68500000,17693.20000000,0.736
1749258365,0.68400000,1152.90000000,0.736
1749258365,0.68300000,683.60000000,0.736
1749258365,0.68200000,2279.00000000,0.736
1749258365,0.68100000,29309.60000000,0.736
1749258365,0.68000000,78447.50000000,0.736
1749258365,0.67900000,218.80000000,0.736
1749258365,0.67800000,1045.00000000,0.736
1749258365,0.67700000,1900.70000000,0.736
1749258365,0.67600000,1464.30000000,0.736
1749258365,0.67500000,6890.50000000,0.736
1749258365,0.67400000,665.40000000,0.736
1749258365,0.67300000,359.50000000,0.736
1749258365,0.67200000,3162.90000000,0.736
1749258365,0.67100000,2309.10000000,0.736
1749258365,0.67000000,36026.00000000,0.736
1749258365,0.66900000,928.30000000,0.736
1749258365,0.66800000,3218.80000000,0.736
1749258365,0.66700000,854.10000000,0.736
1749258365,0.66600000,5027.60000000,0.736
1749258365,0.66500000,6365.60000000,0.736
1749258365,0.66400000,124.90000000,0.736
1749258365,0.66300000,590.20000000,0.736
1749258365,0.66200000,762.80000000,0.736
1749258365,0.66100000,200.60000000,0.736
1749258365,0.66000000,59737.30000000,0.736
1749258365,0.65900000,953.10000000,0.736
1749258365,0.65800000,497.70000000,0.736
1749258365,0.65700000,1468.40000000,0.736
1749258365,0.65600000,906.60000000,0.736
1749258365,0.65500000,1608.30000000,0.736
1749258365,0.65400000,1620.50000000,0.736
1749258365,0.65300000,1091.30000000,0.736
1749258365,0.65200000,906.70000000,0.736
1749258365,0.65100000,734.40000000,0.736
1749258365,0.65000000,193069.90000000,0.736
1749258365,0.64900000,8284.50000000,0.736
1749258365,0.64800000,1180.40000000,0.736
1749258365,0.64700000,540.90000000,0.736
1749258365,0.64600000,1418.40000000,0.736
1749258365,0.64500000,16585.80000000,0.736
1749258365,0.64400000,1493.60000000,0.736
1749258365,0.64300000,1646.80000000,0.736
1749258365,0.64200000,10129.10000000,0.736
1749258365,0.64100000,2434.70000000,0.736
1749258365,0.64000000,14184.90000000,0.736
1749258365,0.63900000,1645.90000000,0.736
1749258365,0.63800000,8382.70000000,0.736
1749258365,0.63700000,527.20000000,0.736
1749258676,0.73400000,21331.80000000,0.734
1749258676,0.73300000,167047.30000000,0.734
1749258676,0.73200000,118240.30000000,0.734
1749258676,0.73100000,34312.40000000,0.734
1749258676,0.73000000,34920.10000000,0.734
1749258676,0.72900000,46098.80000000,0.734
1749258676,0.72800000,60275.20000000,0.734
1749258676,0.72700000,28172.20000000,0.734
1749258676,0.72600000,44600.40000000,0.734
1749258676,0.72500000,11311.60000000,0.734
1749258676,0.72400000,6220.00000000,0.734
1749258676,0.72300000,9954.10000000,0.734
1749258676,0.72200000,7347.30000000,0.734
1749258676,0.72100000,32552.30000000,0.734
1749258676,0.72000000,5574.80000000,0.734
1749258676,0.71900000,14724.60000000,0.734
1749258676,0.71800000,1483.60000000,0.734
1749258676,0.71700000,20776.40000000,0.734
1749258676,0.71600000,2323.20000000,0.734
1749258676,0.71500000,6496.30000000,0.734
1749258676,0.71400000,9184.10000000,0.734
1749258676,0.71300000,2244.20000000,0.734
1749258676,0.71200000,4050.80000000,0.734
1749258676,0.71100000,2153.80000000,0.734
1749258676,0.71000000,7970.50000000,0.734
1749258676,0.70900000,2393.80000000,0.734
1749258676,0.70800000,24328.00000000,0.734
1749258676,0.70700000,2534.60000000,0.734
1749258676,0.70600000,2883.80000000,0.734
1749258676,0.70500000,15672.20000000,0.734
1749258676,0.70400000,14081.60000000,0.734
1749258676,0.70300000,8719.10000000,0.734
1749258676,0.70200000,2448.10000000,0.734
1749258676,0.70100000,10554.20000000,0.734
1749258676,0.70000000,80611.90000000,0.734
1749258676,0.69900000,25623.00000000,0.734
1749258676,0.69800000,3720.90000000,0.734
1749258676,0.69700000,378.30000000,0.734
1749258676,0.69600000,860.80000000,0.734
1749258676,0.69500000,9553.90000000,0.734
1749258676,0.69400000,766.80000000,0.734
1749258676,0.69300000,2279.80000000,0.734
1749258676,0.69200000,636.00000000,0.734
1749258676,0.69100000,6424.20000000,0.734
1749258676,0.69000000,19344.60000000,0.734
1749258676,0.68900000,1085.80000000,0.734
1749258676,0.68800000,9381.80000000,0.734
1749258676,0.68700000,776.70000000,0.734
1749258676,0.68600000,1991.10000000,0.734
1749258676,0.68500000,17693.20000000,0.734
1749258676,0.68400000,1152.90000000,0.734
1749258676,0.68300000,683.60000000,0.734
1749258676,0.68200000,2264.30000000,0.734
1749258676,0.68100000,29294.90000000,0.734
1749258676,0.68000000,78447.50000000,0.734
1749258676,0.67900000,218.80000000,0.734
1749258676,0.67800000,1045.00000000,0.734
1749258676,0.67700000,1900.70000000,0.734
1749258676,0.67600000,1464.30000000,0.734
1749258676,0.67500000,6890.50000000,0.734
1749258676,0.67400000,665.40000000,0.734
1749258676,0.67300000,359.50000000,0.734
1749258676,0.67200000,3162.90000000,0.734
1749258676,0.67100000,2309.10000000,0.734
1749258676,0.67000000,36026.00000000,0.734
1749258676,0.66900000,928.30000000,0.734
1749258676,0.66800000,3218.80000000,0.734
1749258676,0.66700000,854.10000000,0.734
1749258676,0.66600000,5027.60000000,0.734
1749258676,0.66500000,6365.60000000,0.734
1749258676,0.66400000,124.90000000,0.734
1749258676,0.66300000,590.20000000,0.734
1749258676,0.66200000,762.50000000,0.734
1749258676,0.66100000,347.00000000,0.734
1749258676,0.66000000,59784.20000000,0.734
1749258676,0.65900000,876.00000000,0.734
1749258676,0.65800000,414.80000000,0.734
1749258676,0.65700000,1468.40000000,0.734
1749258676,0.65600000,906.60000000,0.734
1749258676,0.65500000,1597.20000000,0.734
1749258676,0.65400000,1620.50000000,0.734
1749258676,0.65300000,1099.80000000,0.734
1749258676,0.65200000,906.70000000,0.734
1749258676,0.65100000,734.40000000,0.734
1749258676,0.65000000,193033.20000000,0.734
1749258676,0.64900000,8284.50000000,0.734
1749258676,0.64800000,1180.40000000,0.734
1749258676,0.64700000,514.10000000,0.734
1749258676,0.64600000,1418.40000000,0.734
1749258676,0.64500000,16585.80000000,0.734
1749258676,0.64400000,1493.60000000,0.734
1749258676,0.64300000,1646.80000000,0.734
1749258676,0.64200000,10129.10000000,0.734
1749258676,0.64100000,2434.70000000,0.734
1749258676,0.64000000,14184.90000000,0.734
1749258676,0.63900000,1645.90000000,0.734
1749258676,0.63800000,8382.70000000,0.734
1749258676,0.63700000,527.20000000,0.734
1749258676,0.63600000,7920.00000000,0.734
1749258676,0.63500000,19876.20000000,0.734
1749258982,0.73400000,24446.40000000,0.734
1749258982,0.73300000,161763.10000000,0.734
1749258982,0.73200000,138337.30000000,0.734
1749258982,0.73100000,49986.90000000,0.734
1749258982,0.73000000,44007.40000000,0.734
1749258982,0.72900000,38494.30000000,0.734
1749258982,0.72800000,60608.40000000,0.734
1749258982,0.72700000,14432.70000000,0.734
1749258982,0.72600000,42661.70000000,0.734
1749258982,0.72500000,5718.70000000,0.734
1749258982,0.72400000,6220.00000000,0.734
1749258982,0.72300000,9678.10000000,0.734
1749258982,0.72200000,7637.60000000,0.734
1749258982,0.72100000,31883.60000000,0.734
1749258982,0.72000000,20764.60000000,0.734
1749258982,0.71900000,13377.00000000,0.734
1749258982,0.71800000,1331.00000000,0.734
1749258982,0.71700000,6808.20000000,0.734
1749258982,0.71600000,2218.10000000,0.734
1749258982,0.71500000,6259.00000000,0.734
1749258982,0.71400000,9086.70000000,0.734
1749258982,0.71300000,2244.20000000,0.734
1749258982,0.71200000,3910.60000000,0.734
1749258982,0.71100000,2013.40000000,0.734
1749258982,0.71000000,7970.50000000,0.734
1749258982,0.70900000,2393.80000000,0.734
1749258982,0.70800000,24328.00000000,0.734
1749258982,0.70700000,2534.60000000,0.734
1749258982,0.70600000,2883.80000000,0.734
1749258982,0.70500000,15672.20000000,0.734
1749258982,0.70400000,14081.60000000,0.734
1749258982,0.70300000,8719.10000000,0.734
1749258982,0.70200000,2448.10000000,0.734
1749258982,0.70100000,10134.20000000,0.734
1749258982,0.70000000,80611.90000000,0.734
1749258982,0.69900000,25608.70000000,0.734
1749258982,0.69800000,3764.10000000,0.734
1749258982,0.69700000,349.50000000,0.734
1749258982,0.69600000,860.80000000,0.734
1749258982,0.69500000,9553.90000000,0.734
1749258982,0.69400000,766.80000000,0.734
1749258982,0.69300000,2279.80000000,0.734
1749258982,0.69200000,636.00000000,0.734
1749258982,0.69100000,6424.20000000,0.734
1749258982,0.69000000,19344.60000000,0.734
1749258982,0.68900000,1085.80000000,0.734
1749258982,0.68800000,9381.80000000,0.734
1749258982,0.68700000,776.70000000,0.734
1749258982,0.68600000,1991.10000000,0.734
1749258982,0.68500000,17693.20000000,0.734
1749258982,0.68400000,1138.20000000,0.734
1749258982,0.68300000,683.60000000,0.734
1749258982,0.68200000,2279.00000000,0.734
1749258982,0.68100000,29294.90000000,0.734
1749258982,0.68000000,78447.50000000,0.734
1749258982,0.67900000,218.80000000,0.734
1749258982,0.67800000,1045.00000000,0.734
1749258982,0.67700000,1900.70000000,0.734
1749258982,0.67600000,1464.30000000,0.734
1749258982,0.67500000,6890.50000000,0.734
1749258982,0.67400000,665.40000000,0.734
1749258982,0.67300000,359.50000000,0.734
1749258982,0.67200000,3162.90000000,0.734
1749258982,0.67100000,2309.10000000,0.734
1749258982,0.67000000,36026.00000000,0.734
1749258982,0.66900000,928.30000000,0.734
1749258982,0.66800000,3218.80000000,0.734
1749258982,0.66700000,854.10000000,0.734
1749258982,0.66600000,5027.60000000,0.734
1749258982,0.66500000,6365.60000000,0.734
1749258982,0.66400000,124.90000000,0.734
1749258982,0.66300000,590.20000000,0.734
1749258982,0.66200000,762.50000000,0.734
1749258982,0.66100000,347.00000000,0.734
1749258982,0.66000000,59784.20000000,0.734
1749258982,0.65900000,876.00000000,0.734
1749258982,0.65800000,414.80000000,0.734
1749258982,0.65700000,1468.40000000,0.734
1749258982,0.65600000,906.60000000,0.734
1749258982,0.65500000,1597.20000000,0.734
1749258982,0.65400000,1620.50000000,0.734
1749258982,0.65300000,1099.80000000,0.734
1749258982,0.65200000,906.70000000,0.734
1749258982,0.65100000,734.40000000,0.734
1749258982,0.65000000,193033.20000000,0.734
1749258982,0.64900000,8284.50000000,0.734
1749258982,0.64800000,1180.40000000,0.734
1749258982,0.64700000,514.10000000,0.734
1749258982,0.64600000,1418.40000000,0.734
1749258982,0.64500000,16585.80000000,0.734
1749258982,0.64400000,1493.60000000,0.734
1749258982,0.64300000,1646.80000000,0.734
1749258982,0.64200000,10129.10000000,0.734
1749258982,0.64100000,2434.70000000,0.734
1749258982,0.64000000,14184.90000000,0.734
1749258982,0.63900000,1645.90000000,0.734
1749258982,0.63800000,8382.70000000,0.734
1749258982,0.63700000,527.20000000,0.734
1749258982,0.63600000,7920.00000000,0.734
1749258982,0.63500000,19876.20000000,0.734
