timestamp,price,volume,current_price
1749260691,2.43600000,3152.92000000,2.437
1749260691,2.43500000,11022.65000000,2.437
1749260691,2.43400000,11831.96000000,2.437
1749260691,2.43300000,11766.30000000,2.437
1749260691,2.43200000,18756.97000000,2.437
1749260691,2.43100000,17422.16000000,2.437
1749260691,2.43000000,12146.40000000,2.437
1749260691,2.42900000,2037.37000000,2.437
1749260691,2.42800000,7268.01000000,2.437
1749260691,2.42700000,5542.31000000,2.437
1749260691,2.42600000,5319.37000000,2.437
1749260691,2.42500000,1418.79000000,2.437
1749260691,2.42400000,8655.30000000,2.437
1749260691,2.42300000,28454.56000000,2.437
1749260691,2.42200000,1544.88000000,2.437
1749260691,2.42100000,1142.12000000,2.437
1749260691,2.42000000,19973.45000000,2.437
1749260691,2.41900000,1147.37000000,2.437
1749260691,2.41800000,2824.43000000,2.437
1749260691,2.41700000,1139.33000000,2.437
1749260691,2.41600000,1156.27000000,2.437
1749260691,2.41500000,1159.00000000,2.437
1749260691,2.41400000,5266.72000000,2.437
1749260691,2.41300000,17089.59000000,2.437
1749260691,2.41200000,14956.09000000,2.437
1749260691,2.41100000,2940.24000000,2.437
1749260691,2.41000000,488.31000000,2.437
1749260691,2.40900000,448.27000000,2.437
1749260691,2.40800000,461.82000000,2.437
1749260691,2.40700000,501.73000000,2.437
1749260691,2.40600000,627.21000000,2.437
1749260691,2.40500000,26.25000000,2.437
1749260691,2.40400000,2823.81000000,2.437
1749260691,2.40300000,1210.79000000,2.437
1749260691,2.40200000,2411.28000000,2.437
1749260691,2.40100000,9247.65000000,2.437
1749260691,2.40000000,9849.72000000,2.437
1749260691,2.39900000,1538.37000000,2.437
1749260691,2.39800000,609.05000000,2.437
1749260691,2.39700000,447.67000000,2.437
1749260691,2.39600000,15.42000000,2.437
1749260691,2.39500000,58.99000000,2.437
1749260691,2.39400000,1284.64000000,2.437
1749260691,2.39300000,1355.66000000,2.437
1749260691,2.39200000,8.95000000,2.437
1749260691,2.39100000,17.35000000,2.437
1749260691,2.39000000,1138.16000000,2.437
1749260691,2.38900000,7.21000000,2.437
1749260691,2.38800000,176.29000000,2.437
1749260691,2.38700000,716.56000000,2.437
1749260691,2.38600000,343.04000000,2.437
1749260691,2.38500000,483.45000000,2.437
1749260691,2.38400000,12.88000000,2.437
1749260691,2.38300000,216.45000000,2.437
1749260691,2.38200000,3677.15000000,2.437
1749260691,2.38100000,12.70000000,2.437
1749260691,2.38000000,3537.40000000,2.437
1749260691,2.37900000,105.41000000,2.437
1749260691,2.37800000,9.07000000,2.437
1749260691,2.37700000,11.38000000,2.437
1749260691,2.37600000,9.13000000,2.437
1749260691,2.37500000,111.29000000,2.437
1749260691,2.37400000,9.08000000,2.437
1749260691,2.37300000,7.49000000,2.437
1749260691,2.37200000,320.57000000,2.437
1749260691,2.37100000,4150.57000000,2.437
1749260691,2.37000000,9112.83000000,2.437
1749260691,2.36900000,4.09000000,2.437
1749260691,2.36800000,166.71000000,2.437
1749260691,2.36700000,12.94000000,2.437
1749260691,2.36600000,91.21000000,2.437
1749260691,2.36500000,20.00000000,2.437
1749260691,2.36400000,3731.20000000,2.437
1749260691,2.36300000,7.63000000,2.437
1749260691,2.36200000,13.60000000,2.437
1749260691,2.36100000,57.01000000,2.437
1749260691,2.36000000,497.47000000,2.437
1749260691,2.35900000,185.01000000,2.437
1749260691,2.35800000,125.27000000,2.437
1749260691,2.35700000,9.96000000,2.437
1749260691,2.35600000,11.22000000,2.437
1749260691,2.35500000,47.33000000,2.437
1749260691,2.35400000,101.00000000,2.437
1749260691,2.35200000,12.62000000,2.437
1749260691,2.35100000,1523.40000000,2.437
1749260691,2.35000000,4967.32000000,2.437
1749260691,2.34900000,25.41000000,2.437
1749260691,2.34800000,52.43000000,2.437
1749260691,2.34700000,9.13000000,2.437
1749260691,2.34600000,144.28000000,2.437
1749260691,2.34500000,1787.01000000,2.437
1749260691,2.34400000,4.43000000,2.437
1749260691,2.34300000,4.48000000,2.437
1749260691,2.34200000,26.82000000,2.437
1749260691,2.34100000,13.31000000,2.437
1749260691,2.34000000,3074.80000000,2.437
1749260691,2.33900000,552.90000000,2.437
1749260691,2.33800000,8.92000000,2.437
1749260691,2.33700000,9.04000000,2.437
1749260691,2.33600000,416.62000000,2.437
1749261010,2.43600000,1361.18000000,2.436
1749261010,2.43500000,9049.80000000,2.436
1749261010,2.43400000,14996.23000000,2.436
1749261010,2.43300000,23879.29000000,2.436
1749261010,2.43200000,15953.03000000,2.436
1749261010,2.43100000,11156.61000000,2.436
1749261010,2.43000000,8895.36000000,2.436
1749261010,2.42900000,2201.39000000,2.436
1749261010,2.42800000,13400.48000000,2.436
1749261010,2.42700000,17292.72000000,2.436
1749261010,2.42600000,1765.16000000,2.436
1749261010,2.42500000,15905.81000000,2.436
1749261010,2.42400000,1246.92000000,2.436
1749261010,2.42300000,1497.90000000,2.436
1749261010,2.42200000,19663.07000000,2.436
1749261010,2.42100000,1126.68000000,2.436
1749261010,2.42000000,3183.89000000,2.436
1749261010,2.41900000,1147.37000000,2.436
1749261010,2.41800000,1134.09000000,2.436
1749261010,2.41700000,1139.33000000,2.436
1749261010,2.41600000,1761.30000000,2.436
1749261010,2.41500000,15950.37000000,2.436
1749261010,2.41400000,5266.72000000,2.436
1749261010,2.41300000,17419.59000000,2.436
1749261010,2.41200000,528.24000000,2.436
1749261010,2.41100000,4271.43000000,2.436
1749261010,2.41000000,488.31000000,2.436
1749261010,2.40900000,448.27000000,2.436
1749261010,2.40800000,461.82000000,2.436
1749261010,2.40700000,448.28000000,2.436
1749261010,2.40600000,668.70000000,2.436
1749261010,2.40500000,799.30000000,2.436
1749261010,2.40400000,1447.22000000,2.436
1749261010,2.40300000,5314.20000000,2.436
1749261010,2.40200000,15760.96000000,2.436
1749261010,2.40100000,1814.47000000,2.436
1749261010,2.40000000,962.75000000,2.436
1749261010,2.39900000,2834.61000000,2.436
1749261010,2.39800000,168.05000000,2.436
1749261010,2.39700000,6.67000000,2.436
1749261010,2.39600000,15.42000000,2.436
1749261010,2.39500000,58.99000000,2.436
1749261010,2.39400000,99.28000000,2.436
1749261010,2.39300000,14.45000000,2.436
1749261010,2.39200000,1348.42000000,2.436
1749261010,2.39100000,17.35000000,2.436
1749261010,2.39000000,1138.16000000,2.436
1749261010,2.38900000,48.99000000,2.436
1749261010,2.38800000,343.50000000,2.436
1749261010,2.38700000,674.74000000,2.436
1749261010,2.38600000,343.04000000,2.436
1749261010,2.38500000,483.45000000,2.436
1749261010,2.38400000,3616.33000000,2.436
1749261010,2.38300000,216.45000000,2.436
1749261010,2.38200000,83.83000000,2.436
1749261010,2.38100000,12.70000000,2.436
1749261010,2.38000000,3537.40000000,2.436
1749261010,2.37900000,105.41000000,2.436
1749261010,2.37800000,9.07000000,2.436
1749261010,2.37700000,11.38000000,2.436
1749261010,2.37600000,9.13000000,2.436
1749261010,2.37500000,111.29000000,2.436
1749261010,2.37400000,9.08000000,2.436
1749261010,2.37300000,7.49000000,2.436
1749261010,2.37200000,320.57000000,2.436
1749261010,2.37100000,4150.57000000,2.436
1749261010,2.37000000,9112.83000000,2.436
1749261010,2.36900000,4.09000000,2.436
1749261010,2.36800000,166.71000000,2.436
1749261010,2.36700000,12.94000000,2.436
1749261010,2.36600000,3736.62000000,2.436
1749261010,2.36500000,20.00000000,2.436
1749261010,2.36400000,11.28000000,2.436
1749261010,2.36300000,7.63000000,2.436
1749261010,2.36200000,13.60000000,2.436
1749261010,2.36100000,57.01000000,2.436
1749261010,2.36000000,497.47000000,2.436
1749261010,2.35900000,185.01000000,2.436
1749261010,2.35800000,125.27000000,2.436
1749261010,2.35700000,9.96000000,2.436
1749261010,2.35600000,11.22000000,2.436
1749261010,2.35500000,47.33000000,2.436
1749261010,2.35400000,101.00000000,2.436
1749261010,2.35200000,12.62000000,2.436
1749261010,2.35100000,1523.40000000,2.436
1749261010,2.35000000,4967.32000000,2.436
1749261010,2.34900000,25.41000000,2.436
1749261010,2.34800000,1833.53000000,2.436
1749261010,2.34700000,9.13000000,2.436
1749261010,2.34600000,144.28000000,2.436
1749261010,2.34500000,21.82000000,2.436
1749261010,2.34400000,4.43000000,2.436
1749261010,2.34300000,4.48000000,2.436
1749261010,2.34200000,26.82000000,2.436
1749261010,2.34100000,13.31000000,2.436
1749261010,2.34000000,3074.80000000,2.436
1749261010,2.33900000,552.90000000,2.436
1749261010,2.33800000,8.92000000,2.436
1749261010,2.33700000,9.04000000,2.436
1749261010,2.33600000,416.62000000,2.436
1749261316,2.43700000,1855.55000000,2.438
1749261316,2.43600000,9285.67000000,2.438
1749261316,2.43500000,18369.16000000,2.438
1749261316,2.43400000,16155.53000000,2.438
1749261316,2.43300000,14448.59000000,2.438
1749261316,2.43200000,17715.53000000,2.438
1749261316,2.43100000,6661.80000000,2.438
1749261316,2.43000000,6313.84000000,2.438
1749261316,2.42900000,4831.75000000,2.438
1749261316,2.42800000,10079.01000000,2.438
1749261316,2.42700000,17204.53000000,2.438
1749261316,2.42600000,1765.16000000,2.438
1749261316,2.42500000,15815.04000000,2.438
1749261316,2.42400000,2979.36000000,2.438
1749261316,2.42300000,1497.90000000,2.438
1749261316,2.42200000,19663.07000000,2.438
1749261316,2.42100000,2624.71000000,2.438
1749261316,2.42000000,1685.25000000,2.438
1749261316,2.41900000,1147.37000000,2.438
1749261316,2.41800000,1134.09000000,2.438
1749261316,2.41700000,1139.33000000,2.438
1749261316,2.41600000,1434.52000000,2.438
1749261316,2.41500000,36546.76000000,2.438
1749261316,2.41400000,1503.39000000,2.438
1749261316,2.41300000,1089.59000000,2.438
1749261316,2.41200000,528.24000000,2.438
1749261316,2.41100000,4271.43000000,2.438
1749261316,2.41000000,488.31000000,2.438
1749261316,2.40900000,448.27000000,2.438
1749261316,2.40800000,461.82000000,2.438
1749261316,2.40700000,448.28000000,2.438
1749261316,2.40600000,627.21000000,2.438
1749261316,2.40500000,799.30000000,2.438
1749261316,2.40400000,4568.26000000,2.438
1749261316,2.40300000,6166.13000000,2.438
1749261316,2.40200000,11647.43000000,2.438
1749261316,2.40100000,1772.90000000,2.438
1749261316,2.40000000,1627.51000000,2.438
1749261316,2.39900000,1352.41000000,2.438
1749261316,2.39800000,1383.37000000,2.438
1749261316,2.39700000,6.67000000,2.438
1749261316,2.39600000,15.42000000,2.438
1749261316,2.39500000,852.30000000,2.438
1749261316,2.39400000,99.28000000,2.438
1749261316,2.39300000,14.45000000,2.438
1749261316,2.39200000,1348.42000000,2.438
1749261316,2.39100000,17.35000000,2.438
1749261316,2.39000000,1138.16000000,2.438
1749261316,2.38900000,7.21000000,2.438
1749261316,2.38800000,343.50000000,2.438
1749261316,2.38700000,11.58000000,2.438
1749261316,2.38600000,809.33000000,2.438
1749261316,2.38500000,483.45000000,2.438
1749261316,2.38400000,3616.33000000,2.438
1749261316,2.38300000,216.45000000,2.438
1749261316,2.38200000,83.83000000,2.438
1749261316,2.38100000,12.70000000,2.438
1749261316,2.38000000,3537.40000000,2.438
1749261316,2.37900000,105.41000000,2.438
1749261316,2.37800000,9.07000000,2.438
1749261316,2.37700000,11.38000000,2.438
1749261316,2.37600000,9.13000000,2.438
1749261316,2.37500000,111.29000000,2.438
1749261316,2.37400000,9.08000000,2.438
1749261316,2.37300000,7.49000000,2.438
1749261316,2.37200000,320.57000000,2.438
1749261316,2.37100000,4150.57000000,2.438
1749261316,2.37000000,9112.83000000,2.438
1749261316,2.36900000,4.09000000,2.438
1749261316,2.36800000,166.71000000,2.438
1749261316,2.36700000,12.94000000,2.438
1749261316,2.36600000,3736.62000000,2.438
1749261316,2.36500000,20.00000000,2.438
1749261316,2.36400000,11.28000000,2.438
1749261316,2.36300000,7.63000000,2.438
1749261316,2.36200000,13.60000000,2.438
1749261316,2.36100000,52.90000000,2.438
1749261316,2.36000000,497.47000000,2.438
1749261316,2.35900000,185.01000000,2.438
1749261316,2.35800000,125.27000000,2.438
1749261316,2.35700000,9.96000000,2.438
1749261316,2.35600000,11.22000000,2.438
1749261316,2.35500000,47.33000000,2.438
1749261316,2.35400000,101.00000000,2.438
1749261316,2.35200000,12.62000000,2.438
1749261316,2.35100000,1523.40000000,2.438
1749261316,2.35000000,4158.81000000,2.438
1749261316,2.34900000,25.41000000,2.438
1749261316,2.34800000,1833.53000000,2.438
1749261316,2.34700000,9.13000000,2.438
1749261316,2.34600000,18.18000000,2.438
1749261316,2.34500000,21.82000000,2.438
1749261316,2.34400000,4.43000000,2.438
1749261316,2.34300000,4.48000000,2.438
1749261316,2.34200000,26.82000000,2.438
1749261316,2.34100000,13.31000000,2.438
1749261316,2.34000000,3074.80000000,2.438
1749261316,2.33900000,552.90000000,2.438
1749261316,2.33800000,8.92000000,2.438
1749261316,2.33700000,485.23000000,2.438
1749261618,2.43800000,2434.87000000,2.439
1749261618,2.43700000,9693.78000000,2.439
1749261618,2.43600000,17767.18000000,2.439
1749261618,2.43500000,21359.84000000,2.439
1749261618,2.43400000,15639.89000000,2.439
1749261618,2.43300000,12728.12000000,2.439
1749261618,2.43200000,9999.48000000,2.439
1749261618,2.43100000,1603.42000000,2.439
1749261618,2.43000000,8323.25000000,2.439
1749261618,2.42900000,1416.85000000,2.439
1749261618,2.42800000,24564.27000000,2.439
1749261618,2.42700000,13675.48000000,2.439
1749261618,2.42600000,1764.98000000,2.439
1749261618,2.42500000,1139.50000000,2.439
1749261618,2.42400000,2352.44000000,2.439
1749261618,2.42300000,1481.81000000,2.439
1749261618,2.42200000,19620.89000000,2.439
1749261618,2.42100000,2582.53000000,2.439
1749261618,2.42000000,1643.05000000,2.439
1749261618,2.41900000,1105.42000000,2.439
1749261618,2.41800000,1148.73000000,2.439
1749261618,2.41700000,5190.65000000,2.439
1749261618,2.41600000,1434.52000000,2.439
1749261618,2.41500000,32783.43000000,2.439
1749261618,2.41400000,1173.39000000,2.439
1749261618,2.41300000,1089.59000000,2.439
1749261618,2.41200000,528.24000000,2.439
1749261618,2.41100000,4214.68000000,2.439
1749261618,2.41000000,488.31000000,2.439
1749261618,2.40900000,448.27000000,2.439
1749261618,2.40800000,461.82000000,2.439
1749261618,2.40700000,1812.81000000,2.439
1749261618,2.40600000,627.21000000,2.439
1749261618,2.40500000,467.25000000,2.439
1749261618,2.40400000,454.73000000,2.439
1749261618,2.40300000,9427.73000000,2.439
1749261618,2.40200000,13501.81000000,2.439
1749261618,2.40100000,1331.90000000,2.439
1749261618,2.40000000,2628.09000000,2.439
1749261618,2.39900000,1352.41000000,2.439
1749261618,2.39800000,168.05000000,2.439
1749261618,2.39700000,6.67000000,2.439
1749261618,2.39600000,15.42000000,2.439
1749261618,2.39500000,852.30000000,2.439
1749261618,2.39400000,99.28000000,2.439
1749261618,2.39300000,14.45000000,2.439
1749261618,2.39200000,1348.42000000,2.439
1749261618,2.39100000,17.35000000,2.439
1749261618,2.39000000,1620.28000000,2.439
1749261618,2.38900000,7.21000000,2.439
1749261618,2.38800000,176.29000000,2.439
1749261618,2.38700000,11.58000000,2.439
1749261618,2.38600000,104.06000000,2.439
1749261618,2.38500000,483.45000000,2.439
1749261618,2.38400000,3616.33000000,2.439
1749261618,2.38300000,216.45000000,2.439
1749261618,2.38200000,83.83000000,2.439
1749261618,2.38100000,12.70000000,2.439
1749261618,2.38000000,3537.40000000,2.439
1749261618,2.37900000,105.41000000,2.439
1749261618,2.37800000,9.07000000,2.439
1749261618,2.37700000,11.38000000,2.439
1749261618,2.37600000,9.13000000,2.439
1749261618,2.37500000,111.29000000,2.439
1749261618,2.37400000,9.08000000,2.439
1749261618,2.37300000,7.49000000,2.439
1749261618,2.37200000,320.57000000,2.439
1749261618,2.37100000,4150.57000000,2.439
1749261618,2.37000000,9112.83000000,2.439
1749261618,2.36900000,4.09000000,2.439
1749261618,2.36800000,166.71000000,2.439
1749261618,2.36700000,12.94000000,2.439
1749261618,2.36600000,3736.62000000,2.439
1749261618,2.36500000,20.00000000,2.439
1749261618,2.36400000,11.28000000,2.439
1749261618,2.36300000,7.63000000,2.439
1749261618,2.36200000,9.50000000,2.439
1749261618,2.36100000,52.90000000,2.439
1749261618,2.36000000,497.47000000,2.439
1749261618,2.35900000,185.01000000,2.439
1749261618,2.35800000,125.27000000,2.439
1749261618,2.35700000,9.96000000,2.439
1749261618,2.35600000,11.22000000,2.439
1749261618,2.35500000,47.33000000,2.439
1749261618,2.35400000,101.00000000,2.439
1749261618,2.35200000,12.62000000,2.439
1749261618,2.35100000,1523.40000000,2.439
1749261618,2.35000000,4158.81000000,2.439
1749261618,2.34900000,25.41000000,2.439
1749261618,2.34800000,1833.53000000,2.439
1749261618,2.34700000,9.13000000,2.439
1749261618,2.34600000,18.18000000,2.439
1749261618,2.34500000,21.82000000,2.439
1749261618,2.34400000,4.43000000,2.439
1749261618,2.34300000,4.48000000,2.439
1749261618,2.34200000,26.82000000,2.439
1749261618,2.34100000,13.31000000,2.439
1749261618,2.34000000,3074.80000000,2.439
1749261618,2.33900000,552.90000000,2.439
1749261618,2.33800000,8.92000000,2.439
1749261919,2.43700000,1024.50000000,2.437
1749261919,2.43600000,5334.44000000,2.437
1749261919,2.43500000,13757.47000000,2.437
1749261919,2.43400000,15270.48000000,2.437
1749261919,2.43300000,17668.55000000,2.437
1749261919,2.43200000,18234.58000000,2.437
1749261919,2.43100000,11167.92000000,2.437
1749261919,2.43000000,7520.49000000,2.437
1749261919,2.42900000,8581.43000000,2.437
1749261919,2.42800000,16722.16000000,2.437
1749261919,2.42700000,5029.36000000,2.437
1749261919,2.42600000,1764.98000000,2.437
1749261919,2.42500000,15624.93000000,2.437
1749261919,2.42400000,3011.31000000,2.437
1749261919,2.42300000,1481.81000000,2.437
1749261919,2.42200000,19636.69000000,2.437
1749261919,2.42100000,2624.47000000,2.437
1749261919,2.42000000,1685.00000000,2.437
1749261919,2.41900000,1147.37000000,2.437
1749261919,2.41800000,1092.08000000,2.437
1749261919,2.41700000,1097.32000000,2.437
1749261919,2.41600000,1434.52000000,2.437
1749261919,2.41500000,20043.70000000,2.437
1749261919,2.41400000,1173.39000000,2.437
1749261919,2.41300000,17419.59000000,2.437
1749261919,2.41200000,585.01000000,2.437
1749261919,2.41100000,4214.68000000,2.437
1749261919,2.41000000,488.31000000,2.437
1749261919,2.40900000,448.27000000,2.437
1749261919,2.40800000,461.82000000,2.437
1749261919,2.40700000,1771.34000000,2.437
1749261919,2.40600000,627.21000000,2.437
1749261919,2.40500000,467.25000000,2.437
1749261919,2.40400000,454.73000000,2.437
1749261919,2.40300000,9469.27000000,2.437
1749261919,2.40200000,13460.26000000,2.437
1749261919,2.40100000,1772.90000000,2.437
1749261919,2.40000000,1522.33000000,2.437
1749261919,2.39900000,14.56000000,2.437
1749261919,2.39800000,209.67000000,2.437
1749261919,2.39700000,6.67000000,2.437
1749261919,2.39600000,15.42000000,2.437
1749261919,2.39500000,852.30000000,2.437
1749261919,2.39400000,99.28000000,2.437
1749261919,2.39300000,14.45000000,2.437
1749261919,2.39200000,2690.19000000,2.437
1749261919,2.39100000,17.35000000,2.437
1749261919,2.39000000,1578.52000000,2.437
1749261919,2.38900000,7.21000000,2.437
1749261919,2.38800000,176.29000000,2.437
1749261919,2.38700000,11.58000000,2.437
1749261919,2.38600000,145.89000000,2.437
1749261919,2.38500000,483.45000000,2.437
1749261919,2.38400000,3616.33000000,2.437
1749261919,2.38300000,216.45000000,2.437
1749261919,2.38200000,83.83000000,2.437
1749261919,2.38100000,12.70000000,2.437
1749261919,2.38000000,3537.40000000,2.437
1749261919,2.37900000,105.41000000,2.437
1749261919,2.37800000,9.07000000,2.437
1749261919,2.37700000,11.38000000,2.437
1749261919,2.37600000,9.13000000,2.437
1749261919,2.37500000,111.29000000,2.437
1749261919,2.37400000,9.08000000,2.437
1749261919,2.37300000,7.49000000,2.437
1749261919,2.37200000,320.57000000,2.437
1749261919,2.37100000,4150.57000000,2.437
1749261919,2.37000000,9112.83000000,2.437
1749261919,2.36900000,4.09000000,2.437
1749261919,2.36800000,166.71000000,2.437
1749261919,2.36700000,12.94000000,2.437
1749261919,2.36600000,3736.62000000,2.437
1749261919,2.36500000,20.00000000,2.437
1749261919,2.36400000,11.28000000,2.437
1749261919,2.36300000,7.63000000,2.437
1749261919,2.36200000,13.60000000,2.437
1749261919,2.36100000,52.90000000,2.437
1749261919,2.36000000,623.57000000,2.437
1749261919,2.35900000,185.01000000,2.437
1749261919,2.35800000,125.27000000,2.437
1749261919,2.35700000,9.96000000,2.437
1749261919,2.35600000,11.22000000,2.437
1749261919,2.35500000,47.33000000,2.437
1749261919,2.35400000,101.00000000,2.437
1749261919,2.35200000,12.62000000,2.437
1749261919,2.35100000,1523.40000000,2.437
1749261919,2.35000000,4158.81000000,2.437
1749261919,2.34900000,25.41000000,2.437
1749261919,2.34800000,1833.53000000,2.437
1749261919,2.34700000,9.13000000,2.437
1749261919,2.34600000,18.18000000,2.437
1749261919,2.34500000,21.82000000,2.437
1749261919,2.34400000,4.43000000,2.437
1749261919,2.34300000,4.48000000,2.437
1749261919,2.34200000,26.82000000,2.437
1749261919,2.34100000,13.31000000,2.437
1749261919,2.34000000,3074.80000000,2.437
1749261919,2.33900000,552.90000000,2.437
1749261919,2.33800000,8.92000000,2.437
1749261919,2.33700000,359.13000000,2.437
1749262226,2.44000000,2722.90000000,2.44
1749262226,2.43900000,5435.78000000,2.44
1749262226,2.43800000,7895.97000000,2.44
1749262226,2.43700000,12918.11000000,2.44
1749262226,2.43600000,18135.15000000,2.44
1749262226,2.43500000,14552.87000000,2.44
1749262226,2.43400000,14001.74000000,2.44
1749262226,2.43300000,4084.36000000,2.44
1749262226,2.43200000,13529.68000000,2.44
1749262226,2.43100000,4751.14000000,2.44
1749262226,2.43000000,5218.91000000,2.44
1749262226,2.42900000,8581.43000000,2.44
1749262226,2.42800000,13310.96000000,2.44
1749262226,2.42700000,1353.54000000,2.44
1749262226,2.42600000,3527.10000000,2.44
1749262226,2.42500000,15624.93000000,2.44
1749262226,2.42400000,1246.68000000,2.44
1749262226,2.42300000,2978.60000000,2.44
1749262226,2.42200000,19620.89000000,2.44
1749262226,2.42100000,1126.44000000,2.44
1749262226,2.42000000,1685.00000000,2.44
1749262226,2.41900000,1147.37000000,2.44
1749262226,2.41800000,1092.08000000,2.44
1749262226,2.41700000,21520.65000000,2.44
1749262226,2.41600000,1434.52000000,2.44
1749262226,2.41500000,15950.37000000,2.44
1749262226,2.41400000,1173.39000000,2.44
1749262226,2.41300000,1089.59000000,2.44
1749262226,2.41200000,531.66000000,2.44
1749262226,2.41100000,4214.68000000,2.44
1749262226,2.41000000,541.69000000,2.44
1749262226,2.40900000,448.27000000,2.44
1749262226,2.40800000,461.82000000,2.44
1749262226,2.40700000,812.74000000,2.44
1749262226,2.40600000,627.21000000,2.44
1749262226,2.40500000,1468.13000000,2.44
1749262226,2.40400000,454.73000000,2.44
1749262226,2.40300000,9427.73000000,2.44
1749262226,2.40200000,11823.65000000,2.44
1749262226,2.40100000,1331.90000000,2.44
1749262226,2.40000000,2760.53000000,2.44
1749262226,2.39900000,14.56000000,2.44
1749262226,2.39800000,168.05000000,2.44
1749262226,2.39700000,1345.64000000,2.44
1749262226,2.39600000,15.42000000,2.44
1749262226,2.39500000,852.30000000,2.44
1749262226,2.39400000,99.28000000,2.44
1749262226,2.39300000,14.45000000,2.44
1749262226,2.39200000,1348.42000000,2.44
1749262226,2.39100000,17.35000000,2.44
1749262226,2.39000000,890.30000000,2.44
1749262226,2.38900000,7.21000000,2.44
1749262226,2.38800000,906.90000000,2.44
1749262226,2.38700000,11.58000000,2.44
1749262226,2.38600000,104.06000000,2.44
1749262226,2.38500000,483.45000000,2.44
1749262226,2.38400000,3616.33000000,2.44
1749262226,2.38300000,216.45000000,2.44
1749262226,2.38200000,83.83000000,2.44
1749262226,2.38100000,12.70000000,2.44
1749262226,2.38000000,3537.40000000,2.44
1749262226,2.37900000,4.12000000,2.44
1749262226,2.37800000,9.07000000,2.44
1749262226,2.37700000,11.38000000,2.44
1749262226,2.37600000,9.13000000,2.44
1749262226,2.37500000,111.29000000,2.44
1749262226,2.37400000,9.08000000,2.44
1749262226,2.37300000,7.49000000,2.44
1749262226,2.37200000,320.57000000,2.44
1749262226,2.37100000,4150.57000000,2.44
1749262226,2.37000000,9112.83000000,2.44
1749262226,2.36900000,4.09000000,2.44
1749262226,2.36800000,166.71000000,2.44
1749262226,2.36700000,12.94000000,2.44
1749262226,2.36600000,3736.62000000,2.44
1749262226,2.36500000,20.00000000,2.44
1749262226,2.36400000,7.18000000,2.44
1749262226,2.36300000,3.53000000,2.44
1749262226,2.36200000,9.50000000,2.44
1749262226,2.36100000,52.90000000,2.44
1749262226,2.36000000,623.57000000,2.44
1749262226,2.35900000,185.01000000,2.44
1749262226,2.35800000,125.27000000,2.44
1749262226,2.35700000,9.96000000,2.44
1749262226,2.35600000,11.22000000,2.44
1749262226,2.35500000,47.33000000,2.44
1749262226,2.35400000,101.00000000,2.44
1749262226,2.35200000,12.62000000,2.44
1749262226,2.35100000,1574.57000000,2.44
1749262226,2.35000000,4158.81000000,2.44
1749262226,2.34900000,25.41000000,2.44
1749262226,2.34800000,1833.53000000,2.44
1749262226,2.34700000,9.13000000,2.44
1749262226,2.34600000,18.18000000,2.44
1749262226,2.34500000,21.82000000,2.44
1749262226,2.34400000,4.43000000,2.44
1749262226,2.34300000,4.48000000,2.44
1749262226,2.34200000,26.82000000,2.44
1749262226,2.34100000,13.31000000,2.44
1749262226,2.34000000,3074.80000000,2.44
1749262527,2.44400000,640.48000000,2.445
1749262527,2.44300000,5083.33000000,2.445
1749262527,2.44200000,9578.38000000,2.445
1749262527,2.44100000,15915.56000000,2.445
1749262527,2.44000000,23349.93000000,2.445
1749262527,2.43900000,13976.52000000,2.445
1749262527,2.43800000,11837.22000000,2.445
1749262527,2.43700000,4121.20000000,2.445
1749262527,2.43600000,5796.05000000,2.445
1749262527,2.43500000,1131.74000000,2.445
1749262527,2.43400000,1408.85000000,2.445
1749262527,2.43300000,6573.32000000,2.445
1749262527,2.43200000,2275.90000000,2.445
1749262527,2.43100000,22806.38000000,2.445
1749262527,2.43000000,11864.03000000,2.445
1749262527,2.42900000,1152.52000000,2.445
1749262527,2.42800000,1676.82000000,2.445
1749262527,2.42700000,1849.00000000,2.445
1749262527,2.42600000,21160.33000000,2.445
1749262527,2.42500000,2376.61000000,2.445
1749262527,2.42400000,1243.58000000,2.445
1749262527,2.42300000,1478.72000000,2.445
1749262527,2.42200000,5592.94000000,2.445
1749262527,2.42100000,17183.05000000,2.445
1749262527,2.42000000,1502.80000000,2.445
1749262527,2.41900000,1147.37000000,2.445
1749262527,2.41800000,1092.08000000,2.445
1749262527,2.41700000,1097.32000000,2.445
1749262527,2.41600000,2126.69000000,2.445
1749262527,2.41500000,19470.80000000,2.445
1749262527,2.41400000,537.12000000,2.445
1749262527,2.41300000,1401.62000000,2.445
1749262527,2.41200000,516.27000000,2.445
1749262527,2.41100000,3622.60000000,2.445
1749262527,2.41000000,488.31000000,2.445
1749262527,2.40900000,448.27000000,2.445
1749262527,2.40800000,461.82000000,2.445
1749262527,2.40700000,2037.48000000,2.445
1749262527,2.40600000,186.21000000,2.445
1749262527,2.40500000,26.25000000,2.445
1749262527,2.40400000,1345.68000000,2.445
1749262527,2.40300000,8268.87000000,2.445
1749262527,2.40200000,11823.65000000,2.445
1749262527,2.40100000,1331.90000000,2.445
1749262527,2.40000000,189.00000000,2.445
1749262527,2.39900000,14.56000000,2.445
1749262527,2.39800000,168.05000000,2.445
1749262527,2.39700000,1345.64000000,2.445
1749262527,2.39600000,13.12000000,2.445
1749262527,2.39500000,1354.41000000,2.445
1749262527,2.39400000,99.28000000,2.445
1749262527,2.39300000,14.45000000,2.445
1749262527,2.39200000,6.65000000,2.445
1749262527,2.39100000,17.35000000,2.445
1749262527,2.39000000,890.30000000,2.445
1749262527,2.38900000,7.21000000,2.445
1749262527,2.38800000,865.10000000,2.445
1749262527,2.38700000,11.58000000,2.445
1749262527,2.38600000,104.06000000,2.445
1749262527,2.38500000,21.09000000,2.445
1749262527,2.38400000,3616.33000000,2.445
1749262527,2.38300000,216.45000000,2.445
1749262527,2.38200000,83.83000000,2.445
1749262527,2.38100000,12.70000000,2.445
1749262527,2.38000000,3537.40000000,2.445
1749262527,2.37900000,4.12000000,2.445
1749262527,2.37800000,9.07000000,2.445
1749262527,2.37700000,11.38000000,2.445
1749262527,2.37600000,9.13000000,2.445
1749262527,2.37500000,111.29000000,2.445
1749262527,2.37400000,9.08000000,2.445
1749262527,2.37300000,7.49000000,2.445
1749262527,2.37200000,320.57000000,2.445
1749262527,2.37100000,23.45000000,2.445
1749262527,2.37000000,9112.83000000,2.445
1749262527,2.36900000,4.09000000,2.445
1749262527,2.36800000,162.62000000,2.445
1749262527,2.36700000,8.84000000,2.445
1749262527,2.36600000,3732.52000000,2.445
1749262527,2.36500000,15.90000000,2.445
1749262527,2.36400000,7.18000000,2.445
1749262527,2.36300000,3.53000000,2.445
1749262527,2.36200000,9.50000000,2.445
1749262527,2.36100000,52.90000000,2.445
1749262527,2.36000000,623.57000000,2.445
1749262527,2.35900000,185.01000000,2.445
1749262527,2.35800000,125.27000000,2.445
1749262527,2.35700000,9.96000000,2.445
1749262527,2.35600000,11.22000000,2.445
1749262527,2.35500000,47.33000000,2.445
1749262527,2.35400000,101.00000000,2.445
1749262527,2.35200000,12.62000000,2.445
1749262527,2.35100000,1574.57000000,2.445
1749262527,2.35000000,4158.81000000,2.445
1749262527,2.34900000,25.41000000,2.445
1749262527,2.34800000,1833.53000000,2.445
1749262527,2.34700000,9.13000000,2.445
1749262527,2.34600000,18.18000000,2.445
1749262527,2.34500000,21.82000000,2.445
1749262527,2.34400000,4.43000000,2.445
1749262829,2.44100000,593.76000000,2.442
1749262829,2.44000000,6975.53000000,2.442
1749262829,2.43900000,12956.69000000,2.442
1749262829,2.43800000,20148.11000000,2.442
1749262829,2.43700000,22314.51000000,2.442
1749262829,2.43600000,15259.91000000,2.442
1749262829,2.43500000,3119.37000000,2.442
1749262829,2.43400000,8518.20000000,2.442
1749262829,2.43300000,4362.79000000,2.442
1749262829,2.43200000,13189.73000000,2.442
1749262829,2.43100000,19061.50000000,2.442
1749262829,2.43000000,1349.26000000,2.442
1749262829,2.42900000,1152.52000000,2.442
1749262829,2.42800000,20892.91000000,2.442
1749262829,2.42700000,2047.05000000,2.442
1749262829,2.42600000,1143.40000000,2.442
1749262829,2.42500000,1136.40000000,2.442
1749262829,2.42400000,2739.75000000,2.442
1749262829,2.42300000,1478.72000000,2.442
1749262829,2.42200000,1406.41000000,2.442
1749262829,2.42100000,2508.74000000,2.442
1749262829,2.42000000,15930.62000000,2.442
1749262829,2.41900000,1607.88000000,2.442
1749262829,2.41800000,1422.08000000,2.442
1749262829,2.41700000,461.05000000,2.442
1749262829,2.41600000,4571.29000000,2.442
1749262829,2.41500000,16833.10000000,2.442
1749262829,2.41400000,537.12000000,2.442
1749262829,2.41300000,453.32000000,2.442
1749262829,2.41200000,818.51000000,2.442
1749262829,2.41100000,3622.60000000,2.442
1749262829,2.41000000,488.31000000,2.442
1749262829,2.40900000,5291.40000000,2.442
1749262829,2.40800000,9260.29000000,2.442
1749262829,2.40700000,448.28000000,2.442
1749262829,2.40600000,627.21000000,2.442
1749262829,2.40500000,23.13000000,2.442
1749262829,2.40400000,1786.68000000,2.442
1749262829,2.40300000,28.22000000,2.442
1749262829,2.40200000,1970.28000000,2.442
1749262829,2.40100000,589.71000000,2.442
1749262829,2.40000000,189.00000000,2.442
1749262829,2.39900000,14.56000000,2.442
1749262829,2.39800000,168.05000000,2.442
1749262829,2.39700000,1345.64000000,2.442
1749262829,2.39600000,13.12000000,2.442
1749262829,2.39500000,1312.73000000,2.442
1749262829,2.39400000,99.28000000,2.442
1749262829,2.39300000,14.45000000,2.442
1749262829,2.39200000,6.65000000,2.442
1749262829,2.39100000,17.35000000,2.442
1749262829,2.39000000,4225.05000000,2.442
1749262829,2.38900000,7.21000000,2.442
1749262829,2.38800000,176.29000000,2.442
1749262829,2.38700000,11.58000000,2.442
1749262829,2.38600000,104.06000000,2.442
1749262829,2.38500000,21.09000000,2.442
1749262829,2.38400000,12.88000000,2.442
1749262829,2.38300000,216.45000000,2.442
1749262829,2.38200000,83.83000000,2.442
1749262829,2.38100000,12.70000000,2.442
1749262829,2.38000000,3537.40000000,2.442
1749262829,2.37900000,4.12000000,2.442
1749262829,2.37800000,9.07000000,2.442
1749262829,2.37700000,11.38000000,2.442
1749262829,2.37600000,9.13000000,2.442
1749262829,2.37500000,111.29000000,2.442
1749262829,2.37400000,9.08000000,2.442
1749262829,2.37300000,7.49000000,2.442
1749262829,2.37200000,320.57000000,2.442
1749262829,2.37100000,11868.27000000,2.442
1749262829,2.37000000,9112.80000000,2.442
1749262829,2.36900000,4.09000000,2.442
1749262829,2.36800000,166.71000000,2.442
1749262829,2.36700000,12.94000000,2.442
1749262829,2.36600000,91.21000000,2.442
1749262829,2.36500000,15.90000000,2.442
1749262829,2.36400000,7.18000000,2.442
1749262829,2.36300000,3.53000000,2.442
1749262829,2.36200000,9.50000000,2.442
1749262829,2.36100000,52.90000000,2.442
1749262829,2.36000000,623.57000000,2.442
1749262829,2.35900000,185.01000000,2.442
1749262829,2.35800000,125.27000000,2.442
1749262829,2.35700000,9.96000000,2.442
1749262829,2.35600000,11.22000000,2.442
1749262829,2.35500000,47.33000000,2.442
1749262829,2.35400000,101.00000000,2.442
1749262829,2.35300000,1814.74000000,2.442
1749262829,2.35200000,12.62000000,2.442
1749262829,2.35100000,1574.57000000,2.442
1749262829,2.35000000,4158.81000000,2.442
1749262829,2.34900000,25.41000000,2.442
1749262829,2.34800000,52.43000000,2.442
1749262829,2.34700000,9.13000000,2.442
1749262829,2.34600000,18.18000000,2.442
1749262829,2.34500000,21.82000000,2.442
1749262829,2.34400000,4.43000000,2.442
1749262829,2.34300000,4.48000000,2.442
1749262829,2.34200000,26.82000000,2.442
1749263130,2.44300000,2225.10000000,2.443
1749263130,2.44200000,8419.99000000,2.443
1749263130,2.44100000,12868.11000000,2.443
1749263130,2.44000000,15807.50000000,2.443
1749263130,2.43900000,19252.21000000,2.443
1749263130,2.43800000,18577.53000000,2.443
1749263130,2.43700000,4103.47000000,2.443
1749263130,2.43600000,7513.35000000,2.443
1749263130,2.43500000,1398.00000000,2.443
1749263130,2.43400000,15241.02000000,2.443
1749263130,2.43300000,1325.35000000,2.443
1749263130,2.43200000,11880.50000000,2.443
1749263130,2.43100000,17099.82000000,2.443
1749263130,2.43000000,1345.54000000,2.443
1749263130,2.42900000,1967.76000000,2.443
1749263130,2.42800000,19418.91000000,2.443
1749263130,2.42700000,1659.24000000,2.443
1749263130,2.42600000,1143.40000000,2.443
1749263130,2.42500000,2631.95000000,2.443
1749263130,2.42400000,1243.58000000,2.443
1749263130,2.42300000,1478.72000000,2.443
1749263130,2.42200000,1406.41000000,2.443
1749263130,2.42100000,5219.77000000,2.443
1749263130,2.42000000,16260.62000000,2.443
1749263130,2.41900000,1105.42000000,2.443
1749263130,2.41800000,1092.08000000,2.443
1749263130,2.41700000,461.05000000,2.443
1749263130,2.41600000,1806.40000000,2.443
1749263130,2.41500000,20936.51000000,2.443
1749263130,2.41400000,593.89000000,2.443
1749263130,2.41300000,453.32000000,2.443
1749263130,2.41200000,818.51000000,2.443
1749263130,2.41100000,4802.92000000,2.443
1749263130,2.41000000,488.31000000,2.443
1749263130,2.40900000,1370.07000000,2.443
1749263130,2.40800000,13373.82000000,2.443
1749263130,2.40700000,448.28000000,2.443
1749263130,2.40600000,688.88000000,2.443
1749263130,2.40500000,355.18000000,2.443
1749263130,2.40400000,2363.24000000,2.443
1749263130,2.40300000,28.22000000,2.443
1749263130,2.40200000,1970.28000000,2.443
1749263130,2.40100000,589.71000000,2.443
1749263130,2.40000000,189.00000000,2.443
1749263130,2.39900000,14.56000000,2.443
1749263130,2.39800000,168.05000000,2.443
1749263130,2.39700000,1345.64000000,2.443
1749263130,2.39600000,13.12000000,2.443
1749263130,2.39500000,1312.73000000,2.443
1749263130,2.39400000,478.04000000,2.443
1749263130,2.39300000,181.31000000,2.443
1749263130,2.39200000,569.45000000,2.443
1749263130,2.39100000,17.35000000,2.443
1749263130,2.39000000,4225.05000000,2.443
1749263130,2.38900000,7.21000000,2.443
1749263130,2.38800000,176.29000000,2.443
1749263130,2.38700000,11.58000000,2.443
1749263130,2.38600000,104.06000000,2.443
1749263130,2.38500000,21.09000000,2.443
1749263130,2.38400000,12.88000000,2.443
1749263130,2.38300000,216.45000000,2.443
1749263130,2.38200000,83.83000000,2.443
1749263130,2.38100000,12.70000000,2.443
1749263130,2.38000000,3537.40000000,2.443
1749263130,2.37900000,4.12000000,2.443
1749263130,2.37800000,9.07000000,2.443
1749263130,2.37700000,11.38000000,2.443
1749263130,2.37600000,9.13000000,2.443
1749263130,2.37500000,111.29000000,2.443
1749263130,2.37400000,9.08000000,2.443
1749263130,2.37300000,7.49000000,2.443
1749263130,2.37200000,320.57000000,2.443
1749263130,2.37100000,7754.74000000,2.443
1749263130,2.37000000,9112.80000000,2.443
1749263130,2.36900000,4.09000000,2.443
1749263130,2.36800000,166.71000000,2.443
1749263130,2.36700000,8.84000000,2.443
1749263130,2.36600000,87.11000000,2.443
1749263130,2.36500000,15.90000000,2.443
1749263130,2.36400000,7.18000000,2.443
1749263130,2.36300000,3.53000000,2.443
1749263130,2.36200000,9.50000000,2.443
1749263130,2.36100000,52.90000000,2.443
1749263130,2.36000000,623.57000000,2.443
1749263130,2.35900000,185.01000000,2.443
1749263130,2.35800000,125.27000000,2.443
1749263130,2.35700000,9.96000000,2.443
1749263130,2.35600000,11.22000000,2.443
1749263130,2.35500000,47.33000000,2.443
1749263130,2.35400000,101.00000000,2.443
1749263130,2.35300000,1814.74000000,2.443
1749263130,2.35200000,12.62000000,2.443
1749263130,2.35100000,1574.57000000,2.443
1749263130,2.35000000,4158.81000000,2.443
1749263130,2.34900000,25.41000000,2.443
1749263130,2.34800000,52.43000000,2.443
1749263130,2.34700000,9.13000000,2.443
1749263130,2.34600000,18.18000000,2.443
1749263130,2.34500000,21.82000000,2.443
1749263130,2.34400000,4.43000000,2.443
1749263432,2.44400000,527.48000000,2.444
1749263432,2.44300000,5199.26000000,2.444
1749263432,2.44200000,6587.48000000,2.444
1749263432,2.44100000,16064.20000000,2.444
1749263432,2.44000000,21029.47000000,2.444
1749263432,2.43900000,19044.33000000,2.444
1749263432,2.43800000,13027.44000000,2.444
1749263432,2.43700000,1494.67000000,2.444
1749263432,2.43600000,6274.35000000,2.444
1749263432,2.43500000,15378.47000000,2.444
1749263432,2.43400000,8662.10000000,2.444
1749263432,2.43300000,3001.30000000,2.444
1749263432,2.43200000,1244.13000000,2.444
1749263432,2.43100000,15711.14000000,2.444
1749263432,2.43000000,1886.99000000,2.444
1749263432,2.42900000,1152.52000000,2.444
1749263432,2.42800000,19331.24000000,2.444
1749263432,2.42700000,3153.56000000,2.444
1749263432,2.42600000,1143.40000000,2.444
1749263432,2.42500000,1136.40000000,2.444
1749263432,2.42400000,1243.58000000,2.444
1749263432,2.42300000,1478.72000000,2.444
1749263432,2.42200000,5499.74000000,2.444
1749263432,2.42100000,18782.13000000,2.444
1749263432,2.42000000,16489.53000000,2.444
1749263432,2.41900000,1105.42000000,2.444
1749263432,2.41800000,1092.08000000,2.444
1749263432,2.41700000,461.05000000,2.444
1749263432,2.41600000,477.96000000,2.444
1749263432,2.41500000,833.10000000,2.444
1749263432,2.41400000,537.12000000,2.444
1749263432,2.41300000,453.32000000,2.444
1749263432,2.41200000,2180.21000000,2.444
1749263432,2.41100000,3979.86000000,2.444
1749263432,2.41000000,4591.72000000,2.444
1749263432,2.40900000,6633.82000000,2.444
1749263432,2.40800000,9260.29000000,2.444
1749263432,2.40700000,1857.82000000,2.444
1749263432,2.40600000,186.21000000,2.444
1749263432,2.40500000,23.13000000,2.444
1749263432,2.40400000,6.45000000,2.444
1749263432,2.40300000,28.22000000,2.444
1749263432,2.40200000,1970.28000000,2.444
1749263432,2.40100000,589.71000000,2.444
1749263432,2.40000000,189.00000000,2.444
1749263432,2.39900000,14.56000000,2.444
1749263432,2.39800000,168.05000000,2.444
1749263432,2.39700000,1345.64000000,2.444
1749263432,2.39600000,13.12000000,2.444
1749263432,2.39500000,2420.17000000,2.444
1749263432,2.39400000,99.28000000,2.444
1749263432,2.39300000,14.45000000,2.444
1749263432,2.39200000,6.65000000,2.444
1749263432,2.39100000,17.35000000,2.444
1749263432,2.39000000,4225.05000000,2.444
1749263432,2.38900000,7.21000000,2.444
1749263432,2.38800000,176.29000000,2.444
1749263432,2.38700000,11.58000000,2.444
1749263432,2.38600000,104.06000000,2.444
1749263432,2.38500000,21.09000000,2.444
1749263432,2.38400000,12.88000000,2.444
1749263432,2.38300000,216.45000000,2.444
1749263432,2.38200000,83.83000000,2.444
1749263432,2.38100000,12.70000000,2.444
1749263432,2.38000000,3537.40000000,2.444
1749263432,2.37900000,4.12000000,2.444
1749263432,2.37800000,9.07000000,2.444
1749263432,2.37700000,11.38000000,2.444
1749263432,2.37600000,9.13000000,2.444
1749263432,2.37500000,111.29000000,2.444
1749263432,2.37400000,9.08000000,2.444
1749263432,2.37300000,7.49000000,2.444
1749263432,2.37200000,320.57000000,2.444
1749263432,2.37100000,7754.74000000,2.444
1749263432,2.37000000,9112.80000000,2.444
1749263432,2.36900000,4.09000000,2.444
1749263432,2.36800000,162.62000000,2.444
1749263432,2.36700000,8.84000000,2.444
1749263432,2.36600000,87.11000000,2.444
1749263432,2.36500000,15.90000000,2.444
1749263432,2.36400000,7.18000000,2.444
1749263432,2.36300000,3.53000000,2.444
1749263432,2.36200000,9.50000000,2.444
1749263432,2.36100000,52.90000000,2.444
1749263432,2.36000000,623.57000000,2.444
1749263432,2.35900000,185.01000000,2.444
1749263432,2.35800000,125.27000000,2.444
1749263432,2.35700000,9.96000000,2.444
1749263432,2.35600000,11.22000000,2.444
1749263432,2.35500000,47.33000000,2.444
1749263432,2.35400000,101.00000000,2.444
1749263432,2.35300000,1814.74000000,2.444
1749263432,2.35200000,12.62000000,2.444
1749263432,2.35100000,1574.57000000,2.444
1749263432,2.35000000,4158.81000000,2.444
1749263432,2.34900000,25.41000000,2.444
1749263432,2.34800000,52.43000000,2.444
1749263432,2.34700000,9.13000000,2.444
1749263432,2.34600000,18.18000000,2.444
1749263432,2.34500000,21.82000000,2.444
1749263733,2.44100000,2878.88000000,2.441
1749263733,2.44000000,7688.81000000,2.441
1749263733,2.43900000,13721.56000000,2.441
1749263733,2.43800000,21767.01000000,2.441
1749263733,2.43700000,16550.21000000,2.441
1749263733,2.43600000,14383.85000000,2.441
1749263733,2.43500000,2327.18000000,2.441
1749263733,2.43400000,12896.69000000,2.441
1749263733,2.43300000,8028.16000000,2.441
1749263733,2.43200000,11880.50000000,2.441
1749263733,2.43100000,15533.03000000,2.441
1749263733,2.43000000,3224.93000000,2.441
1749263733,2.42900000,1243.14000000,2.441
1749263733,2.42800000,19957.09000000,2.441
1749263733,2.42700000,3153.56000000,2.441
1749263733,2.42600000,1143.40000000,2.441
1749263733,2.42500000,1136.40000000,2.441
1749263733,2.42400000,1243.58000000,2.441
1749263733,2.42300000,1478.72000000,2.441
1749263733,2.42200000,1406.41000000,2.441
1749263733,2.42100000,6545.46000000,2.441
1749263733,2.42000000,15987.28000000,2.441
1749263733,2.41900000,1607.88000000,2.441
1749263733,2.41800000,1422.08000000,2.441
1749263733,2.41700000,461.05000000,2.441
1749263733,2.41600000,477.96000000,2.441
1749263733,2.41500000,20936.51000000,2.441
1749263733,2.41400000,881.21000000,2.441
1749263733,2.41300000,453.32000000,2.441
1749263733,2.41200000,2138.83000000,2.441
1749263733,2.41100000,3979.86000000,2.441
1749263733,2.41000000,529.73000000,2.441
1749263733,2.40900000,5301.52000000,2.441
1749263733,2.40800000,9260.29000000,2.441
1749263733,2.40700000,2257.35000000,2.441
1749263733,2.40600000,627.21000000,2.441
1749263733,2.40500000,64.63000000,2.441
1749263733,2.40400000,6.45000000,2.441
1749263733,2.40300000,1804.84000000,2.441
1749263733,2.40200000,1970.28000000,2.441
1749263733,2.40100000,589.71000000,2.441
1749263733,2.40000000,189.00000000,2.441
1749263733,2.39900000,14.56000000,2.441
1749263733,2.39800000,168.05000000,2.441
1749263733,2.39700000,1345.64000000,2.441
1749263733,2.39600000,13.12000000,2.441
1749263733,2.39500000,2378.49000000,2.441
1749263733,2.39400000,99.28000000,2.441
1749263733,2.39300000,56.16000000,2.441
1749263733,2.39200000,6.65000000,2.441
1749263733,2.39100000,17.35000000,2.441
1749263733,2.39000000,4225.05000000,2.441
1749263733,2.38900000,7.21000000,2.441
1749263733,2.38800000,176.29000000,2.441
1749263733,2.38700000,11.58000000,2.441
1749263733,2.38600000,104.06000000,2.441
1749263733,2.38500000,21.09000000,2.441
1749263733,2.38400000,12.88000000,2.441
1749263733,2.38300000,216.45000000,2.441
1749263733,2.38200000,83.83000000,2.441
1749263733,2.38100000,12.70000000,2.441
1749263733,2.38000000,3537.40000000,2.441
1749263733,2.37900000,4.12000000,2.441
1749263733,2.37800000,9.07000000,2.441
1749263733,2.37700000,11.38000000,2.441
1749263733,2.37600000,9.13000000,2.441
1749263733,2.37500000,111.29000000,2.441
1749263733,2.37400000,9.08000000,2.441
1749263733,2.37300000,7.49000000,2.441
1749263733,2.37200000,320.57000000,2.441
1749263733,2.37100000,7754.74000000,2.441
1749263733,2.37000000,9112.80000000,2.441
1749263733,2.36900000,4.09000000,2.441
1749263733,2.36800000,166.71000000,2.441
1749263733,2.36700000,12.94000000,2.441
1749263733,2.36600000,91.21000000,2.441
1749263733,2.36500000,15.90000000,2.441
1749263733,2.36400000,7.18000000,2.441
1749263733,2.36300000,3.53000000,2.441
1749263733,2.36200000,9.50000000,2.441
1749263733,2.36100000,52.90000000,2.441
1749263733,2.36000000,623.57000000,2.441
1749263733,2.35900000,185.01000000,2.441
1749263733,2.35800000,125.27000000,2.441
1749263733,2.35700000,9.96000000,2.441
1749263733,2.35600000,11.22000000,2.441
1749263733,2.35500000,47.33000000,2.441
1749263733,2.35400000,101.00000000,2.441
1749263733,2.35300000,1814.74000000,2.441
1749263733,2.35200000,12.62000000,2.441
1749263733,2.35100000,1574.57000000,2.441
1749263733,2.35000000,4158.81000000,2.441
1749263733,2.34900000,25.41000000,2.441
1749263733,2.34800000,52.43000000,2.441
1749263733,2.34700000,9.13000000,2.441
1749263733,2.34600000,18.18000000,2.441
1749263733,2.34500000,21.82000000,2.441
1749263733,2.34400000,4.43000000,2.441
1749263733,2.34300000,4.48000000,2.441
1749263733,2.34200000,26.82000000,2.441
1749264035,2.44300000,3313.93000000,2.443
1749264035,2.44200000,7947.51000000,2.443
1749264035,2.44100000,17499.40000000,2.443
1749264035,2.44000000,16400.72000000,2.443
1749264035,2.43900000,22752.37000000,2.443
1749264035,2.43800000,17344.42000000,2.443
1749264035,2.43700000,9569.10000000,2.443
1749264035,2.43600000,2578.40000000,2.443
1749264035,2.43500000,4283.14000000,2.443
1749264035,2.43400000,29675.75000000,2.443
1749264035,2.43300000,1425.34000000,2.443
1749264035,2.43200000,1881.03000000,2.443
1749264035,2.43100000,3090.09000000,2.443
1749264035,2.43000000,1261.66000000,2.443
1749264035,2.42900000,1152.52000000,2.443
1749264035,2.42800000,19335.52000000,2.443
1749264035,2.42700000,1656.15000000,2.443
1749264035,2.42600000,2635.25000000,2.443
1749264035,2.42500000,1136.40000000,2.443
1749264035,2.42400000,1258.81000000,2.443
1749264035,2.42300000,1980.35000000,2.443
1749264035,2.42200000,5499.74000000,2.443
1749264035,2.42100000,18454.23000000,2.443
1749264035,2.42000000,16728.51000000,2.443
1749264035,2.41900000,1105.42000000,2.443
1749264035,2.41800000,509.02000000,2.443
1749264035,2.41700000,778.01000000,2.443
1749264035,2.41600000,477.96000000,2.443
1749264035,2.41500000,1574.35000000,2.443
1749264035,2.41400000,881.21000000,2.443
1749264035,2.41300000,753.18000000,2.443
1749264035,2.41200000,1795.21000000,2.443
1749264035,2.41100000,3837.68000000,2.443
1749264035,2.41000000,529.73000000,2.443
1749264035,2.40900000,10737.23000000,2.443
1749264035,2.40800000,9260.29000000,2.443
1749264035,2.40700000,1813.23000000,2.443
1749264035,2.40600000,183.09000000,2.443
1749264035,2.40500000,23.13000000,2.443
1749264035,2.40400000,6.45000000,2.443
1749264035,2.40300000,28.22000000,2.443
1749264035,2.40200000,1970.28000000,2.443
1749264035,2.40100000,589.71000000,2.443
1749264035,2.40000000,186.70000000,2.443
1749264035,2.39900000,14.56000000,2.443
1749264035,2.39800000,209.67000000,2.443
1749264035,2.39700000,1345.64000000,2.443
1749264035,2.39600000,13.12000000,2.443
1749264035,2.39500000,2378.49000000,2.443
1749264035,2.39400000,99.28000000,2.443
1749264035,2.39300000,14.45000000,2.443
1749264035,2.39200000,6.65000000,2.443
1749264035,2.39100000,17.35000000,2.443
1749264035,2.39000000,4225.05000000,2.443
1749264035,2.38900000,7.21000000,2.443
1749264035,2.38800000,176.29000000,2.443
1749264035,2.38700000,11.58000000,2.443
1749264035,2.38600000,104.06000000,2.443
1749264035,2.38500000,21.09000000,2.443
1749264035,2.38400000,12.88000000,2.443
1749264035,2.38300000,216.45000000,2.443
1749264035,2.38200000,83.83000000,2.443
1749264035,2.38100000,12.70000000,2.443
1749264035,2.38000000,3537.40000000,2.443
1749264035,2.37900000,4.12000000,2.443
1749264035,2.37800000,13.27000000,2.443
1749264035,2.37700000,11.38000000,2.443
1749264035,2.37600000,9.13000000,2.443
1749264035,2.37500000,111.29000000,2.443
1749264035,2.37400000,9.08000000,2.443
1749264035,2.37300000,7.49000000,2.443
1749264035,2.37200000,320.54000000,2.443
1749264035,2.37100000,7754.71000000,2.443
1749264035,2.37000000,9112.80000000,2.443
1749264035,2.36900000,4.09000000,2.443
1749264035,2.36800000,166.71000000,2.443
1749264035,2.36700000,8.84000000,2.443
1749264035,2.36600000,87.11000000,2.443
1749264035,2.36500000,15.90000000,2.443
1749264035,2.36400000,7.18000000,2.443
1749264035,2.36300000,3.53000000,2.443
1749264035,2.36200000,9.50000000,2.443
1749264035,2.36100000,52.90000000,2.443
1749264035,2.36000000,623.57000000,2.443
1749264035,2.35900000,185.01000000,2.443
1749264035,2.35800000,125.27000000,2.443
1749264035,2.35700000,9.96000000,2.443
1749264035,2.35600000,11.22000000,2.443
1749264035,2.35500000,47.33000000,2.443
1749264035,2.35400000,101.00000000,2.443
1749264035,2.35300000,1814.74000000,2.443
1749264035,2.35200000,12.62000000,2.443
1749264035,2.35100000,1574.57000000,2.443
1749264035,2.35000000,4158.81000000,2.443
1749264035,2.34900000,25.41000000,2.443
1749264035,2.34800000,52.43000000,2.443
1749264035,2.34700000,9.13000000,2.443
1749264035,2.34600000,18.18000000,2.443
1749264035,2.34500000,21.82000000,2.443
1749264035,2.34400000,4.43000000,2.443
1749264337,2.44100000,4554.86000000,2.442
1749264337,2.44000000,7922.19000000,2.442
1749264337,2.43900000,15151.56000000,2.442
1749264337,2.43800000,13790.24000000,2.442
1749264337,2.43700000,19858.06000000,2.442
1749264337,2.43600000,12730.23000000,2.442
1749264337,2.43500000,9311.38000000,2.442
1749264337,2.43400000,7313.08000000,2.442
1749264337,2.43300000,4569.94000000,2.442
1749264337,2.43200000,2481.78000000,2.442
1749264337,2.43100000,30082.78000000,2.442
1749264337,2.43000000,1383.29000000,2.442
1749264337,2.42900000,1414.76000000,2.442
1749264337,2.42800000,19335.52000000,2.442
1749264337,2.42700000,3417.03000000,2.442
1749264337,2.42600000,2635.25000000,2.442
1749264337,2.42500000,1763.02000000,2.442
1749264337,2.42400000,1258.81000000,2.442
1749264337,2.42300000,1478.72000000,2.442
1749264337,2.42200000,1406.41000000,2.442
1749264337,2.42100000,1128.54000000,2.442
1749264337,2.42000000,16398.51000000,2.442
1749264337,2.41900000,1105.42000000,2.442
1749264337,2.41800000,509.02000000,2.442
1749264337,2.41700000,781.78000000,2.442
1749264337,2.41600000,6402.82000000,2.442
1749264337,2.41500000,16833.10000000,2.442
1749264337,2.41400000,881.21000000,2.442
1749264337,2.41300000,753.18000000,2.442
1749264337,2.41200000,474.89000000,2.442
1749264337,2.41100000,3837.68000000,2.442
1749264337,2.41000000,488.31000000,2.442
1749264337,2.40900000,5291.40000000,2.442
1749264337,2.40800000,9604.53000000,2.442
1749264337,2.40700000,445.16000000,2.442
1749264337,2.40600000,624.09000000,2.442
1749264337,2.40500000,23.13000000,2.442
1749264337,2.40400000,6.45000000,2.442
1749264337,2.40300000,28.22000000,2.442
1749264337,2.40200000,1970.28000000,2.442
1749264337,2.40100000,589.71000000,2.442
1749264337,2.40000000,186.70000000,2.442
1749264337,2.39900000,14.56000000,2.442
1749264337,2.39800000,168.05000000,2.442
1749264337,2.39700000,1345.64000000,2.442
1749264337,2.39600000,1352.65000000,2.442
1749264337,2.39500000,1312.73000000,2.442
1749264337,2.39400000,99.28000000,2.442
1749264337,2.39300000,14.45000000,2.442
1749264337,2.39200000,6.65000000,2.442
1749264337,2.39100000,17.35000000,2.442
1749264337,2.39000000,4225.05000000,2.442
1749264337,2.38900000,7.21000000,2.442
1749264337,2.38800000,176.29000000,2.442
1749264337,2.38700000,11.58000000,2.442
1749264337,2.38600000,104.06000000,2.442
1749264337,2.38500000,21.09000000,2.442
1749264337,2.38400000,12.88000000,2.442
1749264337,2.38300000,216.45000000,2.442
1749264337,2.38200000,83.83000000,2.442
1749264337,2.38100000,12.70000000,2.442
1749264337,2.38000000,3537.40000000,2.442
1749264337,2.37900000,4.12000000,2.442
1749264337,2.37800000,13.27000000,2.442
1749264337,2.37700000,11.38000000,2.442
1749264337,2.37600000,9.13000000,2.442
1749264337,2.37500000,111.29000000,2.442
1749264337,2.37400000,9.08000000,2.442
1749264337,2.37300000,7.49000000,2.442
1749264337,2.37200000,4434.07000000,2.442
1749264337,2.37100000,7754.71000000,2.442
1749264337,2.37000000,9112.80000000,2.442
1749264337,2.36900000,4.09000000,2.442
1749264337,2.36800000,166.71000000,2.442
1749264337,2.36700000,12.94000000,2.442
1749264337,2.36600000,91.21000000,2.442
1749264337,2.36500000,15.90000000,2.442
1749264337,2.36400000,7.18000000,2.442
1749264337,2.36300000,3.53000000,2.442
1749264337,2.36200000,9.50000000,2.442
1749264337,2.36100000,52.90000000,2.442
1749264337,2.36000000,623.57000000,2.442
1749264337,2.35900000,185.01000000,2.442
1749264337,2.35800000,125.27000000,2.442
1749264337,2.35700000,9.96000000,2.442
1749264337,2.35600000,11.22000000,2.442
1749264337,2.35500000,47.33000000,2.442
1749264337,2.35400000,101.00000000,2.442
1749264337,2.35300000,1814.74000000,2.442
1749264337,2.35200000,12.62000000,2.442
1749264337,2.35100000,1574.57000000,2.442
1749264337,2.35000000,4158.81000000,2.442
1749264337,2.34900000,25.41000000,2.442
1749264337,2.34800000,52.43000000,2.442
1749264337,2.34700000,9.13000000,2.442
1749264337,2.34600000,18.18000000,2.442
1749264337,2.34500000,21.82000000,2.442
1749264337,2.34400000,4.43000000,2.442
1749264337,2.34300000,4.48000000,2.442
1749264337,2.34200000,26.82000000,2.442
1749264639,2.44500000,101.65000000,2.445
1749264639,2.44400000,4588.96000000,2.445
1749264639,2.44300000,9694.22000000,2.445
1749264639,2.44200000,17593.94000000,2.445
1749264639,2.44100000,18829.40000000,2.445
1749264639,2.44000000,13850.46000000,2.445
1749264639,2.43900000,8440.96000000,2.445
1749264639,2.43800000,1510.60000000,2.445
1749264639,2.43700000,9998.53000000,2.445
1749264639,2.43600000,2503.51000000,2.445
1749264639,2.43500000,8475.59000000,2.445
1749264639,2.43400000,1131.99000000,2.445
1749264639,2.43300000,11883.46000000,2.445
1749264639,2.43200000,1346.76000000,2.445
1749264639,2.43100000,15608.78000000,2.445
1749264639,2.43000000,1887.25000000,2.445
1749264639,2.42900000,1152.52000000,2.445
1749264639,2.42800000,20829.23000000,2.445
1749264639,2.42700000,1656.15000000,2.445
1749264639,2.42600000,1487.19000000,2.445
1749264639,2.42500000,1961.14000000,2.445
1749264639,2.42400000,1258.81000000,2.445
1749264639,2.42300000,1131.39000000,2.445
1749264639,2.42200000,5829.74000000,2.445
1749264639,2.42100000,17128.54000000,2.445
1749264639,2.42000000,16398.51000000,2.445
1749264639,2.41900000,1607.66000000,2.445
1749264639,2.41800000,509.02000000,2.445
1749264639,2.41700000,451.78000000,2.445
1749264639,2.41600000,1806.40000000,2.445
1749264639,2.41500000,833.10000000,2.445
1749264639,2.41400000,881.21000000,2.445
1749264639,2.41300000,2114.29000000,2.445
1749264639,2.41200000,474.89000000,2.445
1749264639,2.41100000,3837.68000000,2.445
1749264639,2.41000000,4591.72000000,2.445
1749264639,2.40900000,5301.52000000,2.445
1749264639,2.40800000,11013.29000000,2.445
1749264639,2.40700000,1337.56000000,2.445
1749264639,2.40600000,183.09000000,2.445
1749264639,2.40500000,23.13000000,2.445
1749264639,2.40400000,6.45000000,2.445
1749264639,2.40300000,28.22000000,2.445
1749264639,2.40200000,1970.28000000,2.445
1749264639,2.40100000,589.71000000,2.445
1749264639,2.40000000,1020.03000000,2.445
1749264639,2.39900000,14.56000000,2.445
1749264639,2.39800000,168.05000000,2.445
1749264639,2.39700000,1345.64000000,2.445
1749264639,2.39600000,1120.08000000,2.445
1749264639,2.39500000,1312.73000000,2.445
1749264639,2.39400000,99.28000000,2.445
1749264639,2.39300000,14.45000000,2.445
1749264639,2.39200000,6.65000000,2.445
1749264639,2.39100000,17.35000000,2.445
1749264639,2.39000000,4225.05000000,2.445
1749264639,2.38900000,7.21000000,2.445
1749264639,2.38800000,176.29000000,2.445
1749264639,2.38700000,11.58000000,2.445
1749264639,2.38600000,104.06000000,2.445
1749264639,2.38500000,21.09000000,2.445
1749264639,2.38400000,12.88000000,2.445
1749264639,2.38300000,216.45000000,2.445
1749264639,2.38200000,83.83000000,2.445
1749264639,2.38100000,12.70000000,2.445
1749264639,2.38000000,3552.34000000,2.445
1749264639,2.37900000,4.12000000,2.445
1749264639,2.37800000,13.27000000,2.445
1749264639,2.37700000,11.38000000,2.445
1749264639,2.37600000,9.13000000,2.445
1749264639,2.37500000,111.29000000,2.445
1749264639,2.37400000,9.08000000,2.445
1749264639,2.37300000,7.49000000,2.445
1749264639,2.37200000,320.54000000,2.445
1749264639,2.37100000,7754.71000000,2.445
1749264639,2.37000000,9097.80000000,2.445
1749264639,2.36800000,162.62000000,2.445
1749264639,2.36700000,8.84000000,2.445
1749264639,2.36600000,87.11000000,2.445
1749264639,2.36500000,15.90000000,2.445
1749264639,2.36400000,7.18000000,2.445
1749264639,2.36300000,3.53000000,2.445
1749264639,2.36200000,9.50000000,2.445
1749264639,2.36100000,50.36000000,2.445
1749264639,2.36000000,623.57000000,2.445
1749264639,2.35900000,185.01000000,2.445
1749264639,2.35800000,125.27000000,2.445
1749264639,2.35700000,9.96000000,2.445
1749264639,2.35600000,11.22000000,2.445
1749264639,2.35500000,47.33000000,2.445
1749264639,2.35400000,101.00000000,2.445
1749264639,2.35300000,1814.74000000,2.445
1749264639,2.35200000,12.62000000,2.445
1749264639,2.35100000,1574.57000000,2.445
1749264639,2.35000000,4158.81000000,2.445
1749264639,2.34900000,25.41000000,2.445
1749264639,2.34800000,52.43000000,2.445
1749264639,2.34700000,9.13000000,2.445
1749264639,2.34600000,18.18000000,2.445
1749264639,2.34500000,21.82000000,2.445
1749264940,2.44800000,3648.96000000,2.449
1749264940,2.44700000,7672.26000000,2.449
1749264940,2.44600000,14634.35000000,2.449
1749264940,2.44500000,14413.36000000,2.449
1749264940,2.44400000,20973.15000000,2.449
1749264940,2.44300000,12175.84000000,2.449
1749264940,2.44200000,13145.34000000,2.449
1749264940,2.44100000,4755.48000000,2.449
1749264940,2.44000000,9332.18000000,2.449
1749264940,2.43900000,2443.45000000,2.449
1749264940,2.43800000,1150.66000000,2.449
1749264940,2.43700000,8462.92000000,2.449
1749264940,2.43600000,11985.97000000,2.449
1749264940,2.43500000,2051.18000000,2.449
1749264940,2.43400000,15319.01000000,2.449
1749264940,2.43300000,1129.51000000,2.449
1749264940,2.43200000,19142.90000000,2.449
1749264940,2.43100000,2810.96000000,2.449
1749264940,2.43000000,1261.66000000,2.449
1749264940,2.42900000,1471.10000000,2.449
1749264940,2.42800000,1247.77000000,2.449
1749264940,2.42700000,2978.57000000,2.449
1749264940,2.42600000,1987.98000000,2.449
1749264940,2.42500000,6384.47000000,2.449
1749264940,2.42400000,17146.40000000,2.449
1749264940,2.42300000,1142.61000000,2.449
1749264940,2.42200000,1438.31000000,2.449
1749264940,2.42100000,5888.95000000,2.449
1749264940,2.42000000,16830.15000000,2.449
1749264940,2.41900000,1105.42000000,2.449
1749264940,2.41800000,455.81000000,2.449
1749264940,2.41700000,451.78000000,2.449
1749264940,2.41600000,519.27000000,2.449
1749264940,2.41500000,823.93000000,2.449
1749264940,2.41400000,537.12000000,2.449
1749264940,2.41300000,3403.02000000,2.449
1749264940,2.41200000,474.89000000,2.449
1749264940,2.41100000,3438.08000000,2.449
1749264940,2.41000000,47.31000000,2.449
1749264940,2.40900000,8987.64000000,2.449
1749264940,2.40800000,10624.48000000,2.449
1749264940,2.40700000,4.16000000,2.449
1749264940,2.40600000,183.09000000,2.449
1749264940,2.40500000,23.13000000,2.449
1749264940,2.40400000,6.45000000,2.449
1749264940,2.40300000,28.22000000,2.449
1749264940,2.40200000,3306.46000000,2.449
1749264940,2.40100000,589.71000000,2.449
1749264940,2.40000000,1032.52000000,2.449
1749264940,2.39900000,56.17000000,2.449
1749264940,2.39800000,168.05000000,2.449
1749264940,2.39700000,6.67000000,2.449
1749264940,2.39600000,1078.42000000,2.449
1749264940,2.39500000,1312.73000000,2.449
1749264940,2.39400000,99.28000000,2.449
1749264940,2.39300000,14.45000000,2.449
1749264940,2.39200000,6.65000000,2.449
1749264940,2.39100000,17.35000000,2.449
1749264940,2.39000000,4212.50000000,2.449
1749264940,2.38900000,7.21000000,2.449
1749264940,2.38800000,176.29000000,2.449
1749264940,2.38700000,11.58000000,2.449
1749264940,2.38600000,104.06000000,2.449
1749264940,2.38500000,21.09000000,2.449
1749264940,2.38400000,12.88000000,2.449
1749264940,2.38300000,216.45000000,2.449
1749264940,2.38200000,83.83000000,2.449
1749264940,2.38100000,12.70000000,2.449
1749264940,2.38000000,3552.34000000,2.449
1749264940,2.37900000,4.12000000,2.449
1749264940,2.37800000,13.27000000,2.449
1749264940,2.37700000,11.38000000,2.449
1749264940,2.37600000,9.13000000,2.449
1749264940,2.37500000,111.29000000,2.449
1749264940,2.37400000,9.08000000,2.449
1749264940,2.37300000,7.46000000,2.449
1749264940,2.37200000,316.45000000,2.449
1749264940,2.37100000,3623.50000000,2.449
1749264940,2.37000000,9093.71000000,2.449
1749264940,2.36800000,162.62000000,2.449
1749264940,2.36700000,8.84000000,2.449
1749264940,2.36600000,87.11000000,2.449
1749264940,2.36500000,15.90000000,2.449
1749264940,2.36400000,7.18000000,2.449
1749264940,2.36300000,3.53000000,2.449
1749264940,2.36200000,9.50000000,2.449
1749264940,2.36100000,50.36000000,2.449
1749264940,2.36000000,623.57000000,2.449
1749264940,2.35900000,185.01000000,2.449
1749264940,2.35800000,125.27000000,2.449
1749264940,2.35700000,9.96000000,2.449
1749264940,2.35600000,11.22000000,2.449
1749264940,2.35500000,47.33000000,2.449
1749264940,2.35400000,101.00000000,2.449
1749264940,2.35300000,1814.74000000,2.449
1749264940,2.35200000,12.62000000,2.449
1749264940,2.35100000,1574.57000000,2.449
1749264940,2.35000000,4158.81000000,2.449
1749264940,2.34900000,25.41000000,2.449
1749264940,2.34800000,52.43000000,2.449
1749265242,2.45000000,564.57000000,2.451
1749265242,2.44900000,5691.16000000,2.451
1749265242,2.44800000,8973.75000000,2.451
1749265242,2.44700000,15774.48000000,2.451
1749265242,2.44600000,13930.32000000,2.451
1749265242,2.44500000,16878.19000000,2.451
1749265242,2.44400000,14658.18000000,2.451
1749265242,2.44300000,2516.76000000,2.451
1749265242,2.44200000,2909.29000000,2.451
1749265242,2.44100000,13018.22000000,2.451
1749265242,2.44000000,30669.84000000,2.451
1749265242,2.43900000,1238.94000000,2.451
1749265242,2.43800000,1427.83000000,2.451
1749265242,2.43700000,1146.99000000,2.451
1749265242,2.43600000,19143.44000000,2.451
1749265242,2.43500000,3441.25000000,2.451
1749265242,2.43400000,1641.25000000,2.451
1749265242,2.43300000,1479.87000000,2.451
1749265242,2.43200000,1253.12000000,2.451
1749265242,2.43100000,1126.37000000,2.451
1749265242,2.43000000,1438.28000000,2.451
1749265242,2.42900000,5617.87000000,2.451
1749265242,2.42800000,15850.92000000,2.451
1749265242,2.42700000,2434.49000000,2.451
1749265242,2.42600000,1431.79000000,2.451
1749265242,2.42500000,2045.35000000,2.451
1749265242,2.42400000,17104.51000000,2.451
1749265242,2.42300000,1142.61000000,2.451
1749265242,2.42200000,1438.31000000,2.451
1749265242,2.42100000,1785.54000000,2.451
1749265242,2.42000000,2283.42000000,2.451
1749265242,2.41900000,1205.81000000,2.451
1749265242,2.41800000,455.81000000,2.451
1749265242,2.41700000,451.78000000,2.451
1749265242,2.41600000,40.03000000,2.451
1749265242,2.41500000,2668.34000000,2.451
1749265242,2.41400000,96.12000000,2.451
1749265242,2.41300000,1783.41000000,2.451
1749265242,2.41200000,19.80000000,2.451
1749265242,2.41100000,2880.38000000,2.451
1749265242,2.41000000,4150.04000000,2.451
1749265242,2.40900000,8984.52000000,2.451
1749265242,2.40800000,8816.17000000,2.451
1749265242,2.40700000,4.16000000,2.451
1749265242,2.40600000,183.09000000,2.451
1749265242,2.40500000,23.13000000,2.451
1749265242,2.40400000,4.16000000,2.451
1749265242,2.40300000,1131.96000000,2.451
1749265242,2.40200000,3306.46000000,2.451
1749265242,2.40100000,463.61000000,2.451
1749265242,2.40000000,1034.61000000,2.451
1749265242,2.39900000,14.56000000,2.451
1749265242,2.39800000,168.05000000,2.451
1749265242,2.39700000,6.67000000,2.451
1749265242,2.39600000,9.12000000,2.451
1749265242,2.39500000,1312.73000000,2.451
1749265242,2.39400000,99.28000000,2.451
1749265242,2.39300000,14.45000000,2.451
1749265242,2.39200000,6.65000000,2.451
1749265242,2.39100000,17.35000000,2.451
1749265242,2.39000000,4212.50000000,2.451
1749265242,2.38900000,7.21000000,2.451
1749265242,2.38800000,176.29000000,2.451
1749265242,2.38700000,11.58000000,2.451
1749265242,2.38600000,104.06000000,2.451
1749265242,2.38500000,21.09000000,2.451
1749265242,2.38400000,12.88000000,2.451
1749265242,2.38300000,216.45000000,2.451
1749265242,2.38200000,83.83000000,2.451
1749265242,2.38100000,12.70000000,2.451
1749265242,2.38000000,3552.34000000,2.451
1749265242,2.37900000,4.12000000,2.451
1749265242,2.37800000,13.27000000,2.451
1749265242,2.37700000,11.34000000,2.451
1749265242,2.37600000,9.09000000,2.451
1749265242,2.37500000,111.25000000,2.451
1749265242,2.37400000,4.96000000,2.451
1749265242,2.37300000,3.37000000,2.451
1749265242,2.37200000,316.45000000,2.451
1749265242,2.37100000,3623.50000000,2.451
1749265242,2.37000000,9093.71000000,2.451
1749265242,2.36800000,162.62000000,2.451
1749265242,2.36700000,8.84000000,2.451
1749265242,2.36600000,87.11000000,2.451
1749265242,2.36500000,15.90000000,2.451
1749265242,2.36400000,7.18000000,2.451
1749265242,2.36300000,3.53000000,2.451
1749265242,2.36200000,135.60000000,2.451
1749265242,2.36100000,50.36000000,2.451
1749265242,2.36000000,489.34000000,2.451
1749265242,2.35900000,185.01000000,2.451
1749265242,2.35800000,125.27000000,2.451
1749265242,2.35700000,9.96000000,2.451
1749265242,2.35600000,11.22000000,2.451
1749265242,2.35500000,47.33000000,2.451
1749265242,2.35400000,101.00000000,2.451
1749265242,2.35300000,1814.74000000,2.451
1749265242,2.35200000,12.62000000,2.451
1749265242,2.35100000,1574.57000000,2.451
1749265242,2.35000000,4158.81000000,2.451
1749265543,2.45300000,788.26000000,2.453
1749265543,2.45200000,6051.88000000,2.453
1749265543,2.45100000,9116.76000000,2.453
1749265543,2.45000000,14209.02000000,2.453
1749265543,2.44900000,21313.63000000,2.453
1749265543,2.44800000,7576.25000000,2.453
1749265543,2.44700000,16083.29000000,2.453
1749265543,2.44600000,7701.58000000,2.453
1749265543,2.44500000,7564.40000000,2.453
1749265543,2.44400000,1450.56000000,2.453
1749265543,2.44300000,5178.52000000,2.453
1749265543,2.44200000,19136.33000000,2.453
1749265543,2.44100000,3588.62000000,2.453
1749265543,2.44000000,15737.52000000,2.453
1749265543,2.43900000,1306.98000000,2.453
1749265543,2.43800000,1337.50000000,2.453
1749265543,2.43700000,2620.04000000,2.453
1749265543,2.43600000,19140.36000000,2.453
1749265543,2.43500000,1327.33000000,2.453
1749265543,2.43400000,1984.06000000,2.453
1749265543,2.43300000,1448.89000000,2.453
1749265543,2.43200000,1147.02000000,2.453
1749265543,2.43100000,1084.48000000,2.453
1749265543,2.43000000,1401.26000000,2.453
1749265543,2.42900000,5587.40000000,2.453
1749265543,2.42800000,17002.37000000,2.453
1749265543,2.42700000,18731.54000000,2.453
1749265543,2.42600000,664.65000000,2.453
1749265543,2.42500000,1449.90000000,2.453
1749265543,2.42400000,823.88000000,2.453
1749265543,2.42300000,848.68000000,2.453
1749265543,2.42200000,450.64000000,2.453
1749265543,2.42100000,450.33000000,2.453
1749265543,2.42000000,3283.37000000,2.453
1749265543,2.41900000,1504.92000000,2.453
1749265543,2.41800000,455.81000000,2.453
1749265543,2.41700000,1403.59000000,2.453
1749265543,2.41600000,36.92000000,2.453
1749265543,2.41500000,1839.66000000,2.453
1749265543,2.41400000,93.01000000,2.453
1749265543,2.41300000,9.21000000,2.453
1749265543,2.41200000,19.80000000,2.453
1749265543,2.41100000,2439.38000000,2.453
1749265543,2.41000000,4150.04000000,2.453
1749265543,2.40900000,9577.10000000,2.453
1749265543,2.40800000,8813.88000000,2.453
1749265543,2.40700000,4.16000000,2.453
1749265543,2.40600000,183.09000000,2.453
1749265543,2.40500000,481.64000000,2.453
1749265543,2.40400000,4.16000000,2.453
1749265543,2.40300000,1090.42000000,2.453
1749265543,2.40200000,1970.28000000,2.453
1749265543,2.40100000,463.61000000,2.453
1749265543,2.40000000,2087.67000000,2.453
1749265543,2.39900000,14.56000000,2.453
1749265543,2.39800000,168.05000000,2.453
1749265543,2.39700000,6.67000000,2.453
1749265543,2.39600000,9.12000000,2.453
1749265543,2.39500000,852.30000000,2.453
1749265543,2.39400000,99.28000000,2.453
1749265543,2.39300000,14.45000000,2.453
1749265543,2.39200000,6.65000000,2.453
1749265543,2.39100000,17.35000000,2.453
1749265543,2.39000000,4212.50000000,2.453
1749265543,2.38900000,7.21000000,2.453
1749265543,2.38800000,176.29000000,2.453
1749265543,2.38700000,11.58000000,2.453
1749265543,2.38600000,104.06000000,2.453
1749265543,2.38500000,21.09000000,2.453
1749265543,2.38400000,12.88000000,2.453
1749265543,2.38300000,216.45000000,2.453
1749265543,2.38200000,83.83000000,2.453
1749265543,2.38100000,12.65000000,2.453
1749265543,2.38000000,3552.29000000,2.453
1749265543,2.37900000,4.08000000,2.453
1749265543,2.37800000,13.23000000,2.453
1749265543,2.37700000,7.26000000,2.453
1749265543,2.37600000,5.01000000,2.453
1749265543,2.37500000,107.17000000,2.453
1749265543,2.37400000,4.96000000,2.453
1749265543,2.37300000,3.37000000,2.453
1749265543,2.37200000,316.45000000,2.453
1749265543,2.37100000,3623.50000000,2.453
1749265543,2.37000000,9093.71000000,2.453
1749265543,2.36800000,162.62000000,2.453
1749265543,2.36700000,8.84000000,2.453
1749265543,2.36600000,87.11000000,2.453
1749265543,2.36500000,15.90000000,2.453
1749265543,2.36400000,7.18000000,2.453
1749265543,2.36300000,3.53000000,2.453
1749265543,2.36200000,135.60000000,2.453
1749265543,2.36100000,50.36000000,2.453
1749265543,2.36000000,489.34000000,2.453
1749265543,2.35900000,185.01000000,2.453
1749265543,2.35800000,125.27000000,2.453
1749265543,2.35700000,9.96000000,2.453
1749265543,2.35600000,11.22000000,2.453
1749265543,2.35500000,47.33000000,2.453
1749265543,2.35400000,101.00000000,2.453
1749265543,2.35300000,1814.74000000,2.453
1749265845,2.45400000,3746.55000000,2.455
1749265845,2.45300000,8650.96000000,2.455
1749265845,2.45200000,14095.30000000,2.455
1749265845,2.45100000,11686.21000000,2.455
1749265845,2.45000000,18516.05000000,2.455
1749265845,2.44900000,13290.41000000,2.455
1749265845,2.44800000,10919.15000000,2.455
1749265845,2.44700000,2416.67000000,2.455
1749265845,2.44600000,9949.45000000,2.455
1749265845,2.44500000,11682.70000000,2.455
1749265845,2.44400000,12367.12000000,2.455
1749265845,2.44300000,15316.33000000,2.455
1749265845,2.44200000,1144.16000000,2.455
1749265845,2.44100000,1761.52000000,2.455
1749265845,2.44000000,21271.73000000,2.455
1749265845,2.43900000,1129.40000000,2.455
1749265845,2.43800000,1550.18000000,2.455
1749265845,2.43700000,2620.04000000,2.455
1749265845,2.43600000,1253.67000000,2.455
1749265845,2.43500000,1327.33000000,2.455
1749265845,2.43400000,1984.06000000,2.455
1749265845,2.43300000,1448.89000000,2.455
1749265845,2.43200000,1147.02000000,2.455
1749265845,2.43100000,1084.48000000,2.455
1749265845,2.43000000,1731.26000000,2.455
1749265845,2.42900000,5257.40000000,2.455
1749265845,2.42800000,16554.69000000,2.455
1749265845,2.42700000,18731.54000000,2.455
1749265845,2.42600000,664.65000000,2.455
1749265845,2.42500000,1734.59000000,2.455
1749265845,2.42400000,823.88000000,2.455
1749265845,2.42300000,836.76000000,2.455
1749265845,2.42200000,4554.05000000,2.455
1749265845,2.42100000,9248.80000000,2.455
1749265845,2.42000000,3242.47000000,2.455
1749265845,2.41900000,1504.92000000,2.455
1749265845,2.41800000,497.09000000,2.455
1749265845,2.41700000,748.05000000,2.455
1749265845,2.41600000,36.92000000,2.455
1749265845,2.41500000,1839.66000000,2.455
1749265845,2.41400000,93.01000000,2.455
1749265845,2.41300000,9.21000000,2.455
1749265845,2.41200000,19.80000000,2.455
1749265845,2.41100000,2439.38000000,2.455
1749265845,2.41000000,46.63000000,2.455
1749265845,2.40900000,1336.45000000,2.455
1749265845,2.40800000,15.41000000,2.455
1749265845,2.40700000,4.16000000,2.455
1749265845,2.40600000,224.58000000,2.455
1749265845,2.40500000,481.64000000,2.455
1749265845,2.40400000,4.16000000,2.455
1749265845,2.40300000,1090.42000000,2.455
1749265845,2.40200000,1970.28000000,2.455
1749265845,2.40100000,463.61000000,2.455
1749265845,2.40000000,2087.67000000,2.455
1749265845,2.39900000,14.56000000,2.455
1749265845,2.39800000,168.05000000,2.455
1749265845,2.39700000,6.67000000,2.455
1749265845,2.39600000,9.12000000,2.455
1749265845,2.39500000,852.30000000,2.455
1749265845,2.39400000,99.28000000,2.455
1749265845,2.39300000,14.45000000,2.455
1749265845,2.39200000,6.65000000,2.455
1749265845,2.39100000,17.35000000,2.455
1749265845,2.39000000,4212.50000000,2.455
1749265845,2.38900000,7.21000000,2.455
1749265845,2.38800000,176.29000000,2.455
1749265845,2.38700000,11.58000000,2.455
1749265845,2.38600000,104.06000000,2.455
1749265845,2.38500000,21.09000000,2.455
1749265845,2.38400000,12.88000000,2.455
1749265845,2.38300000,216.45000000,2.455
1749265845,2.38200000,83.83000000,2.455
1749265845,2.38100000,12.65000000,2.455
1749265845,2.38000000,3552.29000000,2.455
1749265845,2.37900000,4.07000000,2.455
1749265845,2.37800000,9.15000000,2.455
1749265845,2.37700000,7.26000000,2.455
1749265845,2.37600000,5.01000000,2.455
1749265845,2.37500000,107.17000000,2.455
1749265845,2.37400000,4.96000000,2.455
1749265845,2.37300000,3.37000000,2.455
1749265845,2.37200000,4429.98000000,2.455
1749265845,2.37100000,7750.62000000,2.455
1749265845,2.37000000,9093.71000000,2.455
1749265845,2.36800000,162.62000000,2.455
1749265845,2.36700000,8.84000000,2.455
1749265845,2.36600000,87.11000000,2.455
1749265845,2.36500000,15.90000000,2.455
1749265845,2.36400000,7.18000000,2.455
1749265845,2.36300000,3.53000000,2.455
1749265845,2.36200000,135.60000000,2.455
1749265845,2.36100000,50.36000000,2.455
1749265845,2.36000000,489.34000000,2.455
1749265845,2.35900000,185.01000000,2.455
1749265845,2.35800000,125.27000000,2.455
1749265845,2.35700000,9.96000000,2.455
1749265845,2.35600000,11.22000000,2.455
1749265845,2.35500000,47.33000000,2.455
1749265845,2.35400000,101.00000000,2.455
1749266146,2.46000000,2877.08000000,2.461
1749266146,2.45900000,7111.68000000,2.461
1749266146,2.45800000,12670.60000000,2.461
1749266146,2.45700000,19312.74000000,2.461
1749266146,2.45600000,18110.92000000,2.461
1749266146,2.45500000,10762.81000000,2.461
1749266146,2.45400000,8409.34000000,2.461
1749266146,2.45300000,4532.29000000,2.461
1749266146,2.45200000,5393.98000000,2.461
1749266146,2.45100000,4586.63000000,2.461
1749266146,2.45000000,2602.42000000,2.461
1749266146,2.44900000,1148.16000000,2.461
1749266146,2.44800000,8680.40000000,2.461
1749266146,2.44700000,1132.32000000,2.461
1749266146,2.44600000,27704.23000000,2.461
1749266146,2.44500000,19305.88000000,2.461
1749266146,2.44400000,1443.04000000,2.461
1749266146,2.44300000,3236.93000000,2.461
1749266146,2.44200000,1133.58000000,2.461
1749266146,2.44100000,1993.23000000,2.461
1749266146,2.44000000,1538.91000000,2.461
1749266146,2.43900000,1128.86000000,2.461
1749266146,2.43800000,1465.68000000,2.461
1749266146,2.43700000,5222.10000000,2.461
1749266146,2.43600000,33504.34000000,2.461
1749266146,2.43500000,1087.99000000,2.461
1749266146,2.43400000,1086.97000000,2.461
1749266146,2.43300000,1438.16000000,2.461
1749266146,2.43200000,2137.20000000,2.461
1749266146,2.43100000,1084.48000000,2.461
1749266146,2.43000000,764.99000000,2.461
1749266146,2.42900000,527.80000000,2.461
1749266146,2.42800000,2803.39000000,2.461
1749266146,2.42700000,1251.16000000,2.461
1749266146,2.42600000,1779.47000000,2.461
1749266146,2.42500000,1707.45000000,2.461
1749266146,2.42400000,823.88000000,2.461
1749266146,2.42300000,2449.55000000,2.461
1749266146,2.42200000,8267.79000000,2.461
1749266146,2.42100000,8820.50000000,2.461
1749266146,2.42000000,156.18000000,2.461
1749266146,2.41900000,25.05000000,2.461
1749266146,2.41800000,11.71000000,2.461
1749266146,2.41700000,744.94000000,2.461
1749266146,2.41600000,36.92000000,2.461
1749266146,2.41500000,36.58000000,2.461
1749266146,2.41400000,1422.55000000,2.461
1749266146,2.41300000,9.21000000,2.461
1749266146,2.41200000,17.51000000,2.461
1749266146,2.41100000,2439.38000000,2.461
1749266146,2.41000000,46.63000000,2.461
1749266146,2.40900000,16.59000000,2.461
1749266146,2.40800000,15.41000000,2.461
1749266146,2.40700000,4.16000000,2.461
1749266146,2.40600000,183.09000000,2.461
1749266146,2.40500000,481.64000000,2.461
1749266146,2.40400000,4131.28000000,2.461
1749266146,2.40300000,9190.75000000,2.461
1749266146,2.40200000,1970.28000000,2.461
1749266146,2.40100000,16900.54000000,2.461
1749266146,2.40000000,102075.18000000,2.461
1749266146,2.39900000,14.56000000,2.461
1749266146,2.39800000,168.05000000,2.461
1749266146,2.39700000,6.67000000,2.461
1749266146,2.39600000,9.12000000,2.461
1749266146,2.39500000,852.30000000,2.461
1749266146,2.39400000,99.28000000,2.461
1749266146,2.39300000,14.45000000,2.461
1749266146,2.39200000,6.65000000,2.461
1749266146,2.39100000,17.35000000,2.461
1749266146,2.39000000,4212.50000000,2.461
1749266146,2.38900000,7.21000000,2.461
1749266146,2.38800000,176.29000000,2.461
1749266146,2.38700000,11.58000000,2.461
1749266146,2.38600000,104.06000000,2.461
1749266146,2.38500000,21.04000000,2.461
1749266146,2.38400000,8.76000000,2.461
1749266146,2.38300000,212.33000000,2.461
1749266146,2.38200000,79.71000000,2.461
1749266146,2.38100000,8.58000000,2.461
1749266146,2.38000000,3548.22000000,2.461
1749266146,2.37800000,9.15000000,2.461
1749266146,2.37700000,7.26000000,2.461
1749266146,2.37600000,5.01000000,2.461
1749266146,2.37500000,107.17000000,2.461
1749266146,2.37400000,4.96000000,2.461
1749266146,2.37300000,3.37000000,2.461
1749266146,2.37200000,316.45000000,2.461
1749266146,2.37100000,3623.50000000,2.461
1749266146,2.37000000,1033.63000000,2.461
1749266146,2.36800000,162.62000000,2.461
1749266146,2.36700000,8.84000000,2.461
1749266146,2.36600000,87.11000000,2.461
1749266146,2.36500000,15.90000000,2.461
1749266146,2.36400000,7.18000000,2.461
1749266146,2.36300000,3.53000000,2.461
1749266146,2.36200000,135.60000000,2.461
1749266146,2.36100000,50.36000000,2.461
1749266146,2.36000000,489.34000000,2.461
1749266146,2.35900000,185.01000000,2.461
1749266448,2.45800000,1868.52000000,2.459
1749266448,2.45700000,10924.42000000,2.459
1749266448,2.45600000,14090.63000000,2.459
1749266448,2.45500000,19779.73000000,2.459
1749266448,2.45400000,17344.64000000,2.459
1749266448,2.45300000,9463.31000000,2.459
1749266448,2.45200000,8257.09000000,2.459
1749266448,2.45100000,8514.09000000,2.459
1749266448,2.45000000,12799.54000000,2.459
1749266448,2.44900000,22177.65000000,2.459
1749266448,2.44800000,1626.61000000,2.459
1749266448,2.44700000,1141.03000000,2.459
1749266448,2.44600000,1220.74000000,2.459
1749266448,2.44500000,19221.86000000,2.459
1749266448,2.44400000,3181.91000000,2.459
1749266448,2.44300000,1749.33000000,2.459
1749266448,2.44200000,2619.06000000,2.459
1749266448,2.44100000,1990.15000000,2.459
1749266448,2.44000000,1544.43000000,2.459
1749266448,2.43900000,1128.86000000,2.459
1749266448,2.43800000,1922.43000000,2.459
1749266448,2.43700000,1086.87000000,2.459
1749266448,2.43600000,35908.22000000,2.459
1749266448,2.43500000,1143.93000000,2.459
1749266448,2.43400000,1428.51000000,2.459
1749266448,2.43300000,1141.84000000,2.459
1749266448,2.43200000,667.50000000,2.459
1749266448,2.43100000,1768.45000000,2.459
1749266448,2.43000000,764.99000000,2.459
1749266448,2.42900000,813.31000000,2.459
1749266448,2.42800000,838.91000000,2.459
1749266448,2.42700000,1561.18000000,2.459
1749266448,2.42600000,1779.47000000,2.459
1749266448,2.42500000,2798.05000000,2.459
1749266448,2.42400000,27.24000000,2.459
1749266448,2.42300000,664.20000000,2.459
1749266448,2.42200000,8664.48000000,2.459
1749266448,2.42100000,9258.40000000,2.459
1749266448,2.42000000,156.18000000,2.459
1749266448,2.41900000,22.57000000,2.459
1749266448,2.41800000,11.71000000,2.459
1749266448,2.41700000,7.67000000,2.459
1749266448,2.41600000,34.64000000,2.459
1749266448,2.41500000,36.58000000,2.459
1749266448,2.41400000,1422.55000000,2.459
1749266448,2.41300000,9.21000000,2.459
1749266448,2.41200000,17.51000000,2.459
1749266448,2.41100000,2439.38000000,2.459
1749266448,2.41000000,46.63000000,2.459
1749266448,2.40900000,16.59000000,2.459
1749266448,2.40800000,15.41000000,2.459
1749266448,2.40700000,4.16000000,2.459
1749266448,2.40600000,183.09000000,2.459
1749266448,2.40500000,481.64000000,2.459
1749266448,2.40400000,4.16000000,2.459
1749266448,2.40300000,8128.55000000,2.459
1749266448,2.40200000,6097.40000000,2.459
1749266448,2.40100000,16900.54000000,2.459
1749266448,2.40000000,102075.18000000,2.459
1749266448,2.39900000,14.56000000,2.459
1749266448,2.39800000,168.05000000,2.459
1749266448,2.39700000,6.67000000,2.459
1749266448,2.39600000,9.12000000,2.459
1749266448,2.39500000,852.30000000,2.459
1749266448,2.39400000,99.28000000,2.459
1749266448,2.39300000,14.45000000,2.459
1749266448,2.39200000,6.65000000,2.459
1749266448,2.39100000,17.35000000,2.459
1749266448,2.39000000,4212.50000000,2.459
1749266448,2.38900000,7.21000000,2.459
1749266448,2.38800000,176.23000000,2.459
1749266448,2.38700000,11.52000000,2.459
1749266448,2.38600000,104.01000000,2.459
1749266448,2.38500000,21.04000000,2.459
1749266448,2.38400000,12.83000000,2.459
1749266448,2.38300000,216.40000000,2.459
1749266448,2.38200000,79.71000000,2.459
1749266448,2.38100000,8.58000000,2.459
1749266448,2.38000000,3548.22000000,2.459
1749266448,2.37800000,9.15000000,2.459
1749266448,2.37700000,7.26000000,2.459
1749266448,2.37600000,5.01000000,2.459
1749266448,2.37500000,107.17000000,2.459
1749266448,2.37400000,4.96000000,2.459
1749266448,2.37300000,53.65000000,2.459
1749266448,2.37200000,316.45000000,2.459
1749266448,2.37100000,3623.50000000,2.459
1749266448,2.37000000,1033.63000000,2.459
1749266448,2.36800000,162.62000000,2.459
1749266448,2.36700000,8.84000000,2.459
1749266448,2.36600000,87.11000000,2.459
1749266448,2.36500000,15.90000000,2.459
1749266448,2.36400000,7.18000000,2.459
1749266448,2.36300000,3.53000000,2.459
1749266448,2.36200000,135.60000000,2.459
1749266448,2.36100000,50.36000000,2.459
1749266448,2.36000000,489.34000000,2.459
1749266448,2.35900000,185.01000000,2.459
1749266448,2.35800000,125.27000000,2.459
1749266448,2.35700000,9.96000000,2.459
1749266750,2.46400000,2101.28000000,2.465
1749266750,2.46300000,7145.88000000,2.465
1749266750,2.46200000,11396.94000000,2.465
1749266750,2.46100000,16923.57000000,2.465
1749266750,2.46000000,19378.38000000,2.465
1749266750,2.45900000,9540.86000000,2.465
1749266750,2.45800000,10072.35000000,2.465
1749266750,2.45700000,1517.93000000,2.465
1749266750,2.45600000,4359.18000000,2.465
1749266750,2.45500000,8116.20000000,2.465
1749266750,2.45400000,1165.10000000,2.465
1749266750,2.45300000,1169.86000000,2.465
1749266750,2.45200000,33316.98000000,2.465
1749266750,2.45100000,3066.92000000,2.465
1749266750,2.45000000,1129.15000000,2.465
1749266750,2.44900000,1152.64000000,2.465
1749266750,2.44800000,2536.77000000,2.465
1749266750,2.44700000,2620.07000000,2.465
1749266750,2.44600000,1208.44000000,2.465
1749266750,2.44500000,19203.96000000,2.465
1749266750,2.44400000,1171.38000000,2.465
1749266750,2.44300000,1086.54000000,2.465
1749266750,2.44200000,1318.18000000,2.465
1749266750,2.44100000,1440.52000000,2.465
1749266750,2.44000000,7322.52000000,2.465
1749266750,2.43900000,17086.99000000,2.465
1749266750,2.43800000,1423.79000000,2.465
1749266750,2.43700000,450.60000000,2.465
1749266750,2.43600000,19276.98000000,2.465
1749266750,2.43500000,1239.48000000,2.465
1749266750,2.43400000,462.24000000,2.465
1749266750,2.43300000,1848.81000000,2.465
1749266750,2.43200000,459.87000000,2.465
1749266750,2.43100000,1768.45000000,2.465
1749266750,2.43000000,764.99000000,2.465
1749266750,2.42900000,471.27000000,2.465
1749266750,2.42800000,1872.33000000,2.465
1749266750,2.42700000,31.71000000,2.465
1749266750,2.42600000,12.42000000,2.465
1749266750,2.42500000,1699.82000000,2.465
1749266750,2.42400000,24.14000000,2.465
1749266750,2.42300000,9.13000000,2.465
1749266750,2.42200000,8247.19000000,2.465
1749266750,2.42100000,8817.40000000,2.465
1749266750,2.42000000,153.90000000,2.465
1749266750,2.41900000,1081.40000000,2.465
1749266750,2.41800000,52.99000000,2.465
1749266750,2.41700000,273.36000000,2.465
1749266750,2.41600000,491.07000000,2.465
1749266750,2.41500000,36.58000000,2.465
1749266750,2.41400000,1422.55000000,2.465
1749266750,2.41300000,9.21000000,2.465
1749266750,2.41200000,17.51000000,2.465
1749266750,2.41100000,2439.38000000,2.465
1749266750,2.41000000,46.63000000,2.465
1749266750,2.40900000,4.15000000,2.465
1749266750,2.40800000,15.41000000,2.465
1749266750,2.40700000,4.16000000,2.465
1749266750,2.40600000,183.09000000,2.465
1749266750,2.40500000,23.13000000,2.465
1749266750,2.40400000,4.16000000,2.465
1749266750,2.40300000,8128.55000000,2.465
1749266750,2.40200000,1970.28000000,2.465
1749266750,2.40100000,16900.54000000,2.465
1749266750,2.40000000,102075.18000000,2.465
1749266750,2.39900000,14.56000000,2.465
1749266750,2.39800000,168.05000000,2.465
1749266750,2.39700000,6.67000000,2.465
1749266750,2.39600000,9.12000000,2.465
1749266750,2.39500000,852.30000000,2.465
1749266750,2.39400000,99.28000000,2.465
1749266750,2.39300000,14.38000000,2.465
1749266750,2.39200000,6.59000000,2.465
1749266750,2.39100000,17.29000000,2.465
1749266750,2.39000000,4212.44000000,2.465
1749266750,2.38900000,7.15000000,2.465
1749266750,2.38800000,172.17000000,2.465
1749266750,2.38700000,7.46000000,2.465
1749266750,2.38600000,99.94000000,2.465
1749266750,2.38500000,16.97000000,2.465
1749266750,2.38400000,8.76000000,2.465
1749266750,2.38300000,212.33000000,2.465
1749266750,2.38200000,79.71000000,2.465
1749266750,2.38100000,8.58000000,2.465
1749266750,2.38000000,3940.89000000,2.465
1749266750,2.37800000,135.25000000,2.465
1749266750,2.37700000,7.26000000,2.465
1749266750,2.37600000,5.01000000,2.465
1749266750,2.37500000,107.17000000,2.465
1749266750,2.37400000,4.96000000,2.465
1749266750,2.37300000,53.65000000,2.465
1749266750,2.37200000,316.45000000,2.465
1749266750,2.37100000,3623.50000000,2.465
1749266750,2.37000000,1033.63000000,2.465
1749266750,2.36800000,162.62000000,2.465
1749266750,2.36700000,8.84000000,2.465
1749266750,2.36600000,87.11000000,2.465
1749266750,2.36500000,15.90000000,2.465
1749266750,2.36400000,7.18000000,2.465
1749266750,2.36300000,3.53000000,2.465
1749267051,2.46200000,4057.32000000,2.462
1749267051,2.46100000,9997.85000000,2.462
1749267051,2.46000000,16429.27000000,2.462
1749267051,2.45900000,14225.38000000,2.462
1749267051,2.45800000,20184.57000000,2.462
1749267051,2.45700000,9033.10000000,2.462
1749267051,2.45600000,8717.39000000,2.462
1749267051,2.45500000,8378.74000000,2.462
1749267051,2.45400000,12835.49000000,2.462
1749267051,2.45300000,4549.22000000,2.462
1749267051,2.45200000,19151.30000000,2.462
1749267051,2.45100000,1356.00000000,2.462
1749267051,2.45000000,1140.85000000,2.462
1749267051,2.44900000,19039.33000000,2.462
1749267051,2.44800000,1929.33000000,2.462
1749267051,2.44700000,1137.96000000,2.462
1749267051,2.44600000,3568.07000000,2.462
1749267051,2.44500000,2997.19000000,2.462
1749267051,2.44400000,15835.52000000,2.462
1749267051,2.44300000,1086.54000000,2.462
1749267051,2.44200000,5243.82000000,2.462
1749267051,2.44100000,1451.36000000,2.462
1749267051,2.44000000,1390.17000000,2.462
1749267051,2.43900000,1086.99000000,2.462
1749267051,2.43800000,2075.85000000,2.462
1749267051,2.43700000,4540.58000000,2.462
1749267051,2.43600000,17028.92000000,2.462
1749267051,2.43500000,1183.54000000,2.462
1749267051,2.43400000,1780.85000000,2.462
1749267051,2.43300000,798.86000000,2.462
1749267051,2.43200000,459.87000000,2.462
1749267051,2.43100000,6248.36000000,2.462
1749267051,2.43000000,11994.85000000,2.462
1749267051,2.42900000,796.45000000,2.462
1749267051,2.42800000,483.06000000,2.462
1749267051,2.42700000,1170.18000000,2.462
1749267051,2.42600000,1519.26000000,2.462
1749267051,2.42500000,3023.33000000,2.462
1749267051,2.42400000,24.14000000,2.462
1749267051,2.42300000,336.25000000,2.462
1749267051,2.42200000,4120.07000000,2.462
1749267051,2.42100000,8817.40000000,2.462
1749267051,2.42000000,153.90000000,2.462
1749267051,2.41900000,34.96000000,2.462
1749267051,2.41800000,11.71000000,2.462
1749267051,2.41700000,273.36000000,2.462
1749267051,2.41600000,491.07000000,2.462
1749267051,2.41500000,36.58000000,2.462
1749267051,2.41400000,2355.86000000,2.462
1749267051,2.41300000,174.68000000,2.462
1749267051,2.41200000,17.51000000,2.462
1749267051,2.41100000,6153.88000000,2.462
1749267051,2.41000000,46.63000000,2.462
1749267051,2.40900000,4.15000000,2.462
1749267051,2.40800000,15.41000000,2.462
1749267051,2.40700000,4.16000000,2.462
1749267051,2.40600000,183.09000000,2.462
1749267051,2.40500000,23.13000000,2.462
1749267051,2.40400000,4.16000000,2.462
1749267051,2.40300000,8128.55000000,2.462
1749267051,2.40200000,4146.42000000,2.462
1749267051,2.40100000,16900.54000000,2.462
1749267051,2.40000000,102075.18000000,2.462
1749267051,2.39900000,14.56000000,2.462
1749267051,2.39800000,168.05000000,2.462
1749267051,2.39700000,6.67000000,2.462
1749267051,2.39600000,9.12000000,2.462
1749267051,2.39500000,852.30000000,2.462
1749267051,2.39400000,99.28000000,2.462
1749267051,2.39300000,14.38000000,2.462
1749267051,2.39200000,6.59000000,2.462
1749267051,2.39100000,17.29000000,2.462
1749267051,2.39000000,497.94000000,2.462
1749267051,2.38900000,7.15000000,2.462
1749267051,2.38800000,176.23000000,2.462
1749267051,2.38700000,11.52000000,2.462
1749267051,2.38600000,99.94000000,2.462
1749267051,2.38500000,16.97000000,2.462
1749267051,2.38400000,8.76000000,2.462
1749267051,2.38300000,212.33000000,2.462
1749267051,2.38200000,79.71000000,2.462
1749267051,2.38100000,8.58000000,2.462
1749267051,2.38000000,3940.89000000,2.462
1749267051,2.37800000,135.25000000,2.462
1749267051,2.37700000,7.26000000,2.462
1749267051,2.37600000,5.01000000,2.462
1749267051,2.37500000,107.17000000,2.462
1749267051,2.37400000,4.96000000,2.462
1749267051,2.37300000,53.65000000,2.462
1749267051,2.37200000,316.45000000,2.462
1749267051,2.37100000,3623.50000000,2.462
1749267051,2.37000000,1033.63000000,2.462
1749267051,2.36800000,162.62000000,2.462
1749267051,2.36700000,8.84000000,2.462
1749267051,2.36600000,87.11000000,2.462
1749267051,2.36500000,15.90000000,2.462
1749267051,2.36400000,7.18000000,2.462
1749267051,2.36300000,3.53000000,2.462
1749267051,2.36200000,9.50000000,2.462
1749267051,2.36100000,50.36000000,2.462
1749267353,2.46800000,3869.19000000,2.468
1749267353,2.46700000,8229.86000000,2.468
1749267353,2.46600000,12216.19000000,2.468
1749267353,2.46500000,14896.17000000,2.468
1749267353,2.46400000,24467.10000000,2.468
1749267353,2.46300000,2461.36000000,2.468
1749267353,2.46200000,13700.37000000,2.468
1749267353,2.46100000,2421.91000000,2.468
1749267353,2.46000000,5814.05000000,2.468
1749267353,2.45900000,5851.59000000,2.468
1749267353,2.45800000,10076.33000000,2.468
1749267353,2.45700000,1619.71000000,2.468
1749267353,2.45600000,1246.18000000,2.468
1749267353,2.45500000,8376.49000000,2.468
1749267353,2.45400000,11779.28000000,2.468
1749267353,2.45300000,1183.80000000,2.468
1749267353,2.45200000,15433.19000000,2.468
1749267353,2.45100000,1129.13000000,2.468
1749267353,2.45000000,3060.17000000,2.468
1749267353,2.44900000,20520.23000000,2.468
1749267353,2.44800000,1914.90000000,2.468
1749267353,2.44700000,1137.96000000,2.468
1749267353,2.44600000,1208.44000000,2.468
1749267353,2.44500000,5407.25000000,2.468
1749267353,2.44400000,16165.52000000,2.468
1749267353,2.44300000,1086.54000000,2.468
1749267353,2.44200000,6232.94000000,2.468
1749267353,2.44100000,1865.93000000,2.468
1749267353,2.44000000,5488.53000000,2.468
1749267353,2.43900000,17086.99000000,2.468
1749267353,2.43800000,1476.57000000,2.468
1749267353,2.43700000,450.60000000,2.468
1749267353,2.43600000,473.98000000,2.468
1749267353,2.43500000,1183.54000000,2.468
1749267353,2.43400000,1821.86000000,2.468
1749267353,2.43300000,457.13000000,2.468
1749267353,2.43200000,459.87000000,2.468
1749267353,2.43100000,6197.52000000,2.468
1749267353,2.43000000,11994.85000000,2.468
1749267353,2.42900000,512.36000000,2.468
1749267353,2.42800000,42.06000000,2.468
1749267353,2.42700000,31.71000000,2.468
1749267353,2.42600000,1478.12000000,2.468
1749267353,2.42500000,3023.33000000,2.468
1749267353,2.42400000,24.14000000,2.468
1749267353,2.42300000,6.66000000,2.468
1749267353,2.42200000,4133.66000000,2.468
1749267353,2.42100000,8817.40000000,2.468
1749267353,2.42000000,153.90000000,2.468
1749267353,2.41900000,1361.75000000,2.468
1749267353,2.41800000,11.71000000,2.468
1749267353,2.41700000,314.66000000,2.468
1749267353,2.41600000,491.07000000,2.468
1749267353,2.41500000,36.58000000,2.468
1749267353,2.41400000,984.97000000,2.468
1749267353,2.41300000,174.68000000,2.468
1749267353,2.41200000,17.51000000,2.468
1749267353,2.41100000,6153.88000000,2.468
1749267353,2.41000000,46.63000000,2.468
1749267353,2.40900000,4.15000000,2.468
1749267353,2.40800000,15.41000000,2.468
1749267353,2.40700000,4.16000000,2.468
1749267353,2.40600000,183.09000000,2.468
1749267353,2.40500000,23.13000000,2.468
1749267353,2.40400000,4.16000000,2.468
1749267353,2.40300000,8128.55000000,2.468
1749267353,2.40200000,19.30000000,2.468
1749267353,2.40100000,16900.54000000,2.468
1749267353,2.40000000,102075.18000000,2.468
1749267353,2.39900000,14.56000000,2.468
1749267353,2.39800000,168.05000000,2.468
1749267353,2.39700000,6.67000000,2.468
1749267353,2.39600000,9.12000000,2.468
1749267353,2.39500000,852.30000000,2.468
1749267353,2.39400000,99.28000000,2.468
1749267353,2.39300000,14.38000000,2.468
1749267353,2.39200000,2.53000000,2.468
1749267353,2.39100000,13.23000000,2.468
1749267353,2.39000000,493.88000000,2.468
1749267353,2.38900000,3.09000000,2.468
1749267353,2.38800000,172.17000000,2.468
1749267353,2.38700000,7.46000000,2.468
1749267353,2.38600000,99.94000000,2.468
1749267353,2.38500000,16.97000000,2.468
1749267353,2.38400000,8.76000000,2.468
1749267353,2.38300000,212.33000000,2.468
1749267353,2.38200000,79.71000000,2.468
1749267353,2.38100000,8.58000000,2.468
1749267353,2.38000000,3940.89000000,2.468
1749267353,2.37800000,135.25000000,2.468
1749267353,2.37700000,7.26000000,2.468
1749267353,2.37600000,5.01000000,2.468
1749267353,2.37500000,107.17000000,2.468
1749267353,2.37400000,4.96000000,2.468
1749267353,2.37300000,53.65000000,2.468
1749267353,2.37200000,316.45000000,2.468
1749267353,2.37100000,3623.50000000,2.468
1749267353,2.37000000,1033.63000000,2.468
1749267353,2.36800000,162.62000000,2.468
1749267353,2.36700000,8.84000000,2.468
1749267654,2.47300000,1892.62000000,2.472
1749267654,2.47200000,4879.35000000,2.472
1749267654,2.47100000,8147.30000000,2.472
1749267654,2.47000000,14917.66000000,2.472
1749267654,2.46900000,24351.90000000,2.472
1749267654,2.46800000,15913.73000000,2.472
1749267654,2.46700000,13701.20000000,2.472
1749267654,2.46600000,3319.87000000,2.472
1749267654,2.46500000,6024.43000000,2.472
1749267654,2.46400000,5722.64000000,2.472
1749267654,2.46300000,2375.13000000,2.472
1749267654,2.46200000,2388.69000000,2.472
1749267654,2.46100000,2160.69000000,2.472
1749267654,2.46000000,951.07000000,2.472
1749267654,2.45900000,9190.96000000,2.472
1749267654,2.45800000,26109.98000000,2.472
1749267654,2.45700000,1129.01000000,2.472
1749267654,2.45600000,1254.51000000,2.472
1749267654,2.45500000,3113.69000000,2.472
1749267654,2.45400000,20743.86000000,2.472
1749267654,2.45300000,1182.48000000,2.472
1749267654,2.45200000,1243.11000000,2.472
1749267654,2.45100000,1126.07000000,2.472
1749267654,2.45000000,1826.09000000,2.472
1749267654,2.44900000,5633.70000000,2.472
1749267654,2.44800000,17296.15000000,2.472
1749267654,2.44700000,1137.02000000,2.472
1749267654,2.44600000,1166.69000000,2.472
1749267654,2.44500000,5367.88000000,2.472
1749267654,2.44400000,15793.74000000,2.472
1749267654,2.44300000,1139.21000000,2.472
1749267654,2.44200000,5705.37000000,2.472
1749267654,2.44100000,779.36000000,2.472
1749267654,2.44000000,1147.05000000,2.472
1749267654,2.43900000,2668.23000000,2.472
1749267654,2.43800000,787.52000000,2.472
1749267654,2.43700000,450.60000000,2.472
1749267654,2.43600000,473.98000000,2.472
1749267654,2.43500000,5359.03000000,2.472
1749267654,2.43400000,10681.79000000,2.472
1749267654,2.43300000,1189.55000000,2.472
1749267654,2.43200000,15.78000000,2.472
1749267654,2.43100000,4443.44000000,2.472
1749267654,2.43000000,12970.26000000,2.472
1749267654,2.42900000,68.27000000,2.472
1749267654,2.42800000,42.06000000,2.472
1749267654,2.42700000,31.71000000,2.472
1749267654,2.42600000,12.42000000,2.472
1749267654,2.42500000,964.98000000,2.472
1749267654,2.42400000,1511.82000000,2.472
1749267654,2.42300000,6.66000000,2.472
1749267654,2.42200000,6.54000000,2.472
1749267654,2.42100000,18.93000000,2.472
1749267654,2.42000000,153.90000000,2.472
1749267654,2.41900000,34.96000000,2.472
1749267654,2.41800000,52.99000000,2.472
1749267654,2.41700000,273.36000000,2.472
1749267654,2.41600000,491.07000000,2.472
1749267654,2.41500000,36.58000000,2.472
1749267654,2.41400000,988.34000000,2.472
1749267654,2.41300000,9.21000000,2.472
1749267654,2.41200000,17.51000000,2.472
1749267654,2.41100000,6153.88000000,2.472
1749267654,2.41000000,46.63000000,2.472
1749267654,2.40900000,4.15000000,2.472
1749267654,2.40800000,15.41000000,2.472
1749267654,2.40700000,4.16000000,2.472
1749267654,2.40600000,183.09000000,2.472
1749267654,2.40500000,23.13000000,2.472
1749267654,2.40400000,4.16000000,2.472
1749267654,2.40300000,8128.55000000,2.472
1749267654,2.40200000,19.30000000,2.472
1749267654,2.40100000,16900.54000000,2.472
1749267654,2.40000000,102075.18000000,2.472
1749267654,2.39900000,14.56000000,2.472
1749267654,2.39800000,168.05000000,2.472
1749267654,2.39700000,2.55000000,2.472
1749267654,2.39600000,5.00000000,2.472
1749267654,2.39500000,848.18000000,2.472
1749267654,2.39400000,95.16000000,2.472
