timestamp,price,volume,current_price
1749254603,0.35400000,20922.48000000,0.355
1749254603,0.35300000,108293.77000000,0.355
1749254603,0.35200000,154696.83000000,0.355
1749254603,0.35100000,29071.68000000,0.355
1749254603,0.35000000,22283.04000000,0.355
1749254603,0.34900000,28356.69000000,0.355
1749254603,0.34800000,24617.21000000,0.355
1749254603,0.34700000,15035.16000000,0.355
1749254603,0.34600000,9231.13000000,0.355
1749254603,0.34500000,8009.13000000,0.355
1749254603,0.34400000,6870.55000000,0.355
1749254603,0.34300000,7191.34000000,0.355
1749254603,0.34200000,263.07000000,0.355
1749254603,0.34100000,12817.23000000,0.355
1749254603,0.34000000,5189.18000000,0.355
1749254603,0.33900000,5078.75000000,0.355
1749254603,0.33800000,8035.80000000,0.355
1749254603,0.33700000,1862.02000000,0.355
1749254603,0.33600000,3503.71000000,0.355
1749254603,0.33500000,5476.34000000,0.355
1749254603,0.33400000,21.16000000,0.355
1749254603,0.33300000,5457.15000000,0.355
1749254603,0.33200000,4926.64000000,0.355
1749254603,0.33100000,23114.72000000,0.355
1749254603,0.33000000,428.13000000,0.355
1749254603,0.32900000,5049.31000000,0.355
1749254603,0.32800000,11357.51000000,0.355
1749254603,0.32700000,4998.66000000,0.355
1749254603,0.32600000,122.42000000,0.355
1749254603,0.32500000,5070.46000000,0.355
1749254603,0.32400000,69.65000000,0.355
1749254603,0.32300000,2670.75000000,0.355
1749254603,0.32200000,3364.16000000,0.355
1749254603,0.32100000,5061.00000000,0.355
1749254603,0.32000000,5164.87000000,0.355
1749254603,0.31900000,192.44000000,0.355
1749254603,0.31800000,306.59000000,0.355
1749254603,0.31700000,4023.99000000,0.355
1749254603,0.31600000,483.82000000,0.355
1749254603,0.31500000,30.00000000,0.355
1749254603,0.31400000,203.57000000,0.355
1749254603,0.31300000,26.68000000,0.355
1749254603,0.31200000,3498.52000000,0.355
1749254603,0.31000000,8901.81000000,0.355
1749254603,0.30900000,32.36000000,0.355
1749254603,0.30800000,700.94000000,0.355
1749254603,0.30700000,201.06000000,0.355
1749254603,0.30600000,267.04000000,0.355
1749254603,0.30500000,268.52000000,0.355
1749254603,0.30400000,3549.82000000,0.355
1749254603,0.30300000,65.01000000,0.355
1749254603,0.30200000,67.50000000,0.355
1749254603,0.30100000,1052.04000000,0.355
1749254603,0.30000000,9336.15000000,0.355
1749254603,0.29800000,462.67000000,0.355
1749254603,0.29600000,89.94000000,0.355
1749254603,0.29500000,196.92000000,0.355
1749254603,0.29300000,68.36000000,0.355
1749254603,0.29200000,72.92000000,0.355
1749254603,0.29100000,2508.58000000,0.355
1749254603,0.29000000,122.40000000,0.355
1749254603,0.28900000,22.37000000,0.355
1749254603,0.28700000,31.35000000,0.355
1749254603,0.28600000,144.80000000,0.355
1749254603,0.28500000,2466.33000000,0.355
1749254603,0.28400000,30.40000000,0.355
1749254603,0.28100000,22.37000000,0.355
1749254603,0.28000000,471.42000000,0.355
1749254603,0.27900000,107.52000000,0.355
1749254603,0.27800000,1153.40000000,0.355
1749254603,0.27700000,54.15000000,0.355
1749254603,0.27500000,290.41000000,0.355
1749254603,0.27400000,22.37000000,0.355
1749254603,0.27100000,299.55000000,0.355
1749254603,0.27000000,930.09000000,0.355
1749254603,0.26900000,25.94000000,0.355
1749254603,0.26700000,89.78000000,0.355
1749254603,0.26600000,26.31000000,0.355
1749254603,0.26500000,75.47000000,0.355
1749254603,0.26400000,401.15000000,0.355
1749254603,0.26200000,345.28000000,0.355
1749254603,0.26100000,122.37000000,0.355
1749254603,0.26000000,1037.88000000,0.355
1749254603,0.25700000,245.75000000,0.355
1749254603,0.25600000,41.01000000,0.355
1749254603,0.25500000,392.14000000,0.355
1749254603,0.25400000,81.42000000,0.355
1749254603,0.25100000,42.37000000,0.355
1749254603,0.25000000,2113.40000000,0.355
1749254603,0.24800000,62.77000000,0.355
1749254603,0.24700000,21.26000000,0.355
1749254603,0.24500000,22.37000000,0.355
1749254603,0.24300000,34.37000000,0.355
1749254603,0.24200000,206.84000000,0.355
1749254603,0.24100000,30.40000000,0.355
1749254603,0.24000000,125.94000000,0.355
1749254603,0.23800000,22.37000000,0.355
1749254603,0.23700000,4851.57000000,0.355
1749254603,0.23500000,22.37000000,0.355
1749254603,0.23400000,715.55000000,0.355
1749254909,0.35500000,21913.39000000,0.355
1749254909,0.35400000,119833.79000000,0.355
1749254909,0.35300000,139179.35000000,0.355
1749254909,0.35200000,45366.57000000,0.355
1749254909,0.35100000,23637.54000000,0.355
1749254909,0.35000000,23783.71000000,0.355
1749254909,0.34900000,27988.72000000,0.355
1749254909,0.34800000,9264.82000000,0.355
1749254909,0.34700000,15016.28000000,0.355
1749254909,0.34600000,9196.51000000,0.355
1749254909,0.34500000,7938.61000000,0.355
1749254909,0.34400000,6870.55000000,0.355
1749254909,0.34300000,7191.34000000,0.355
1749254909,0.34200000,263.07000000,0.355
1749254909,0.34100000,12817.23000000,0.355
1749254909,0.34000000,5189.18000000,0.355
1749254909,0.33900000,5078.75000000,0.355
1749254909,0.33800000,8035.80000000,0.355
1749254909,0.33700000,1862.02000000,0.355
1749254909,0.33600000,3503.71000000,0.355
1749254909,0.33500000,5476.34000000,0.355
1749254909,0.33400000,21.16000000,0.355
1749254909,0.33300000,5457.15000000,0.355
1749254909,0.33200000,4926.64000000,0.355
1749254909,0.33100000,23114.72000000,0.355
1749254909,0.33000000,428.13000000,0.355
1749254909,0.32900000,5049.31000000,0.355
1749254909,0.32800000,11357.51000000,0.355
1749254909,0.32700000,4998.66000000,0.355
1749254909,0.32600000,122.42000000,0.355
1749254909,0.32500000,5070.46000000,0.355
1749254909,0.32400000,69.65000000,0.355
1749254909,0.32300000,2670.75000000,0.355
1749254909,0.32200000,3364.16000000,0.355
1749254909,0.32100000,5061.00000000,0.355
1749254909,0.32000000,5164.87000000,0.355
1749254909,0.31900000,192.44000000,0.355
1749254909,0.31800000,306.59000000,0.355
1749254909,0.31700000,4339.44000000,0.355
1749254909,0.31600000,483.82000000,0.355
1749254909,0.31500000,30.00000000,0.355
1749254909,0.31400000,203.57000000,0.355
1749254909,0.31300000,26.68000000,0.355
1749254909,0.31200000,3498.52000000,0.355
1749254909,0.31000000,8901.81000000,0.355
1749254909,0.30900000,32.36000000,0.355
1749254909,0.30800000,700.94000000,0.355
1749254909,0.30700000,201.06000000,0.355
1749254909,0.30600000,267.04000000,0.355
1749254909,0.30500000,268.52000000,0.355
1749254909,0.30400000,3549.82000000,0.355
1749254909,0.30300000,65.01000000,0.355
1749254909,0.30200000,67.50000000,0.355
1749254909,0.30100000,1052.04000000,0.355
1749254909,0.30000000,9336.15000000,0.355
1749254909,0.29800000,462.67000000,0.355
1749254909,0.29600000,89.94000000,0.355
1749254909,0.29500000,196.92000000,0.355
1749254909,0.29300000,68.36000000,0.355
1749254909,0.29200000,72.92000000,0.355
1749254909,0.29100000,2508.58000000,0.355
1749254909,0.29000000,122.40000000,0.355
1749254909,0.28900000,22.37000000,0.355
1749254909,0.28700000,31.35000000,0.355
1749254909,0.28600000,144.80000000,0.355
1749254909,0.28500000,2466.33000000,0.355
1749254909,0.28400000,30.40000000,0.355
1749254909,0.28100000,22.37000000,0.355
1749254909,0.28000000,471.42000000,0.355
1749254909,0.27900000,107.52000000,0.355
1749254909,0.27800000,1153.40000000,0.355
1749254909,0.27700000,54.15000000,0.355
1749254909,0.27500000,290.41000000,0.355
1749254909,0.27400000,22.37000000,0.355
1749254909,0.27100000,299.55000000,0.355
1749254909,0.27000000,930.09000000,0.355
1749254909,0.26900000,25.94000000,0.355
1749254909,0.26700000,89.78000000,0.355
1749254909,0.26600000,26.31000000,0.355
1749254909,0.26500000,75.47000000,0.355
1749254909,0.26400000,401.15000000,0.355
1749254909,0.26200000,345.28000000,0.355
1749254909,0.26100000,122.37000000,0.355
1749254909,0.26000000,1037.88000000,0.355
1749254909,0.25700000,245.75000000,0.355
1749254909,0.25600000,41.01000000,0.355
1749254909,0.25500000,392.14000000,0.355
1749254909,0.25400000,81.42000000,0.355
1749254909,0.25100000,42.37000000,0.355
1749254909,0.25000000,2113.40000000,0.355
1749254909,0.24800000,62.77000000,0.355
1749254909,0.24700000,21.26000000,0.355
1749254909,0.24500000,22.37000000,0.355
1749254909,0.24300000,34.37000000,0.355
1749254909,0.24200000,206.84000000,0.355
1749254909,0.24100000,30.40000000,0.355
1749254909,0.24000000,125.94000000,0.355
1749254909,0.23800000,22.37000000,0.355
1749254909,0.23700000,4851.57000000,0.355
1749254909,0.23500000,22.37000000,0.355
