timestamp,price,volume,current_price
1749258376,0.35800000,33260.90000000,0.359
1749258376,0.35700000,113170.07000000,0.359
1749258376,0.35600000,130168.19000000,0.359
1749258376,0.35500000,33393.96000000,0.359
1749258376,0.35400000,21626.50000000,0.359
1749258376,0.35300000,29813.73000000,0.359
1749258376,0.35200000,49001.04000000,0.359
1749258376,0.35100000,17393.62000000,0.359
1749258376,0.35000000,10212.35000000,0.359
1749258376,0.34900000,10926.10000000,0.359
1749258376,0.34800000,9211.74000000,0.359
1749258376,0.34700000,7718.74000000,0.359
1749258376,0.34600000,6146.25000000,0.359
1749258376,0.34500000,7938.61000000,0.359
1749258376,0.34400000,6841.48000000,0.359
1749258376,0.34300000,7683.54000000,0.359
1749258376,0.34200000,3593.07000000,0.359
1749258376,0.34100000,12846.56000000,0.359
1749258376,0.34000000,4692.62000000,0.359
1749258376,0.33900000,5108.24000000,0.359
1749258376,0.33800000,8035.80000000,0.359
1749258376,0.33700000,1888.73000000,0.359
1749258376,0.33600000,3413.53000000,0.359
1749258376,0.33500000,5446.50000000,0.359
1749258376,0.33400000,21.16000000,0.359
1749258376,0.33300000,5457.15000000,0.359
1749258376,0.33200000,4926.64000000,0.359
1749258376,0.33100000,23114.72000000,0.359
1749258376,0.33000000,428.13000000,0.359
1749258376,0.32900000,5049.31000000,0.359
1749258376,0.32800000,11357.51000000,0.359
1749258376,0.32700000,5035.36000000,0.359
1749258376,0.32600000,122.42000000,0.359
1749258376,0.32500000,5070.46000000,0.359
1749258376,0.32400000,69.65000000,0.359
1749258376,0.32300000,2670.75000000,0.359
1749258376,0.32200000,3431.80000000,0.359
1749258376,0.32100000,5061.00000000,0.359
1749258376,0.32000000,5164.87000000,0.359
1749258376,0.31900000,124.04000000,0.359
1749258376,0.31800000,306.59000000,0.359
1749258376,0.31700000,3929.36000000,0.359
1749258376,0.31600000,483.82000000,0.359
1749258376,0.31500000,30.00000000,0.359
1749258376,0.31400000,203.57000000,0.359
1749258376,0.31300000,26.68000000,0.359
1749258376,0.31200000,3498.52000000,0.359
1749258376,0.31000000,8901.81000000,0.359
1749258376,0.30900000,32.36000000,0.359
1749258376,0.30800000,4030.94000000,0.359
1749258376,0.30700000,201.06000000,0.359
1749258376,0.30600000,267.04000000,0.359
1749258376,0.30500000,268.52000000,0.359
1749258376,0.30400000,219.82000000,0.359
1749258376,0.30300000,65.01000000,0.359
1749258376,0.30200000,67.50000000,0.359
1749258376,0.30100000,1052.04000000,0.359
1749258376,0.30000000,9336.15000000,0.359
1749258376,0.29800000,462.67000000,0.359
1749258376,0.29600000,89.94000000,0.359
1749258376,0.29500000,196.92000000,0.359
1749258376,0.29300000,68.36000000,0.359
1749258376,0.29200000,381.13000000,0.359
1749258376,0.29100000,2508.58000000,0.359
1749258376,0.29000000,122.40000000,0.359
1749258376,0.28900000,22.37000000,0.359
1749258376,0.28700000,31.35000000,0.359
1749258376,0.28600000,144.80000000,0.359
1749258376,0.28500000,2466.33000000,0.359
1749258376,0.28400000,30.40000000,0.359
1749258376,0.28100000,22.37000000,0.359
1749258376,0.28000000,471.42000000,0.359
1749258376,0.27900000,107.52000000,0.359
1749258376,0.27800000,1153.40000000,0.359
1749258376,0.27700000,54.15000000,0.359
1749258376,0.27500000,290.41000000,0.359
1749258376,0.27400000,22.37000000,0.359
1749258376,0.27100000,299.55000000,0.359
1749258376,0.27000000,930.09000000,0.359
1749258376,0.26900000,25.94000000,0.359
1749258376,0.26700000,89.78000000,0.359
1749258376,0.26600000,26.31000000,0.359
1749258376,0.26500000,75.47000000,0.359
1749258376,0.26400000,401.15000000,0.359
1749258376,0.26200000,345.28000000,0.359
1749258376,0.26100000,122.37000000,0.359
1749258376,0.26000000,1037.88000000,0.359
1749258376,0.25700000,245.75000000,0.359
1749258376,0.25600000,41.01000000,0.359
1749258376,0.25500000,392.14000000,0.359
1749258376,0.25400000,81.42000000,0.359
1749258376,0.25100000,42.37000000,0.359
1749258376,0.25000000,2113.40000000,0.359
1749258376,0.24800000,62.77000000,0.359
1749258376,0.24700000,21.26000000,0.359
1749258376,0.24500000,22.37000000,0.359
1749258376,0.24300000,34.37000000,0.359
1749258376,0.24200000,206.84000000,0.359
1749258376,0.24100000,30.40000000,0.359
1749258376,0.24000000,125.94000000,0.359
1749258692,0.35800000,31542.64000000,0.358
1749258692,0.35700000,97896.49000000,0.358
1749258692,0.35600000,152226.60000000,0.358
1749258692,0.35500000,32410.13000000,0.358
1749258692,0.35400000,24357.76000000,0.358
1749258692,0.35300000,26280.43000000,0.358
1749258692,0.35200000,49000.65000000,0.358
1749258692,0.35100000,17393.23000000,0.358
1749258692,0.35000000,10211.96000000,0.358
1749258692,0.34900000,10995.83000000,0.358
1749258692,0.34800000,9211.74000000,0.358
1749258692,0.34700000,7718.74000000,0.358
1749258692,0.34600000,6146.25000000,0.358
1749258692,0.34500000,7938.61000000,0.358
1749258692,0.34400000,6841.48000000,0.358
1749258692,0.34300000,7683.54000000,0.358
1749258692,0.34200000,3593.07000000,0.358
1749258692,0.34100000,12846.56000000,0.358
1749258692,0.34000000,4692.62000000,0.358
1749258692,0.33900000,5108.24000000,0.358
1749258692,0.33800000,8035.80000000,0.358
1749258692,0.33700000,1888.73000000,0.358
1749258692,0.33600000,3413.53000000,0.358
1749258692,0.33500000,5446.50000000,0.358
1749258692,0.33400000,21.16000000,0.358
1749258692,0.33300000,5457.15000000,0.358
1749258692,0.33200000,4926.64000000,0.358
1749258692,0.33100000,23114.72000000,0.358
1749258692,0.33000000,428.13000000,0.358
1749258692,0.32900000,5049.31000000,0.358
1749258692,0.32800000,11357.51000000,0.358
1749258692,0.32700000,5035.36000000,0.358
1749258692,0.32600000,122.42000000,0.358
1749258692,0.32500000,5070.46000000,0.358
1749258692,0.32400000,69.65000000,0.358
1749258692,0.32300000,2670.75000000,0.358
1749258692,0.32200000,3431.80000000,0.358
1749258692,0.32100000,5061.00000000,0.358
1749258692,0.32000000,5164.87000000,0.358
1749258692,0.31900000,124.04000000,0.358
1749258692,0.31800000,306.59000000,0.358
1749258692,0.31700000,3929.36000000,0.358
1749258692,0.31600000,483.82000000,0.358
1749258692,0.31500000,30.00000000,0.358
1749258692,0.31400000,203.57000000,0.358
1749258692,0.31300000,26.68000000,0.358
1749258692,0.31200000,3498.52000000,0.358
1749258692,0.31000000,8901.81000000,0.358
1749258692,0.30900000,32.36000000,0.358
1749258692,0.30800000,4030.94000000,0.358
1749258692,0.30700000,201.06000000,0.358
1749258692,0.30600000,267.04000000,0.358
1749258692,0.30500000,268.52000000,0.358
1749258692,0.30400000,219.82000000,0.358
1749258692,0.30300000,65.01000000,0.358
1749258692,0.30200000,67.50000000,0.358
1749258692,0.30100000,1052.04000000,0.358
1749258692,0.30000000,9336.15000000,0.358
1749258692,0.29800000,462.67000000,0.358
1749258692,0.29600000,89.94000000,0.358
1749258692,0.29500000,196.92000000,0.358
1749258692,0.29300000,68.36000000,0.358
1749258692,0.29200000,381.13000000,0.358
1749258692,0.29100000,2508.58000000,0.358
1749258692,0.29000000,122.40000000,0.358
1749258692,0.28900000,22.37000000,0.358
1749258692,0.28700000,31.35000000,0.358
1749258692,0.28600000,144.80000000,0.358
1749258692,0.28500000,2466.33000000,0.358
1749258692,0.28400000,30.40000000,0.358
1749258692,0.28100000,22.37000000,0.358
1749258692,0.28000000,471.42000000,0.358
1749258692,0.27900000,107.52000000,0.358
1749258692,0.27800000,1153.40000000,0.358
1749258692,0.27700000,54.15000000,0.358
1749258692,0.27500000,290.41000000,0.358
1749258692,0.27400000,22.37000000,0.358
1749258692,0.27100000,299.55000000,0.358
1749258692,0.27000000,930.09000000,0.358
1749258692,0.26900000,25.94000000,0.358
1749258692,0.26700000,89.78000000,0.358
1749258692,0.26600000,26.31000000,0.358
1749258692,0.26500000,75.47000000,0.358
1749258692,0.26400000,401.15000000,0.358
1749258692,0.26200000,345.28000000,0.358
1749258692,0.26100000,122.37000000,0.358
1749258692,0.26000000,1037.88000000,0.358
1749258692,0.25700000,245.75000000,0.358
1749258692,0.25600000,41.01000000,0.358
1749258692,0.25500000,392.14000000,0.358
1749258692,0.25400000,81.42000000,0.358
1749258692,0.25100000,42.37000000,0.358
1749258692,0.25000000,2113.40000000,0.358
1749258692,0.24800000,62.77000000,0.358
1749258692,0.24700000,21.26000000,0.358
1749258692,0.24500000,22.37000000,0.358
1749258692,0.24300000,34.37000000,0.358
1749258692,0.24200000,206.84000000,0.358
1749258692,0.24100000,30.40000000,0.358
1749258692,0.24000000,125.94000000,0.358
1749258994,0.35800000,4939.47000000,0.358
1749258994,0.35700000,65188.19000000,0.358
1749258994,0.35600000,75769.43000000,0.358
1749258994,0.35500000,143207.98000000,0.358
1749258994,0.35400000,22421.50000000,0.358
1749258994,0.35300000,32497.26000000,0.358
1749258994,0.35200000,49000.65000000,0.358
1749258994,0.35100000,30087.83000000,0.358
1749258994,0.35000000,11603.37000000,0.358
1749258994,0.34900000,10995.83000000,0.358
1749258994,0.34800000,9281.47000000,0.358
1749258994,0.34700000,7718.74000000,0.358
1749258994,0.34600000,6146.25000000,0.358
1749258994,0.34500000,7938.61000000,0.358
1749258994,0.34400000,6841.48000000,0.358
1749258994,0.34300000,7683.54000000,0.358
1749258994,0.34200000,3593.07000000,0.358
1749258994,0.34100000,12846.56000000,0.358
1749258994,0.34000000,4692.62000000,0.358
1749258994,0.33900000,5108.24000000,0.358
1749258994,0.33800000,8035.80000000,0.358
1749258994,0.33700000,1888.73000000,0.358
1749258994,0.33600000,3413.53000000,0.358
1749258994,0.33500000,5446.50000000,0.358
1749258994,0.33400000,21.16000000,0.358
1749258994,0.33300000,5457.15000000,0.358
1749258994,0.33200000,4926.64000000,0.358
1749258994,0.33100000,23114.72000000,0.358
1749258994,0.33000000,428.13000000,0.358
1749258994,0.32900000,5049.31000000,0.358
1749258994,0.32800000,11357.51000000,0.358
1749258994,0.32700000,5035.36000000,0.358
1749258994,0.32600000,122.42000000,0.358
1749258994,0.32500000,5070.46000000,0.358
1749258994,0.32400000,69.65000000,0.358
1749258994,0.32300000,2670.75000000,0.358
1749258994,0.32200000,3431.80000000,0.358
1749258994,0.32100000,5061.00000000,0.358
1749258994,0.32000000,5164.87000000,0.358
1749258994,0.31900000,124.04000000,0.358
1749258994,0.31800000,306.59000000,0.358
1749258994,0.31700000,3929.36000000,0.358
1749258994,0.31600000,483.82000000,0.358
1749258994,0.31500000,30.00000000,0.358
1749258994,0.31400000,203.57000000,0.358
1749258994,0.31300000,26.68000000,0.358
1749258994,0.31200000,3498.52000000,0.358
1749258994,0.31000000,8901.81000000,0.358
1749258994,0.30900000,32.36000000,0.358
1749258994,0.30800000,4030.94000000,0.358
1749258994,0.30700000,201.06000000,0.358
1749258994,0.30600000,267.04000000,0.358
1749258994,0.30500000,268.52000000,0.358
1749258994,0.30400000,219.82000000,0.358
1749258994,0.30300000,65.01000000,0.358
1749258994,0.30200000,67.50000000,0.358
1749258994,0.30100000,1052.04000000,0.358
1749258994,0.30000000,9336.15000000,0.358
1749258994,0.29800000,462.67000000,0.358
1749258994,0.29600000,89.94000000,0.358
1749258994,0.29500000,196.92000000,0.358
1749258994,0.29300000,68.36000000,0.358
1749258994,0.29200000,381.13000000,0.358
1749258994,0.29100000,2508.58000000,0.358
1749258994,0.29000000,122.40000000,0.358
1749258994,0.28900000,22.37000000,0.358
1749258994,0.28700000,31.35000000,0.358
1749258994,0.28600000,144.80000000,0.358
1749258994,0.28500000,2466.33000000,0.358
1749258994,0.28400000,30.40000000,0.358
1749258994,0.28100000,22.37000000,0.358
1749258994,0.28000000,471.42000000,0.358
1749258994,0.27900000,107.52000000,0.358
1749258994,0.27800000,1153.40000000,0.358
1749258994,0.27700000,54.15000000,0.358
1749258994,0.27500000,290.41000000,0.358
1749258994,0.27400000,22.37000000,0.358
1749258994,0.27100000,299.55000000,0.358
1749258994,0.27000000,930.09000000,0.358
1749258994,0.26900000,25.94000000,0.358
1749258994,0.26700000,89.78000000,0.358
1749258994,0.26600000,26.31000000,0.358
1749258994,0.26500000,75.47000000,0.358
1749258994,0.26400000,401.15000000,0.358
1749258994,0.26200000,345.28000000,0.358
1749258994,0.26100000,122.37000000,0.358
1749258994,0.26000000,1037.88000000,0.358
1749258994,0.25700000,245.75000000,0.358
1749258994,0.25600000,41.01000000,0.358
1749258994,0.25500000,392.14000000,0.358
1749258994,0.25400000,81.42000000,0.358
1749258994,0.25100000,42.37000000,0.358
1749258994,0.25000000,2113.40000000,0.358
1749258994,0.24800000,62.77000000,0.358
1749258994,0.24700000,21.26000000,0.358
1749258994,0.24500000,22.37000000,0.358
1749258994,0.24300000,34.37000000,0.358
1749258994,0.24200000,206.84000000,0.358
1749258994,0.24100000,30.40000000,0.358
1749258994,0.24000000,125.94000000,0.358
