timestamp,price,volume,current_price
1749260761,0.35700000,20140.99000000,0.357
1749260761,0.35600000,99351.29000000,0.357
1749260761,0.35500000,161185.80000000,0.357
1749260761,0.35400000,27766.10000000,0.357
1749260761,0.35300000,38646.75000000,0.357
1749260761,0.35200000,56193.89000000,0.357
1749260761,0.35100000,30018.10000000,0.357
1749260761,0.35000000,11610.20000000,0.357
1749260761,0.34900000,10926.10000000,0.357
1749260761,0.34800000,9211.74000000,0.357
1749260761,0.34700000,7718.74000000,0.357
1749260761,0.34600000,6146.25000000,0.357
1749260761,0.34500000,7938.61000000,0.357
1749260761,0.34400000,6841.48000000,0.357
1749260761,0.34300000,7683.54000000,0.357
1749260761,0.34200000,3622.31000000,0.357
1749260761,0.34100000,12817.23000000,0.357
1749260761,0.34000000,4692.62000000,0.357
1749260761,0.33900000,5137.73000000,0.357
1749260761,0.33800000,8035.80000000,0.357
1749260761,0.33700000,1888.73000000,0.357
1749260761,0.33600000,3413.53000000,0.357
1749260761,0.33500000,5416.66000000,0.357
1749260761,0.33400000,21.16000000,0.357
1749260761,0.33300000,5457.15000000,0.357
1749260761,0.33200000,4926.64000000,0.357
1749260761,0.33100000,23114.72000000,0.357
1749260761,0.33000000,428.13000000,0.357
1749260761,0.32900000,5049.31000000,0.357
1749260761,0.32800000,11357.51000000,0.357
1749260761,0.32700000,5035.36000000,0.357
1749260761,0.32600000,122.42000000,0.357
1749260761,0.32500000,5070.46000000,0.357
1749260761,0.32400000,69.65000000,0.357
1749260761,0.32300000,2670.75000000,0.357
1749260761,0.32200000,3364.16000000,0.357
1749260761,0.32100000,5061.00000000,0.357
1749260761,0.32000000,5232.87000000,0.357
1749260761,0.31900000,124.04000000,0.357
1749260761,0.31800000,306.59000000,0.357
1749260761,0.31700000,3929.36000000,0.357
1749260761,0.31600000,483.82000000,0.357
1749260761,0.31500000,30.00000000,0.357
1749260761,0.31400000,203.57000000,0.357
1749260761,0.31300000,26.68000000,0.357
1749260761,0.31200000,3498.52000000,0.357
1749260761,0.31000000,8901.81000000,0.357
1749260761,0.30900000,32.36000000,0.357
1749260761,0.30800000,4030.94000000,0.357
1749260761,0.30700000,201.06000000,0.357
1749260761,0.30600000,267.04000000,0.357
1749260761,0.30500000,268.52000000,0.357
1749260761,0.30400000,219.82000000,0.357
1749260761,0.30300000,65.01000000,0.357
1749260761,0.30200000,67.50000000,0.357
1749260761,0.30100000,1052.04000000,0.357
1749260761,0.30000000,9336.15000000,0.357
1749260761,0.29800000,462.67000000,0.357
1749260761,0.29600000,89.94000000,0.357
1749260761,0.29500000,196.92000000,0.357
1749260761,0.29300000,68.36000000,0.357
1749260761,0.29200000,381.13000000,0.357
1749260761,0.29100000,2508.58000000,0.357
1749260761,0.29000000,122.40000000,0.357
1749260761,0.28900000,22.37000000,0.357
1749260761,0.28700000,31.35000000,0.357
1749260761,0.28600000,144.80000000,0.357
1749260761,0.28500000,2466.33000000,0.357
1749260761,0.28400000,30.40000000,0.357
1749260761,0.28100000,22.37000000,0.357
1749260761,0.28000000,471.42000000,0.357
1749260761,0.27900000,107.52000000,0.357
1749260761,0.27800000,1153.40000000,0.357
1749260761,0.27700000,54.15000000,0.357
1749260761,0.27500000,290.41000000,0.357
1749260761,0.27400000,22.37000000,0.357
1749260761,0.27100000,299.55000000,0.357
1749260761,0.27000000,930.09000000,0.357
1749260761,0.26900000,25.94000000,0.357
1749260761,0.26700000,89.78000000,0.357
1749260761,0.26600000,26.31000000,0.357
1749260761,0.26500000,75.47000000,0.357
1749260761,0.26400000,401.15000000,0.357
1749260761,0.26200000,345.28000000,0.357
1749260761,0.26100000,122.37000000,0.357
1749260761,0.26000000,1037.88000000,0.357
1749260761,0.25700000,245.75000000,0.357
1749260761,0.25600000,41.01000000,0.357
1749260761,0.25500000,392.14000000,0.357
1749260761,0.25400000,81.42000000,0.357
1749260761,0.25100000,42.37000000,0.357
1749260761,0.25000000,2113.40000000,0.357
1749260761,0.24800000,62.77000000,0.357
1749260761,0.24700000,21.26000000,0.357
1749260761,0.24500000,22.37000000,0.357
1749260761,0.24300000,34.37000000,0.357
1749260761,0.24200000,206.84000000,0.357
1749260761,0.24100000,30.40000000,0.357
1749260761,0.24000000,125.94000000,0.357
1749260761,0.23800000,22.37000000,0.357
1749261082,0.35700000,35291.59000000,0.358
1749261082,0.35600000,103301.22000000,0.358
1749261082,0.35500000,143321.07000000,0.358
1749261082,0.35400000,26947.63000000,0.358
1749261082,0.35300000,26430.74000000,0.358
1749261082,0.35200000,44101.91000000,0.358
1749261082,0.35100000,30017.25000000,0.358
1749261082,0.35000000,11583.71000000,0.358
1749261082,0.34900000,10926.10000000,0.358
1749261082,0.34800000,9211.74000000,0.358
1749261082,0.34700000,7718.74000000,0.358
1749261082,0.34600000,6146.25000000,0.358
1749261082,0.34500000,7938.61000000,0.358
1749261082,0.34400000,6841.48000000,0.358
1749261082,0.34300000,7683.54000000,0.358
1749261082,0.34200000,3622.31000000,0.358
1749261082,0.34100000,12817.23000000,0.358
1749261082,0.34000000,4692.62000000,0.358
1749261082,0.33900000,5137.73000000,0.358
1749261082,0.33800000,8035.80000000,0.358
1749261082,0.33700000,1888.73000000,0.358
1749261082,0.33600000,3413.53000000,0.358
1749261082,0.33500000,5416.66000000,0.358
1749261082,0.33400000,21.16000000,0.358
1749261082,0.33300000,5457.15000000,0.358
1749261082,0.33200000,4926.64000000,0.358
1749261082,0.33100000,23114.72000000,0.358
1749261082,0.33000000,412.97000000,0.358
1749261082,0.32900000,5049.31000000,0.358
1749261082,0.32800000,11357.51000000,0.358
1749261082,0.32700000,5035.36000000,0.358
1749261082,0.32600000,122.42000000,0.358
1749261082,0.32500000,5070.46000000,0.358
1749261082,0.32400000,69.65000000,0.358
1749261082,0.32300000,2670.75000000,0.358
1749261082,0.32200000,3364.16000000,0.358
1749261082,0.32100000,5128.84000000,0.358
1749261082,0.32000000,5164.87000000,0.358
1749261082,0.31900000,124.04000000,0.358
1749261082,0.31800000,306.59000000,0.358
1749261082,0.31700000,3929.36000000,0.358
1749261082,0.31600000,483.82000000,0.358
1749261082,0.31500000,30.00000000,0.358
1749261082,0.31400000,203.57000000,0.358
1749261082,0.31300000,26.68000000,0.358
1749261082,0.31200000,3498.52000000,0.358
1749261082,0.31000000,8901.81000000,0.358
1749261082,0.30900000,32.36000000,0.358
1749261082,0.30800000,4030.94000000,0.358
1749261082,0.30700000,201.06000000,0.358
1749261082,0.30600000,267.04000000,0.358
1749261082,0.30500000,268.52000000,0.358
1749261082,0.30400000,219.82000000,0.358
1749261082,0.30300000,65.01000000,0.358
1749261082,0.30200000,67.50000000,0.358
1749261082,0.30100000,1052.04000000,0.358
1749261082,0.30000000,9336.15000000,0.358
1749261082,0.29800000,462.67000000,0.358
1749261082,0.29600000,89.94000000,0.358
1749261082,0.29500000,196.92000000,0.358
1749261082,0.29300000,68.36000000,0.358
1749261082,0.29200000,381.13000000,0.358
1749261082,0.29100000,2508.58000000,0.358
1749261082,0.29000000,122.40000000,0.358
1749261082,0.28900000,22.37000000,0.358
1749261082,0.28700000,31.35000000,0.358
1749261082,0.28600000,144.80000000,0.358
1749261082,0.28500000,2466.33000000,0.358
1749261082,0.28400000,30.40000000,0.358
1749261082,0.28100000,22.37000000,0.358
1749261082,0.28000000,471.42000000,0.358
1749261082,0.27900000,107.52000000,0.358
1749261082,0.27800000,1153.40000000,0.358
1749261082,0.27700000,54.15000000,0.358
1749261082,0.27500000,290.41000000,0.358
1749261082,0.27400000,22.37000000,0.358
1749261082,0.27100000,299.55000000,0.358
1749261082,0.27000000,930.09000000,0.358
1749261082,0.26900000,25.94000000,0.358
1749261082,0.26700000,89.78000000,0.358
1749261082,0.26600000,26.31000000,0.358
1749261082,0.26500000,75.47000000,0.358
1749261082,0.26400000,401.15000000,0.358
1749261082,0.26200000,345.28000000,0.358
1749261082,0.26100000,122.37000000,0.358
1749261082,0.26000000,1037.88000000,0.358
1749261082,0.25700000,245.75000000,0.358
1749261082,0.25600000,41.01000000,0.358
1749261082,0.25500000,392.14000000,0.358
1749261082,0.25400000,81.42000000,0.358
1749261082,0.25100000,42.37000000,0.358
1749261082,0.25000000,2113.40000000,0.358
1749261082,0.24800000,62.77000000,0.358
1749261082,0.24700000,21.26000000,0.358
1749261082,0.24500000,22.37000000,0.358
1749261082,0.24300000,34.37000000,0.358
1749261082,0.24200000,206.84000000,0.358
1749261082,0.24100000,30.40000000,0.358
1749261082,0.24000000,125.94000000,0.358
1749261082,0.23800000,22.37000000,0.358
1749261395,0.35700000,31176.05000000,0.358
1749261395,0.35600000,100723.09000000,0.358
1749261395,0.35500000,142203.86000000,0.358
1749261395,0.35400000,28067.90000000,0.358
1749261395,0.35300000,24892.06000000,0.358
1749261395,0.35200000,44101.91000000,0.358
1749261395,0.35100000,30017.25000000,0.358
1749261395,0.35000000,11583.71000000,0.358
1749261395,0.34900000,10926.10000000,0.358
1749261395,0.34800000,9211.74000000,0.358
1749261395,0.34700000,7718.74000000,0.358
1749261395,0.34600000,6146.25000000,0.358
1749261395,0.34500000,7938.61000000,0.358
1749261395,0.34400000,6841.48000000,0.358
1749261395,0.34300000,7683.54000000,0.358
1749261395,0.34200000,3622.31000000,0.358
1749261395,0.34100000,12817.23000000,0.358
1749261395,0.34000000,4692.62000000,0.358
1749261395,0.33900000,5137.73000000,0.358
1749261395,0.33800000,8035.80000000,0.358
1749261395,0.33700000,1888.73000000,0.358
1749261395,0.33600000,3413.53000000,0.358
1749261395,0.33500000,5416.66000000,0.358
1749261395,0.33400000,21.16000000,0.358
1749261395,0.33300000,5457.15000000,0.358
1749261395,0.33200000,4926.64000000,0.358
1749261395,0.33100000,23114.72000000,0.358
1749261395,0.33000000,412.97000000,0.358
1749261395,0.32900000,5049.31000000,0.358
1749261395,0.32800000,11357.51000000,0.358
1749261395,0.32700000,5035.36000000,0.358
1749261395,0.32600000,122.42000000,0.358
1749261395,0.32500000,5070.46000000,0.358
1749261395,0.32400000,69.65000000,0.358
1749261395,0.32300000,2670.75000000,0.358
1749261395,0.32200000,3364.16000000,0.358
1749261395,0.32100000,5128.84000000,0.358
1749261395,0.32000000,5164.87000000,0.358
1749261395,0.31900000,124.04000000,0.358
1749261395,0.31800000,306.59000000,0.358
1749261395,0.31700000,3929.36000000,0.358
1749261395,0.31600000,483.82000000,0.358
1749261395,0.31500000,30.00000000,0.358
1749261395,0.31400000,203.57000000,0.358
1749261395,0.31300000,26.68000000,0.358
1749261395,0.31200000,3498.52000000,0.358
1749261395,0.31000000,8901.81000000,0.358
1749261395,0.30900000,32.36000000,0.358
1749261395,0.30800000,4030.94000000,0.358
1749261395,0.30700000,201.06000000,0.358
1749261395,0.30600000,267.04000000,0.358
1749261395,0.30500000,268.52000000,0.358
1749261395,0.30400000,219.82000000,0.358
1749261395,0.30300000,65.01000000,0.358
1749261395,0.30200000,67.50000000,0.358
1749261395,0.30100000,1052.04000000,0.358
1749261395,0.30000000,9336.15000000,0.358
1749261395,0.29800000,462.67000000,0.358
1749261395,0.29600000,89.94000000,0.358
1749261395,0.29500000,196.92000000,0.358
1749261395,0.29300000,68.36000000,0.358
1749261395,0.29200000,381.13000000,0.358
1749261395,0.29100000,2508.58000000,0.358
1749261395,0.29000000,122.40000000,0.358
1749261395,0.28900000,22.37000000,0.358
1749261395,0.28700000,31.35000000,0.358
1749261395,0.28600000,144.80000000,0.358
1749261395,0.28500000,2466.33000000,0.358
1749261395,0.28400000,30.40000000,0.358
1749261395,0.28100000,22.37000000,0.358
1749261395,0.28000000,471.42000000,0.358
1749261395,0.27900000,107.52000000,0.358
1749261395,0.27800000,1153.40000000,0.358
1749261395,0.27700000,54.15000000,0.358
1749261395,0.27500000,290.41000000,0.358
1749261395,0.27400000,22.37000000,0.358
1749261395,0.27100000,299.55000000,0.358
1749261395,0.27000000,930.09000000,0.358
1749261395,0.26900000,25.94000000,0.358
1749261395,0.26700000,89.78000000,0.358
1749261395,0.26600000,26.31000000,0.358
1749261395,0.26500000,75.47000000,0.358
1749261395,0.26400000,401.15000000,0.358
1749261395,0.26200000,345.28000000,0.358
1749261395,0.26100000,122.37000000,0.358
1749261395,0.26000000,1037.88000000,0.358
1749261395,0.25700000,245.75000000,0.358
1749261395,0.25600000,41.01000000,0.358
1749261395,0.25500000,392.14000000,0.358
1749261395,0.25400000,81.42000000,0.358
1749261395,0.25100000,42.37000000,0.358
1749261395,0.25000000,2113.40000000,0.358
1749261395,0.24800000,62.77000000,0.358
1749261395,0.24700000,21.26000000,0.358
1749261395,0.24500000,22.37000000,0.358
1749261395,0.24300000,34.37000000,0.358
1749261395,0.24200000,206.84000000,0.358
1749261395,0.24100000,30.40000000,0.358
1749261395,0.24000000,125.94000000,0.358
1749261395,0.23800000,22.37000000,0.358
1749261707,0.35700000,26602.74000000,0.357
1749261707,0.35600000,99390.61000000,0.357
1749261707,0.35500000,150858.37000000,0.357
1749261707,0.35400000,26676.11000000,0.357
1749261707,0.35300000,38188.36000000,0.357
1749261707,0.35200000,58348.10000000,0.357
1749261707,0.35100000,30017.25000000,0.357
1749261707,0.35000000,10142.23000000,0.357
1749261707,0.34900000,12392.70000000,0.357
1749261707,0.34800000,9211.74000000,0.357
1749261707,0.34700000,7718.74000000,0.357
1749261707,0.34600000,6146.25000000,0.357
1749261707,0.34500000,7938.61000000,0.357
1749261707,0.34400000,6841.48000000,0.357
1749261707,0.34300000,7683.54000000,0.357
1749261707,0.34200000,3622.31000000,0.357
1749261707,0.34100000,12817.23000000,0.357
1749261707,0.34000000,4692.62000000,0.357
1749261707,0.33900000,5137.73000000,0.357
1749261707,0.33800000,8035.80000000,0.357
1749261707,0.33700000,1888.73000000,0.357
1749261707,0.33600000,3413.53000000,0.357
1749261707,0.33500000,5416.66000000,0.357
1749261707,0.33400000,21.16000000,0.357
1749261707,0.33300000,5457.15000000,0.357
1749261707,0.33200000,4926.64000000,0.357
1749261707,0.33100000,23114.72000000,0.357
1749261707,0.33000000,412.97000000,0.357
1749261707,0.32900000,5049.31000000,0.357
1749261707,0.32800000,11357.51000000,0.357
1749261707,0.32700000,5035.36000000,0.357
1749261707,0.32600000,122.42000000,0.357
1749261707,0.32500000,5070.46000000,0.357
1749261707,0.32400000,69.65000000,0.357
1749261707,0.32300000,2670.75000000,0.357
1749261707,0.32200000,3364.16000000,0.357
1749261707,0.32100000,5061.00000000,0.357
1749261707,0.32000000,5164.87000000,0.357
1749261707,0.31900000,124.04000000,0.357
1749261707,0.31800000,306.59000000,0.357
1749261707,0.31700000,3929.36000000,0.357
1749261707,0.31600000,483.82000000,0.357
1749261707,0.31500000,30.00000000,0.357
1749261707,0.31400000,203.57000000,0.357
1749261707,0.31300000,26.68000000,0.357
1749261707,0.31200000,3498.52000000,0.357
1749261707,0.31000000,8901.81000000,0.357
1749261707,0.30900000,32.36000000,0.357
1749261707,0.30800000,4030.94000000,0.357
1749261707,0.30700000,201.06000000,0.357
1749261707,0.30600000,267.04000000,0.357
1749261707,0.30500000,268.52000000,0.357
1749261707,0.30400000,219.82000000,0.357
1749261707,0.30300000,65.01000000,0.357
1749261707,0.30200000,67.50000000,0.357
1749261707,0.30100000,1052.04000000,0.357
1749261707,0.30000000,9336.15000000,0.357
1749261707,0.29800000,462.67000000,0.357
1749261707,0.29600000,89.94000000,0.357
1749261707,0.29500000,196.92000000,0.357
1749261707,0.29300000,68.36000000,0.357
1749261707,0.29200000,381.13000000,0.357
1749261707,0.29100000,2508.58000000,0.357
1749261707,0.29000000,122.40000000,0.357
1749261707,0.28900000,22.37000000,0.357
1749261707,0.28700000,31.35000000,0.357
1749261707,0.28600000,144.80000000,0.357
1749261707,0.28500000,2466.33000000,0.357
1749261707,0.28400000,30.40000000,0.357
1749261707,0.28100000,22.37000000,0.357
1749261707,0.28000000,471.42000000,0.357
1749261707,0.27900000,107.52000000,0.357
1749261707,0.27800000,1153.40000000,0.357
1749261707,0.27700000,54.15000000,0.357
1749261707,0.27500000,290.41000000,0.357
1749261707,0.27400000,22.37000000,0.357
1749261707,0.27100000,299.55000000,0.357
1749261707,0.27000000,930.09000000,0.357
1749261707,0.26900000,25.94000000,0.357
1749261707,0.26700000,89.78000000,0.357
1749261707,0.26600000,26.31000000,0.357
1749261707,0.26500000,75.47000000,0.357
1749261707,0.26400000,401.15000000,0.357
1749261707,0.26200000,345.28000000,0.357
1749261707,0.26100000,122.37000000,0.357
1749261707,0.26000000,1037.88000000,0.357
1749261707,0.25700000,245.75000000,0.357
1749261707,0.25600000,41.01000000,0.357
1749261707,0.25500000,392.14000000,0.357
1749261707,0.25400000,81.42000000,0.357
1749261707,0.25100000,42.37000000,0.357
1749261707,0.25000000,2113.40000000,0.357
1749261707,0.24800000,62.77000000,0.357
1749261707,0.24700000,21.26000000,0.357
1749261707,0.24500000,22.37000000,0.357
1749261707,0.24300000,34.37000000,0.357
1749261707,0.24200000,206.84000000,0.357
1749261707,0.24100000,30.40000000,0.357
1749261707,0.24000000,125.94000000,0.357
1749261707,0.23800000,22.37000000,0.357
1749262010,0.35700000,33456.35000000,0.358
1749262010,0.35600000,96544.08000000,0.358
1749262010,0.35500000,147906.22000000,0.358
1749262010,0.35400000,23717.64000000,0.358
1749262010,0.35300000,28123.12000000,0.358
1749262010,0.35200000,43736.99000000,0.358
1749262010,0.35100000,30017.25000000,0.358
1749262010,0.35000000,11564.15000000,0.358
1749262010,0.34900000,10926.10000000,0.358
1749262010,0.34800000,9211.74000000,0.358
1749262010,0.34700000,7718.74000000,0.358
1749262010,0.34600000,6146.25000000,0.358
1749262010,0.34500000,7938.61000000,0.358
1749262010,0.34400000,6841.48000000,0.358
1749262010,0.34300000,7683.54000000,0.358
1749262010,0.34200000,3622.31000000,0.358
1749262010,0.34100000,12817.23000000,0.358
1749262010,0.34000000,4692.62000000,0.358
1749262010,0.33900000,5137.73000000,0.358
1749262010,0.33800000,8035.80000000,0.358
1749262010,0.33700000,1888.73000000,0.358
1749262010,0.33600000,3413.53000000,0.358
1749262010,0.33500000,5416.66000000,0.358
1749262010,0.33400000,21.16000000,0.358
1749262010,0.33300000,5457.15000000,0.358
1749262010,0.33200000,4926.64000000,0.358
1749262010,0.33100000,23114.72000000,0.358
1749262010,0.33000000,412.97000000,0.358
1749262010,0.32900000,5049.31000000,0.358
1749262010,0.32800000,11357.51000000,0.358
1749262010,0.32700000,5035.36000000,0.358
1749262010,0.32600000,122.42000000,0.358
1749262010,0.32500000,5070.46000000,0.358
1749262010,0.32400000,69.65000000,0.358
1749262010,0.32300000,2670.75000000,0.358
1749262010,0.32200000,3364.16000000,0.358
1749262010,0.32100000,5128.84000000,0.358
1749262010,0.32000000,5164.87000000,0.358
1749262010,0.31900000,124.04000000,0.358
1749262010,0.31800000,306.59000000,0.358
1749262010,0.31700000,3929.36000000,0.358
1749262010,0.31600000,483.82000000,0.358
1749262010,0.31500000,30.00000000,0.358
1749262010,0.31400000,203.57000000,0.358
1749262010,0.31300000,26.68000000,0.358
1749262010,0.31200000,3498.52000000,0.358
1749262010,0.31000000,8901.81000000,0.358
1749262010,0.30900000,32.36000000,0.358
1749262010,0.30800000,4030.94000000,0.358
1749262010,0.30700000,201.06000000,0.358
1749262010,0.30600000,267.04000000,0.358
1749262010,0.30500000,268.52000000,0.358
1749262010,0.30400000,219.82000000,0.358
1749262010,0.30300000,65.01000000,0.358
1749262010,0.30200000,67.50000000,0.358
1749262010,0.30100000,1052.04000000,0.358
1749262010,0.30000000,9336.15000000,0.358
1749262010,0.29800000,462.67000000,0.358
1749262010,0.29600000,89.94000000,0.358
1749262010,0.29500000,196.92000000,0.358
1749262010,0.29300000,68.36000000,0.358
1749262010,0.29200000,381.13000000,0.358
1749262010,0.29100000,2508.58000000,0.358
1749262010,0.29000000,122.40000000,0.358
1749262010,0.28900000,22.37000000,0.358
1749262010,0.28700000,31.35000000,0.358
1749262010,0.28600000,144.80000000,0.358
1749262010,0.28500000,2466.33000000,0.358
1749262010,0.28400000,30.40000000,0.358
1749262010,0.28100000,22.37000000,0.358
1749262010,0.28000000,471.42000000,0.358
1749262010,0.27900000,107.52000000,0.358
1749262010,0.27800000,1153.40000000,0.358
1749262010,0.27700000,54.15000000,0.358
1749262010,0.27500000,290.41000000,0.358
1749262010,0.27400000,22.37000000,0.358
1749262010,0.27100000,299.55000000,0.358
1749262010,0.27000000,930.09000000,0.358
1749262010,0.26900000,25.94000000,0.358
1749262010,0.26700000,89.78000000,0.358
1749262010,0.26600000,26.31000000,0.358
1749262010,0.26500000,75.47000000,0.358
1749262010,0.26400000,401.15000000,0.358
1749262010,0.26200000,345.28000000,0.358
1749262010,0.26100000,122.37000000,0.358
1749262010,0.26000000,1037.88000000,0.358
1749262010,0.25700000,245.75000000,0.358
1749262010,0.25600000,41.01000000,0.358
1749262010,0.25500000,392.14000000,0.358
1749262010,0.25400000,81.42000000,0.358
1749262010,0.25100000,42.37000000,0.358
1749262010,0.25000000,2113.40000000,0.358
1749262010,0.24800000,62.77000000,0.358
1749262010,0.24700000,21.26000000,0.358
1749262010,0.24500000,22.37000000,0.358
1749262010,0.24300000,34.37000000,0.358
1749262010,0.24200000,206.84000000,0.358
1749262010,0.24100000,30.40000000,0.358
1749262010,0.24000000,125.94000000,0.358
1749262010,0.23800000,22.37000000,0.358
1749262311,0.35800000,11976.68000000,0.359
1749262311,0.35700000,46611.99000000,0.359
1749262311,0.35600000,78580.20000000,0.359
1749262311,0.35500000,144489.45000000,0.359
1749262311,0.35400000,19897.85000000,0.359
1749262311,0.35300000,34529.21000000,0.359
1749262311,0.35200000,43736.99000000,0.359
1749262311,0.35100000,30018.54000000,0.359
1749262311,0.35000000,11528.33000000,0.359
1749262311,0.34900000,10926.10000000,0.359
1749262311,0.34800000,9211.74000000,0.359
1749262311,0.34700000,7718.74000000,0.359
1749262311,0.34600000,6146.25000000,0.359
1749262311,0.34500000,7938.61000000,0.359
1749262311,0.34400000,6841.48000000,0.359
1749262311,0.34300000,7683.52000000,0.359
1749262311,0.34200000,3622.31000000,0.359
1749262311,0.34100000,12817.23000000,0.359
1749262311,0.34000000,4692.62000000,0.359
1749262311,0.33900000,5137.73000000,0.359
1749262311,0.33800000,8035.80000000,0.359
1749262311,0.33700000,1888.73000000,0.359
1749262311,0.33600000,3413.53000000,0.359
1749262311,0.33500000,5416.66000000,0.359
1749262311,0.33400000,21.16000000,0.359
1749262311,0.33300000,5457.15000000,0.359
1749262311,0.33200000,4926.64000000,0.359
1749262311,0.33100000,23114.72000000,0.359
1749262311,0.33000000,412.97000000,0.359
1749262311,0.32900000,5049.31000000,0.359
1749262311,0.32800000,11357.51000000,0.359
1749262311,0.32700000,5035.36000000,0.359
1749262311,0.32600000,122.42000000,0.359
1749262311,0.32500000,5070.46000000,0.359
1749262311,0.32400000,69.65000000,0.359
1749262311,0.32300000,2670.75000000,0.359
1749262311,0.32200000,3364.16000000,0.359
1749262311,0.32100000,5128.84000000,0.359
1749262311,0.32000000,5164.87000000,0.359
1749262311,0.31900000,124.04000000,0.359
1749262311,0.31800000,306.59000000,0.359
1749262311,0.31700000,3929.36000000,0.359
1749262311,0.31600000,483.82000000,0.359
1749262311,0.31500000,30.00000000,0.359
1749262311,0.31400000,203.57000000,0.359
1749262311,0.31300000,26.68000000,0.359
1749262311,0.31200000,3498.52000000,0.359
1749262311,0.31000000,8901.81000000,0.359
1749262311,0.30900000,32.36000000,0.359
1749262311,0.30800000,4030.94000000,0.359
1749262311,0.30700000,201.06000000,0.359
1749262311,0.30600000,267.04000000,0.359
1749262311,0.30500000,268.52000000,0.359
1749262311,0.30400000,219.82000000,0.359
1749262311,0.30300000,65.01000000,0.359
1749262311,0.30200000,67.50000000,0.359
1749262311,0.30100000,1052.04000000,0.359
1749262311,0.30000000,9336.15000000,0.359
1749262311,0.29800000,462.67000000,0.359
1749262311,0.29600000,89.94000000,0.359
1749262311,0.29500000,196.92000000,0.359
1749262311,0.29300000,68.36000000,0.359
1749262311,0.29200000,381.13000000,0.359
1749262311,0.29100000,2508.58000000,0.359
1749262311,0.29000000,122.40000000,0.359
1749262311,0.28900000,22.37000000,0.359
1749262311,0.28700000,31.35000000,0.359
1749262311,0.28600000,144.80000000,0.359
1749262311,0.28500000,2466.33000000,0.359
1749262311,0.28400000,30.40000000,0.359
1749262311,0.28100000,22.37000000,0.359
1749262311,0.28000000,471.42000000,0.359
1749262311,0.27900000,107.52000000,0.359
1749262311,0.27800000,1153.40000000,0.359
1749262311,0.27700000,54.15000000,0.359
1749262311,0.27500000,290.41000000,0.359
1749262311,0.27400000,22.37000000,0.359
1749262311,0.27100000,299.55000000,0.359
1749262311,0.27000000,930.09000000,0.359
1749262311,0.26900000,25.94000000,0.359
1749262311,0.26700000,89.78000000,0.359
1749262311,0.26600000,26.31000000,0.359
1749262311,0.26500000,75.47000000,0.359
1749262311,0.26400000,401.15000000,0.359
1749262311,0.26200000,345.28000000,0.359
1749262311,0.26100000,122.37000000,0.359
1749262311,0.26000000,1037.88000000,0.359
1749262311,0.25700000,245.75000000,0.359
1749262311,0.25600000,41.01000000,0.359
1749262311,0.25500000,392.14000000,0.359
1749262311,0.25400000,81.42000000,0.359
1749262311,0.25100000,42.37000000,0.359
1749262311,0.25000000,2113.40000000,0.359
1749262311,0.24800000,62.77000000,0.359
1749262311,0.24700000,21.26000000,0.359
1749262311,0.24500000,22.37000000,0.359
1749262311,0.24300000,34.37000000,0.359
1749262311,0.24200000,206.84000000,0.359
1749262311,0.24100000,30.40000000,0.359
1749262311,0.24000000,125.94000000,0.359
1749262613,0.35800000,42325.62000000,0.359
1749262613,0.35700000,90790.31000000,0.359
1749262613,0.35600000,130158.11000000,0.359
1749262613,0.35500000,49089.23000000,0.359
1749262613,0.35400000,19280.28000000,0.359
1749262613,0.35300000,28300.62000000,0.359
1749262613,0.35200000,38847.79000000,0.359
1749262613,0.35100000,17353.09000000,0.359
1749262613,0.35000000,10142.23000000,0.359
1749262613,0.34900000,10926.10000000,0.359
1749262613,0.34800000,9211.74000000,0.359
1749262613,0.34700000,7718.74000000,0.359
1749262613,0.34600000,6146.25000000,0.359
1749262613,0.34500000,7938.61000000,0.359
1749262613,0.34400000,6841.48000000,0.359
1749262613,0.34300000,7683.54000000,0.359
1749262613,0.34200000,3622.31000000,0.359
1749262613,0.34100000,5485.86000000,0.359
1749262613,0.34000000,4692.62000000,0.359
1749262613,0.33900000,5137.73000000,0.359
1749262613,0.33800000,8035.80000000,0.359
1749262613,0.33700000,1888.73000000,0.359
1749262613,0.33600000,3413.53000000,0.359
1749262613,0.33500000,5416.66000000,0.359
1749262613,0.33400000,21.16000000,0.359
1749262613,0.33300000,5457.15000000,0.359
1749262613,0.33200000,4926.64000000,0.359
1749262613,0.33100000,12540.71000000,0.359
1749262613,0.33000000,412.97000000,0.359
1749262613,0.32900000,5049.31000000,0.359
1749262613,0.32800000,11357.51000000,0.359
1749262613,0.32700000,5035.36000000,0.359
1749262613,0.32600000,122.42000000,0.359
1749262613,0.32500000,5070.46000000,0.359
1749262613,0.32400000,69.65000000,0.359
1749262613,0.32300000,2670.75000000,0.359
1749262613,0.32200000,3431.80000000,0.359
1749262613,0.32100000,5061.00000000,0.359
1749262613,0.32000000,5164.87000000,0.359
1749262613,0.31900000,124.04000000,0.359
1749262613,0.31800000,306.59000000,0.359
1749262613,0.31700000,3929.36000000,0.359
1749262613,0.31600000,483.82000000,0.359
1749262613,0.31500000,30.00000000,0.359
1749262613,0.31400000,203.57000000,0.359
1749262613,0.31300000,26.68000000,0.359
1749262613,0.31200000,3498.52000000,0.359
1749262613,0.31000000,8901.81000000,0.359
1749262613,0.30900000,32.36000000,0.359
1749262613,0.30800000,4030.94000000,0.359
1749262613,0.30700000,201.06000000,0.359
1749262613,0.30600000,267.04000000,0.359
1749262613,0.30500000,268.52000000,0.359
1749262613,0.30400000,219.82000000,0.359
1749262613,0.30300000,65.01000000,0.359
1749262613,0.30200000,67.50000000,0.359
1749262613,0.30100000,1052.04000000,0.359
1749262613,0.30000000,9336.15000000,0.359
1749262613,0.29800000,462.67000000,0.359
1749262613,0.29600000,89.94000000,0.359
1749262613,0.29500000,196.92000000,0.359
1749262613,0.29300000,68.36000000,0.359
1749262613,0.29200000,381.13000000,0.359
1749262613,0.29100000,2508.58000000,0.359
1749262613,0.29000000,122.40000000,0.359
1749262613,0.28900000,22.37000000,0.359
1749262613,0.28700000,31.35000000,0.359
1749262613,0.28600000,144.80000000,0.359
1749262613,0.28500000,2466.33000000,0.359
1749262613,0.28400000,30.40000000,0.359
1749262613,0.28100000,22.37000000,0.359
1749262613,0.28000000,471.42000000,0.359
1749262613,0.27900000,107.52000000,0.359
1749262613,0.27800000,1153.40000000,0.359
1749262613,0.27700000,54.15000000,0.359
1749262613,0.27500000,290.41000000,0.359
1749262613,0.27400000,22.37000000,0.359
1749262613,0.27100000,299.55000000,0.359
1749262613,0.27000000,930.09000000,0.359
1749262613,0.26900000,25.94000000,0.359
1749262613,0.26700000,89.78000000,0.359
1749262613,0.26600000,26.31000000,0.359
1749262613,0.26500000,75.47000000,0.359
1749262613,0.26400000,401.15000000,0.359
1749262613,0.26200000,345.28000000,0.359
1749262613,0.26100000,122.37000000,0.359
1749262613,0.26000000,1037.88000000,0.359
1749262613,0.25700000,245.75000000,0.359
1749262613,0.25600000,41.01000000,0.359
1749262613,0.25500000,392.14000000,0.359
1749262613,0.25400000,81.42000000,0.359
1749262613,0.25100000,42.37000000,0.359
1749262613,0.25000000,2113.40000000,0.359
1749262613,0.24800000,62.77000000,0.359
1749262613,0.24700000,21.26000000,0.359
1749262613,0.24500000,22.37000000,0.359
1749262613,0.24300000,34.37000000,0.359
1749262613,0.24200000,206.84000000,0.359
1749262613,0.24100000,30.40000000,0.359
1749262613,0.24000000,125.94000000,0.359
1749262915,0.35800000,31955.36000000,0.359
1749262915,0.35700000,84137.41000000,0.359
1749262915,0.35600000,135813.21000000,0.359
1749262915,0.35500000,50206.44000000,0.359
1749262915,0.35400000,19459.05000000,0.359
1749262915,0.35300000,26300.62000000,0.359
1749262915,0.35200000,40847.79000000,0.359
1749262915,0.35100000,15918.32000000,0.359
1749262915,0.35000000,11542.10000000,0.359
1749262915,0.34900000,10926.10000000,0.359
1749262915,0.34800000,9211.74000000,0.359
1749262915,0.34700000,7718.74000000,0.359
1749262915,0.34600000,6146.25000000,0.359
1749262915,0.34500000,7938.61000000,0.359
1749262915,0.34400000,6841.48000000,0.359
1749262915,0.34300000,7683.54000000,0.359
1749262915,0.34200000,3622.31000000,0.359
1749262915,0.34100000,5485.86000000,0.359
1749262915,0.34000000,4781.78000000,0.359
1749262915,0.33900000,5137.73000000,0.359
1749262915,0.33800000,8035.80000000,0.359
1749262915,0.33700000,1888.73000000,0.359
1749262915,0.33600000,3413.53000000,0.359
1749262915,0.33500000,5416.66000000,0.359
1749262915,0.33400000,21.16000000,0.359
1749262915,0.33300000,5457.15000000,0.359
1749262915,0.33200000,4926.64000000,0.359
1749262915,0.33100000,12540.71000000,0.359
1749262915,0.33000000,412.97000000,0.359
1749262915,0.32900000,5049.31000000,0.359
1749262915,0.32800000,11357.51000000,0.359
1749262915,0.32700000,5035.36000000,0.359
1749262915,0.32600000,122.42000000,0.359
1749262915,0.32500000,5070.46000000,0.359
1749262915,0.32400000,69.65000000,0.359
1749262915,0.32300000,2670.75000000,0.359
1749262915,0.32200000,3431.80000000,0.359
1749262915,0.32100000,5061.00000000,0.359
1749262915,0.32000000,5164.87000000,0.359
1749262915,0.31900000,124.04000000,0.359
1749262915,0.31800000,306.59000000,0.359
1749262915,0.31700000,3929.36000000,0.359
1749262915,0.31600000,483.82000000,0.359
1749262915,0.31500000,30.00000000,0.359
1749262915,0.31400000,203.57000000,0.359
1749262915,0.31300000,26.68000000,0.359
1749262915,0.31200000,3498.52000000,0.359
1749262915,0.31000000,8901.81000000,0.359
1749262915,0.30900000,32.36000000,0.359
1749262915,0.30800000,4030.94000000,0.359
1749262915,0.30700000,201.06000000,0.359
1749262915,0.30600000,267.04000000,0.359
1749262915,0.30500000,268.52000000,0.359
1749262915,0.30400000,219.82000000,0.359
1749262915,0.30300000,65.01000000,0.359
1749262915,0.30200000,67.50000000,0.359
1749262915,0.30100000,1052.04000000,0.359
1749262915,0.30000000,9336.15000000,0.359
1749262915,0.29800000,462.67000000,0.359
1749262915,0.29600000,89.94000000,0.359
1749262915,0.29500000,196.92000000,0.359
1749262915,0.29300000,68.36000000,0.359
1749262915,0.29200000,381.13000000,0.359
1749262915,0.29100000,2508.58000000,0.359
1749262915,0.29000000,122.40000000,0.359
1749262915,0.28900000,22.37000000,0.359
1749262915,0.28700000,31.35000000,0.359
1749262915,0.28600000,144.80000000,0.359
1749262915,0.28500000,2466.33000000,0.359
1749262915,0.28400000,30.40000000,0.359
1749262915,0.28100000,22.37000000,0.359
1749262915,0.28000000,471.42000000,0.359
1749262915,0.27900000,107.52000000,0.359
1749262915,0.27800000,1153.40000000,0.359
1749262915,0.27700000,54.15000000,0.359
1749262915,0.27500000,290.41000000,0.359
1749262915,0.27400000,22.37000000,0.359
1749262915,0.27100000,299.55000000,0.359
1749262915,0.27000000,930.09000000,0.359
1749262915,0.26900000,25.94000000,0.359
1749262915,0.26700000,89.78000000,0.359
1749262915,0.26600000,26.31000000,0.359
1749262915,0.26500000,75.47000000,0.359
1749262915,0.26400000,401.15000000,0.359
1749262915,0.26200000,345.28000000,0.359
1749262915,0.26100000,122.37000000,0.359
1749262915,0.26000000,1037.88000000,0.359
1749262915,0.25700000,245.75000000,0.359
1749262915,0.25600000,41.01000000,0.359
1749262915,0.25500000,392.14000000,0.359
1749262915,0.25400000,81.42000000,0.359
1749262915,0.25100000,42.37000000,0.359
1749262915,0.25000000,2113.40000000,0.359
1749262915,0.24800000,62.77000000,0.359
1749262915,0.24700000,21.26000000,0.359
1749262915,0.24500000,22.37000000,0.359
1749262915,0.24300000,34.37000000,0.359
1749262915,0.24200000,206.84000000,0.359
1749262915,0.24100000,30.40000000,0.359
1749262915,0.24000000,125.94000000,0.359
1749263217,0.35800000,37293.64000000,0.359
1749263217,0.35700000,101955.44000000,0.359
1749263217,0.35600000,128848.34000000,0.359
1749263217,0.35500000,50089.23000000,0.359
1749263217,0.35400000,20459.05000000,0.359
1749263217,0.35300000,26300.62000000,0.359
1749263217,0.35200000,38847.79000000,0.359
1749263217,0.35100000,10918.32000000,0.359
1749263217,0.35000000,11542.10000000,0.359
1749263217,0.34900000,10926.10000000,0.359
1749263217,0.34800000,9211.74000000,0.359
1749263217,0.34700000,7718.74000000,0.359
1749263217,0.34600000,6146.25000000,0.359
1749263217,0.34500000,7938.61000000,0.359
1749263217,0.34400000,6841.48000000,0.359
1749263217,0.34300000,7683.54000000,0.359
1749263217,0.34200000,3622.31000000,0.359
1749263217,0.34100000,5485.86000000,0.359
1749263217,0.34000000,4781.78000000,0.359
1749263217,0.33900000,5137.73000000,0.359
1749263217,0.33800000,8035.80000000,0.359
1749263217,0.33700000,1888.73000000,0.359
1749263217,0.33600000,3413.53000000,0.359
1749263217,0.33500000,5416.66000000,0.359
1749263217,0.33400000,21.16000000,0.359
1749263217,0.33300000,5457.15000000,0.359
1749263217,0.33200000,4926.64000000,0.359
1749263217,0.33100000,12540.71000000,0.359
1749263217,0.33000000,412.97000000,0.359
1749263217,0.32900000,5049.31000000,0.359
1749263217,0.32800000,11357.51000000,0.359
1749263217,0.32700000,5035.36000000,0.359
1749263217,0.32600000,122.42000000,0.359
1749263217,0.32500000,5070.46000000,0.359
1749263217,0.32400000,69.65000000,0.359
1749263217,0.32300000,2670.75000000,0.359
1749263217,0.32200000,3431.80000000,0.359
1749263217,0.32100000,5061.00000000,0.359
1749263217,0.32000000,5164.87000000,0.359
1749263217,0.31900000,124.04000000,0.359
1749263217,0.31800000,306.59000000,0.359
1749263217,0.31700000,3929.36000000,0.359
1749263217,0.31600000,483.82000000,0.359
1749263217,0.31500000,30.00000000,0.359
1749263217,0.31400000,203.57000000,0.359
1749263217,0.31300000,26.68000000,0.359
1749263217,0.31200000,3498.52000000,0.359
1749263217,0.31000000,8901.81000000,0.359
1749263217,0.30900000,32.36000000,0.359
1749263217,0.30800000,4030.94000000,0.359
1749263217,0.30700000,201.06000000,0.359
1749263217,0.30600000,267.04000000,0.359
1749263217,0.30500000,268.52000000,0.359
1749263217,0.30400000,219.82000000,0.359
1749263217,0.30300000,65.01000000,0.359
1749263217,0.30200000,67.50000000,0.359
1749263217,0.30100000,1052.04000000,0.359
1749263217,0.30000000,9336.15000000,0.359
1749263217,0.29800000,462.67000000,0.359
1749263217,0.29600000,89.94000000,0.359
1749263217,0.29500000,196.92000000,0.359
1749263217,0.29300000,68.36000000,0.359
1749263217,0.29200000,381.13000000,0.359
1749263217,0.29100000,2508.58000000,0.359
1749263217,0.29000000,122.40000000,0.359
1749263217,0.28900000,22.37000000,0.359
1749263217,0.28700000,31.35000000,0.359
1749263217,0.28600000,144.80000000,0.359
1749263217,0.28500000,2466.33000000,0.359
1749263217,0.28400000,30.40000000,0.359
1749263217,0.28100000,22.37000000,0.359
1749263217,0.28000000,471.42000000,0.359
1749263217,0.27900000,107.52000000,0.359
1749263217,0.27800000,1153.40000000,0.359
1749263217,0.27700000,54.15000000,0.359
1749263217,0.27500000,290.41000000,0.359
1749263217,0.27400000,22.37000000,0.359
1749263217,0.27100000,299.55000000,0.359
1749263217,0.27000000,930.09000000,0.359
1749263217,0.26900000,25.94000000,0.359
1749263217,0.26700000,89.78000000,0.359
1749263217,0.26600000,26.31000000,0.359
1749263217,0.26500000,75.47000000,0.359
1749263217,0.26400000,401.15000000,0.359
1749263217,0.26200000,345.28000000,0.359
1749263217,0.26100000,122.37000000,0.359
1749263217,0.26000000,1037.88000000,0.359
1749263217,0.25700000,245.75000000,0.359
1749263217,0.25600000,41.01000000,0.359
1749263217,0.25500000,392.14000000,0.359
1749263217,0.25400000,81.42000000,0.359
1749263217,0.25100000,42.37000000,0.359
1749263217,0.25000000,2113.40000000,0.359
1749263217,0.24800000,62.77000000,0.359
1749263217,0.24700000,21.26000000,0.359
1749263217,0.24500000,22.37000000,0.359
1749263217,0.24300000,34.37000000,0.359
1749263217,0.24200000,206.84000000,0.359
1749263217,0.24100000,30.40000000,0.359
1749263217,0.24000000,125.94000000,0.359
1749263518,0.35800000,33025.56000000,0.358
1749263518,0.35700000,101070.46000000,0.358
1749263518,0.35600000,134984.51000000,0.358
1749263518,0.35500000,47059.73000000,0.358
1749263518,0.35400000,36427.99000000,0.358
1749263518,0.35300000,39180.70000000,0.358
1749263518,0.35200000,38847.79000000,0.358
1749263518,0.35100000,10918.32000000,0.358
1749263518,0.35000000,11542.10000000,0.358
1749263518,0.34900000,10926.10000000,0.358
1749263518,0.34800000,9211.74000000,0.358
1749263518,0.34700000,7718.74000000,0.358
1749263518,0.34600000,6146.25000000,0.358
1749263518,0.34500000,7938.61000000,0.358
1749263518,0.34400000,6841.48000000,0.358
1749263518,0.34300000,7683.54000000,0.358
1749263518,0.34200000,3622.31000000,0.358
1749263518,0.34100000,5485.86000000,0.358
1749263518,0.34000000,4781.78000000,0.358
1749263518,0.33900000,5137.73000000,0.358
1749263518,0.33800000,8035.80000000,0.358
1749263518,0.33700000,1888.73000000,0.358
1749263518,0.33600000,3413.53000000,0.358
1749263518,0.33500000,5416.66000000,0.358
1749263518,0.33400000,21.16000000,0.358
1749263518,0.33300000,5457.15000000,0.358
1749263518,0.33200000,4926.64000000,0.358
1749263518,0.33100000,12540.71000000,0.358
1749263518,0.33000000,412.97000000,0.358
1749263518,0.32900000,5049.31000000,0.358
1749263518,0.32800000,11357.51000000,0.358
1749263518,0.32700000,5035.36000000,0.358
1749263518,0.32600000,122.42000000,0.358
1749263518,0.32500000,5070.46000000,0.358
1749263518,0.32400000,69.65000000,0.358
1749263518,0.32300000,2670.75000000,0.358
1749263518,0.32200000,3431.80000000,0.358
1749263518,0.32100000,5061.00000000,0.358
1749263518,0.32000000,5164.87000000,0.358
1749263518,0.31900000,124.04000000,0.358
1749263518,0.31800000,306.59000000,0.358
1749263518,0.31700000,3929.36000000,0.358
1749263518,0.31600000,483.82000000,0.358
1749263518,0.31500000,30.00000000,0.358
1749263518,0.31400000,203.57000000,0.358
1749263518,0.31300000,26.68000000,0.358
1749263518,0.31200000,3498.52000000,0.358
1749263518,0.31000000,8901.81000000,0.358
1749263518,0.30900000,32.36000000,0.358
1749263518,0.30800000,4030.94000000,0.358
1749263518,0.30700000,201.06000000,0.358
1749263518,0.30600000,267.04000000,0.358
1749263518,0.30500000,268.52000000,0.358
1749263518,0.30400000,219.82000000,0.358
1749263518,0.30300000,65.01000000,0.358
1749263518,0.30200000,67.50000000,0.358
1749263518,0.30100000,1052.04000000,0.358
1749263518,0.30000000,9336.15000000,0.358
1749263518,0.29800000,462.67000000,0.358
1749263518,0.29600000,89.94000000,0.358
1749263518,0.29500000,196.92000000,0.358
1749263518,0.29300000,68.36000000,0.358
1749263518,0.29200000,381.13000000,0.358
1749263518,0.29100000,2508.58000000,0.358
1749263518,0.29000000,122.40000000,0.358
1749263518,0.28900000,22.37000000,0.358
1749263518,0.28700000,31.35000000,0.358
1749263518,0.28600000,144.80000000,0.358
1749263518,0.28500000,2466.33000000,0.358
1749263518,0.28400000,30.40000000,0.358
1749263518,0.28100000,22.37000000,0.358
1749263518,0.28000000,471.42000000,0.358
1749263518,0.27900000,107.52000000,0.358
1749263518,0.27800000,1153.40000000,0.358
1749263518,0.27700000,54.15000000,0.358
1749263518,0.27500000,290.41000000,0.358
1749263518,0.27400000,22.37000000,0.358
1749263518,0.27100000,299.55000000,0.358
1749263518,0.27000000,930.09000000,0.358
1749263518,0.26900000,25.94000000,0.358
1749263518,0.26700000,89.78000000,0.358
1749263518,0.26600000,26.31000000,0.358
1749263518,0.26500000,75.47000000,0.358
1749263518,0.26400000,401.15000000,0.358
1749263518,0.26200000,345.28000000,0.358
1749263518,0.26100000,122.37000000,0.358
1749263518,0.26000000,1037.88000000,0.358
1749263518,0.25700000,245.75000000,0.358
1749263518,0.25600000,41.01000000,0.358
1749263518,0.25500000,392.14000000,0.358
1749263518,0.25400000,81.42000000,0.358
1749263518,0.25100000,42.37000000,0.358
1749263518,0.25000000,2113.40000000,0.358
1749263518,0.24800000,62.77000000,0.358
1749263518,0.24700000,21.26000000,0.358
1749263518,0.24500000,22.37000000,0.358
1749263518,0.24300000,34.37000000,0.358
1749263518,0.24200000,206.84000000,0.358
1749263518,0.24100000,30.40000000,0.358
1749263518,0.24000000,125.94000000,0.358
1749263824,0.35800000,29186.72000000,0.359
1749263824,0.35700000,101181.50000000,0.359
1749263824,0.35600000,131094.13000000,0.359
1749263824,0.35500000,51165.46000000,0.359
1749263824,0.35400000,23190.65000000,0.359
1749263824,0.35300000,26664.53000000,0.359
1749263824,0.35200000,38847.79000000,0.359
1749263824,0.35100000,12335.31000000,0.359
1749263824,0.35000000,10142.23000000,0.359
1749263824,0.34900000,10926.10000000,0.359
1749263824,0.34800000,9211.74000000,0.359
1749263824,0.34700000,7718.74000000,0.359
1749263824,0.34600000,6146.25000000,0.359
1749263824,0.34500000,7938.61000000,0.359
1749263824,0.34400000,6841.48000000,0.359
1749263824,0.34300000,7683.54000000,0.359
1749263824,0.34200000,3622.31000000,0.359
1749263824,0.34100000,5485.86000000,0.359
1749263824,0.34000000,4781.78000000,0.359
1749263824,0.33900000,5137.73000000,0.359
1749263824,0.33800000,8035.80000000,0.359
1749263824,0.33700000,1888.73000000,0.359
1749263824,0.33600000,3413.53000000,0.359
1749263824,0.33500000,5416.66000000,0.359
1749263824,0.33400000,21.16000000,0.359
1749263824,0.33300000,5457.15000000,0.359
1749263824,0.33200000,4926.64000000,0.359
1749263824,0.33100000,12540.71000000,0.359
1749263824,0.33000000,412.97000000,0.359
1749263824,0.32900000,5049.31000000,0.359
1749263824,0.32800000,11357.51000000,0.359
1749263824,0.32700000,5035.36000000,0.359
1749263824,0.32600000,122.42000000,0.359
1749263824,0.32500000,5070.46000000,0.359
1749263824,0.32400000,69.65000000,0.359
1749263824,0.32300000,2670.75000000,0.359
1749263824,0.32200000,3431.80000000,0.359
1749263824,0.32100000,5061.00000000,0.359
1749263824,0.32000000,5164.87000000,0.359
1749263824,0.31900000,124.04000000,0.359
1749263824,0.31800000,306.59000000,0.359
1749263824,0.31700000,3929.36000000,0.359
1749263824,0.31600000,483.82000000,0.359
1749263824,0.31500000,30.00000000,0.359
1749263824,0.31400000,203.57000000,0.359
1749263824,0.31300000,26.68000000,0.359
1749263824,0.31200000,3498.52000000,0.359
1749263824,0.31000000,8901.81000000,0.359
1749263824,0.30900000,32.36000000,0.359
1749263824,0.30800000,4030.94000000,0.359
1749263824,0.30700000,201.06000000,0.359
1749263824,0.30600000,267.04000000,0.359
1749263824,0.30500000,268.52000000,0.359
1749263824,0.30400000,219.82000000,0.359
1749263824,0.30300000,65.01000000,0.359
1749263824,0.30200000,67.50000000,0.359
1749263824,0.30100000,1052.04000000,0.359
1749263824,0.30000000,9336.15000000,0.359
1749263824,0.29800000,462.67000000,0.359
1749263824,0.29600000,89.94000000,0.359
1749263824,0.29500000,196.92000000,0.359
1749263824,0.29300000,68.36000000,0.359
1749263824,0.29200000,381.13000000,0.359
1749263824,0.29100000,2508.58000000,0.359
1749263824,0.29000000,122.40000000,0.359
1749263824,0.28900000,22.37000000,0.359
1749263824,0.28700000,31.35000000,0.359
1749263824,0.28600000,144.80000000,0.359
1749263824,0.28500000,2466.33000000,0.359
1749263824,0.28400000,30.40000000,0.359
1749263824,0.28100000,22.37000000,0.359
1749263824,0.28000000,471.42000000,0.359
1749263824,0.27900000,107.52000000,0.359
1749263824,0.27800000,1153.40000000,0.359
1749263824,0.27700000,54.15000000,0.359
1749263824,0.27500000,290.41000000,0.359
1749263824,0.27400000,22.37000000,0.359
1749263824,0.27100000,299.55000000,0.359
1749263824,0.27000000,930.09000000,0.359
1749263824,0.26900000,25.94000000,0.359
1749263824,0.26700000,89.78000000,0.359
1749263824,0.26600000,26.31000000,0.359
1749263824,0.26500000,75.47000000,0.359
1749263824,0.26400000,401.15000000,0.359
1749263824,0.26200000,345.28000000,0.359
1749263824,0.26100000,122.37000000,0.359
1749263824,0.26000000,1037.88000000,0.359
1749263824,0.25700000,245.75000000,0.359
1749263824,0.25600000,41.01000000,0.359
1749263824,0.25500000,392.14000000,0.359
1749263824,0.25400000,81.42000000,0.359
1749263824,0.25100000,42.37000000,0.359
1749263824,0.25000000,2113.40000000,0.359
1749263824,0.24800000,62.77000000,0.359
1749263824,0.24700000,21.26000000,0.359
1749263824,0.24500000,22.37000000,0.359
1749263824,0.24300000,34.37000000,0.359
1749263824,0.24200000,206.84000000,0.359
1749263824,0.24100000,30.40000000,0.359
1749263824,0.24000000,125.94000000,0.359
1749264126,0.35800000,28975.32000000,0.359
1749264126,0.35700000,98958.29000000,0.359
1749264126,0.35600000,131728.22000000,0.359
1749264126,0.35500000,51162.87000000,0.359
1749264126,0.35400000,24708.95000000,0.359
1749264126,0.35300000,29734.65000000,0.359
1749264126,0.35200000,40412.53000000,0.359
1749264126,0.35100000,12351.40000000,0.359
1749264126,0.35000000,10142.23000000,0.359
1749264126,0.34900000,10926.10000000,0.359
1749264126,0.34800000,9211.74000000,0.359
1749264126,0.34700000,7718.74000000,0.359
1749264126,0.34600000,6146.25000000,0.359
1749264126,0.34500000,7938.61000000,0.359
1749264126,0.34400000,6841.48000000,0.359
1749264126,0.34300000,7712.70000000,0.359
1749264126,0.34200000,3593.07000000,0.359
1749264126,0.34100000,5485.86000000,0.359
1749264126,0.34000000,4781.78000000,0.359
1749264126,0.33900000,5137.73000000,0.359
1749264126,0.33800000,8035.80000000,0.359
1749264126,0.33700000,1888.73000000,0.359
1749264126,0.33600000,3413.53000000,0.359
1749264126,0.33500000,5416.66000000,0.359
1749264126,0.33400000,21.16000000,0.359
1749264126,0.33300000,5457.15000000,0.359
1749264126,0.33200000,4926.64000000,0.359
1749264126,0.33100000,12540.71000000,0.359
1749264126,0.33000000,412.97000000,0.359
1749264126,0.32900000,5049.31000000,0.359
1749264126,0.32800000,11357.51000000,0.359
1749264126,0.32700000,5035.36000000,0.359
1749264126,0.32600000,122.42000000,0.359
1749264126,0.32500000,5070.46000000,0.359
1749264126,0.32400000,69.65000000,0.359
1749264126,0.32300000,2670.75000000,0.359
1749264126,0.32200000,3431.80000000,0.359
1749264126,0.32100000,5061.00000000,0.359
1749264126,0.32000000,5164.87000000,0.359
1749264126,0.31900000,124.04000000,0.359
1749264126,0.31800000,306.59000000,0.359
1749264126,0.31700000,3929.36000000,0.359
1749264126,0.31600000,483.82000000,0.359
1749264126,0.31500000,30.00000000,0.359
1749264126,0.31400000,203.57000000,0.359
1749264126,0.31300000,26.68000000,0.359
1749264126,0.31200000,3498.52000000,0.359
1749264126,0.31000000,8901.81000000,0.359
1749264126,0.30900000,32.36000000,0.359
1749264126,0.30800000,4030.94000000,0.359
1749264126,0.30700000,201.06000000,0.359
1749264126,0.30600000,267.04000000,0.359
1749264126,0.30500000,268.52000000,0.359
1749264126,0.30400000,219.82000000,0.359
1749264126,0.30300000,65.01000000,0.359
1749264126,0.30200000,67.50000000,0.359
1749264126,0.30100000,1052.04000000,0.359
1749264126,0.30000000,9336.15000000,0.359
1749264126,0.29800000,462.67000000,0.359
1749264126,0.29600000,89.94000000,0.359
1749264126,0.29500000,196.92000000,0.359
1749264126,0.29300000,68.36000000,0.359
1749264126,0.29200000,381.13000000,0.359
1749264126,0.29100000,2508.58000000,0.359
1749264126,0.29000000,122.40000000,0.359
1749264126,0.28900000,22.37000000,0.359
1749264126,0.28700000,31.35000000,0.359
1749264126,0.28600000,144.80000000,0.359
1749264126,0.28500000,2466.33000000,0.359
1749264126,0.28400000,30.40000000,0.359
1749264126,0.28100000,22.37000000,0.359
1749264126,0.28000000,471.42000000,0.359
1749264126,0.27900000,107.52000000,0.359
1749264126,0.27800000,1153.40000000,0.359
1749264126,0.27700000,54.15000000,0.359
1749264126,0.27500000,290.41000000,0.359
1749264126,0.27400000,22.37000000,0.359
1749264126,0.27100000,299.55000000,0.359
1749264126,0.27000000,930.09000000,0.359
1749264126,0.26900000,25.94000000,0.359
1749264126,0.26700000,89.78000000,0.359
1749264126,0.26600000,26.31000000,0.359
1749264126,0.26500000,75.47000000,0.359
1749264126,0.26400000,401.15000000,0.359
1749264126,0.26200000,345.28000000,0.359
1749264126,0.26100000,122.37000000,0.359
1749264126,0.26000000,1037.88000000,0.359
1749264126,0.25700000,245.75000000,0.359
1749264126,0.25600000,41.01000000,0.359
1749264126,0.25500000,392.14000000,0.359
1749264126,0.25400000,81.42000000,0.359
1749264126,0.25100000,42.37000000,0.359
1749264126,0.25000000,2113.40000000,0.359
1749264126,0.24800000,62.77000000,0.359
1749264126,0.24700000,21.26000000,0.359
1749264126,0.24500000,22.37000000,0.359
1749264126,0.24300000,34.37000000,0.359
1749264126,0.24200000,206.84000000,0.359
1749264126,0.24100000,30.40000000,0.359
1749264126,0.24000000,125.94000000,0.359
1749264432,0.35800000,35618.27000000,0.359
1749264432,0.35700000,94856.69000000,0.359
1749264432,0.35600000,129789.38000000,0.359
1749264432,0.35500000,47041.88000000,0.359
1749264432,0.35400000,24238.82000000,0.359
1749264432,0.35300000,26843.26000000,0.359
1749264432,0.35200000,40242.49000000,0.359
1749264432,0.35100000,12371.01000000,0.359
1749264432,0.35000000,10142.23000000,0.359
1749264432,0.34900000,10926.10000000,0.359
1749264432,0.34800000,9211.74000000,0.359
1749264432,0.34700000,7718.74000000,0.359
1749264432,0.34600000,6146.25000000,0.359
1749264432,0.34500000,7938.61000000,0.359
1749264432,0.34400000,6841.48000000,0.359
1749264432,0.34300000,7712.70000000,0.359
1749264432,0.34200000,3593.07000000,0.359
1749264432,0.34100000,5485.86000000,0.359
1749264432,0.34000000,4781.78000000,0.359
1749264432,0.33900000,5137.73000000,0.359
1749264432,0.33800000,6261.05000000,0.359
1749264432,0.33700000,1888.73000000,0.359
1749264432,0.33600000,3413.53000000,0.359
1749264432,0.33500000,5416.66000000,0.359
1749264432,0.33400000,21.16000000,0.359
1749264432,0.33300000,5457.15000000,0.359
1749264432,0.33200000,4926.64000000,0.359
1749264432,0.33100000,12540.71000000,0.359
1749264432,0.33000000,412.97000000,0.359
1749264432,0.32900000,5049.31000000,0.359
1749264432,0.32800000,11357.51000000,0.359
1749264432,0.32700000,5035.36000000,0.359
1749264432,0.32600000,122.42000000,0.359
1749264432,0.32500000,5070.46000000,0.359
1749264432,0.32400000,69.65000000,0.359
1749264432,0.32300000,2670.75000000,0.359
1749264432,0.32200000,3431.80000000,0.359
1749264432,0.32100000,5061.00000000,0.359
1749264432,0.32000000,5164.87000000,0.359
1749264432,0.31900000,124.04000000,0.359
1749264432,0.31800000,306.59000000,0.359
1749264432,0.31700000,3929.36000000,0.359
1749264432,0.31600000,483.82000000,0.359
1749264432,0.31500000,30.00000000,0.359
1749264432,0.31400000,203.57000000,0.359
1749264432,0.31300000,26.68000000,0.359
1749264432,0.31200000,3498.52000000,0.359
1749264432,0.31000000,8901.81000000,0.359
1749264432,0.30900000,32.36000000,0.359
1749264432,0.30800000,4030.94000000,0.359
1749264432,0.30700000,201.06000000,0.359
1749264432,0.30600000,267.04000000,0.359
1749264432,0.30500000,268.52000000,0.359
1749264432,0.30400000,219.82000000,0.359
1749264432,0.30300000,65.01000000,0.359
1749264432,0.30200000,67.50000000,0.359
1749264432,0.30100000,1052.04000000,0.359
1749264432,0.30000000,9336.15000000,0.359
1749264432,0.29800000,462.67000000,0.359
1749264432,0.29600000,89.94000000,0.359
1749264432,0.29500000,196.92000000,0.359
1749264432,0.29300000,68.36000000,0.359
1749264432,0.29200000,381.13000000,0.359
1749264432,0.29100000,2508.58000000,0.359
1749264432,0.29000000,122.40000000,0.359
1749264432,0.28900000,22.37000000,0.359
1749264432,0.28700000,31.35000000,0.359
1749264432,0.28600000,144.80000000,0.359
1749264432,0.28500000,2466.33000000,0.359
1749264432,0.28400000,30.40000000,0.359
1749264432,0.28100000,22.37000000,0.359
1749264432,0.28000000,471.42000000,0.359
1749264432,0.27900000,107.52000000,0.359
1749264432,0.27800000,1153.40000000,0.359
1749264432,0.27700000,54.15000000,0.359
1749264432,0.27500000,290.41000000,0.359
1749264432,0.27400000,22.37000000,0.359
1749264432,0.27100000,299.55000000,0.359
1749264432,0.27000000,930.09000000,0.359
1749264432,0.26900000,25.94000000,0.359
1749264432,0.26700000,89.78000000,0.359
1749264432,0.26600000,26.31000000,0.359
1749264432,0.26500000,75.47000000,0.359
1749264432,0.26400000,401.15000000,0.359
1749264432,0.26200000,345.28000000,0.359
1749264432,0.26100000,122.37000000,0.359
1749264432,0.26000000,1037.88000000,0.359
1749264432,0.25700000,245.75000000,0.359
1749264432,0.25600000,41.01000000,0.359
1749264432,0.25500000,392.14000000,0.359
1749264432,0.25400000,81.42000000,0.359
1749264432,0.25100000,42.37000000,0.359
1749264432,0.25000000,2113.40000000,0.359
1749264432,0.24800000,62.77000000,0.359
1749264432,0.24700000,21.26000000,0.359
1749264432,0.24500000,22.37000000,0.359
1749264432,0.24300000,34.37000000,0.359
1749264432,0.24200000,206.84000000,0.359
1749264432,0.24100000,30.40000000,0.359
1749264432,0.24000000,125.94000000,0.359
1749264734,0.35900000,15046.58000000,0.359
1749264734,0.35800000,98903.52000000,0.359
1749264734,0.35700000,145051.28000000,0.359
1749264734,0.35600000,32389.44000000,0.359
1749264734,0.35500000,36525.09000000,0.359
1749264734,0.35400000,31329.27000000,0.359
1749264734,0.35300000,31459.05000000,0.359
1749264734,0.35200000,33209.65000000,0.359
1749264734,0.35100000,12318.52000000,0.359
1749264734,0.35000000,10142.23000000,0.359
1749264734,0.34900000,10926.10000000,0.359
1749264734,0.34800000,9194.50000000,0.359
1749264734,0.34700000,7718.74000000,0.359
1749264734,0.34600000,6146.25000000,0.359
1749264734,0.34500000,7938.61000000,0.359
1749264734,0.34400000,6841.48000000,0.359
1749264734,0.34300000,7712.70000000,0.359
1749264734,0.34200000,3593.07000000,0.359
1749264734,0.34100000,5485.86000000,0.359
1749264734,0.34000000,4781.78000000,0.359
1749264734,0.33900000,5137.73000000,0.359
1749264734,0.33800000,6261.05000000,0.359
1749264734,0.33700000,1862.02000000,0.359
1749264734,0.33600000,3413.53000000,0.359
1749264734,0.33500000,5416.66000000,0.359
1749264734,0.33400000,21.16000000,0.359
1749264734,0.33300000,5457.15000000,0.359
1749264734,0.33200000,4926.64000000,0.359
1749264734,0.33100000,12540.71000000,0.359
1749264734,0.33000000,2230.74000000,0.359
1749264734,0.32900000,5049.31000000,0.359
1749264734,0.32800000,11357.51000000,0.359
1749264734,0.32700000,4998.66000000,0.359
1749264734,0.32600000,122.42000000,0.359
1749264734,0.32500000,5070.46000000,0.359
1749264734,0.32400000,69.65000000,0.359
1749264734,0.32300000,2670.75000000,0.359
1749264734,0.32200000,3431.80000000,0.359
1749264734,0.32100000,5061.00000000,0.359
1749264734,0.32000000,5164.87000000,0.359
1749264734,0.31900000,124.04000000,0.359
1749264734,0.31800000,306.59000000,0.359
1749264734,0.31700000,3929.36000000,0.359
1749264734,0.31600000,483.82000000,0.359
1749264734,0.31500000,30.00000000,0.359
1749264734,0.31400000,203.57000000,0.359
1749264734,0.31300000,26.68000000,0.359
1749264734,0.31200000,3498.52000000,0.359
1749264734,0.31000000,8901.81000000,0.359
1749264734,0.30900000,32.36000000,0.359
1749264734,0.30800000,4030.94000000,0.359
1749264734,0.30700000,201.06000000,0.359
1749264734,0.30600000,267.04000000,0.359
1749264734,0.30500000,268.52000000,0.359
1749264734,0.30400000,219.82000000,0.359
1749264734,0.30300000,65.01000000,0.359
1749264734,0.30200000,67.50000000,0.359
1749264734,0.30100000,1052.04000000,0.359
1749264734,0.30000000,9336.15000000,0.359
1749264734,0.29800000,462.67000000,0.359
1749264734,0.29600000,89.94000000,0.359
1749264734,0.29500000,196.92000000,0.359
1749264734,0.29300000,68.36000000,0.359
1749264734,0.29200000,381.13000000,0.359
1749264734,0.29100000,2508.58000000,0.359
1749264734,0.29000000,122.40000000,0.359
1749264734,0.28900000,22.37000000,0.359
1749264734,0.28700000,31.35000000,0.359
1749264734,0.28600000,144.80000000,0.359
1749264734,0.28500000,2466.33000000,0.359
1749264734,0.28400000,30.40000000,0.359
1749264734,0.28100000,22.37000000,0.359
1749264734,0.28000000,471.42000000,0.359
1749264734,0.27900000,107.52000000,0.359
1749264734,0.27800000,1153.40000000,0.359
1749264734,0.27700000,54.15000000,0.359
1749264734,0.27500000,290.41000000,0.359
1749264734,0.27400000,22.37000000,0.359
1749264734,0.27100000,299.55000000,0.359
1749264734,0.27000000,930.09000000,0.359
1749264734,0.26900000,25.94000000,0.359
1749264734,0.26700000,89.78000000,0.359
1749264734,0.26600000,26.31000000,0.359
1749264734,0.26500000,75.47000000,0.359
1749264734,0.26400000,401.15000000,0.359
1749264734,0.26200000,345.28000000,0.359
1749264734,0.26100000,122.37000000,0.359
1749264734,0.26000000,1037.88000000,0.359
1749264734,0.25700000,245.75000000,0.359
1749264734,0.25600000,41.01000000,0.359
1749264734,0.25500000,392.14000000,0.359
1749264734,0.25400000,81.42000000,0.359
1749264734,0.25100000,42.37000000,0.359
1749264734,0.25000000,2113.40000000,0.359
1749264734,0.24800000,62.77000000,0.359
1749264734,0.24700000,21.26000000,0.359
1749264734,0.24500000,22.37000000,0.359
1749264734,0.24300000,34.37000000,0.359
1749264734,0.24200000,206.84000000,0.359
1749264734,0.24100000,30.40000000,0.359
1749265036,0.35900000,21996.39000000,0.36
1749265036,0.35800000,95829.98000000,0.36
1749265036,0.35700000,135754.08000000,0.36
1749265036,0.35600000,31997.19000000,0.36
1749265036,0.35500000,30907.85000000,0.36
1749265036,0.35400000,26255.91000000,0.36
1749265036,0.35300000,23577.93000000,0.36
1749265036,0.35200000,34635.05000000,0.36
1749265036,0.35100000,10918.32000000,0.36
1749265036,0.35000000,10142.23000000,0.36
1749265036,0.34900000,10926.10000000,0.36
1749265036,0.34800000,9194.50000000,0.36
1749265036,0.34700000,7718.74000000,0.36
1749265036,0.34600000,6146.25000000,0.36
1749265036,0.34500000,7938.61000000,0.36
1749265036,0.34400000,6841.48000000,0.36
1749265036,0.34300000,7683.54000000,0.36
1749265036,0.34200000,3622.31000000,0.36
1749265036,0.34100000,5485.86000000,0.36
1749265036,0.34000000,4781.78000000,0.36
1749265036,0.33900000,5137.73000000,0.36
1749265036,0.33800000,6261.05000000,0.36
1749265036,0.33700000,1862.02000000,0.36
1749265036,0.33600000,3413.53000000,0.36
1749265036,0.33500000,5416.66000000,0.36
1749265036,0.33400000,21.16000000,0.36
1749265036,0.33300000,5457.15000000,0.36
1749265036,0.33200000,4926.64000000,0.36
1749265036,0.33100000,12540.71000000,0.36
1749265036,0.33000000,2230.74000000,0.36
1749265036,0.32900000,5049.31000000,0.36
1749265036,0.32800000,11357.51000000,0.36
1749265036,0.32700000,4998.66000000,0.36
1749265036,0.32600000,122.42000000,0.36
1749265036,0.32500000,5070.46000000,0.36
1749265036,0.32400000,69.65000000,0.36
1749265036,0.32300000,2738.19000000,0.36
1749265036,0.32200000,3364.16000000,0.36
1749265036,0.32100000,5061.00000000,0.36
1749265036,0.32000000,5164.87000000,0.36
1749265036,0.31900000,124.04000000,0.36
1749265036,0.31800000,306.59000000,0.36
1749265036,0.31700000,3929.36000000,0.36
1749265036,0.31600000,483.82000000,0.36
1749265036,0.31500000,30.00000000,0.36
1749265036,0.31400000,203.57000000,0.36
1749265036,0.31300000,26.68000000,0.36
1749265036,0.31200000,3498.52000000,0.36
1749265036,0.31000000,8901.81000000,0.36
1749265036,0.30900000,32.36000000,0.36
1749265036,0.30800000,4030.94000000,0.36
1749265036,0.30700000,201.06000000,0.36
1749265036,0.30600000,267.04000000,0.36
1749265036,0.30500000,268.52000000,0.36
1749265036,0.30400000,219.82000000,0.36
1749265036,0.30300000,65.01000000,0.36
1749265036,0.30200000,67.50000000,0.36
1749265036,0.30100000,1052.04000000,0.36
1749265036,0.30000000,9336.15000000,0.36
1749265036,0.29800000,462.67000000,0.36
1749265036,0.29600000,89.94000000,0.36
1749265036,0.29500000,196.92000000,0.36
1749265036,0.29300000,68.36000000,0.36
1749265036,0.29200000,381.13000000,0.36
1749265036,0.29100000,2508.58000000,0.36
1749265036,0.29000000,122.40000000,0.36
1749265036,0.28900000,22.37000000,0.36
1749265036,0.28700000,31.35000000,0.36
1749265036,0.28600000,144.80000000,0.36
1749265036,0.28500000,2466.33000000,0.36
1749265036,0.28400000,30.40000000,0.36
1749265036,0.28100000,22.37000000,0.36
1749265036,0.28000000,471.42000000,0.36
1749265036,0.27900000,107.52000000,0.36
1749265036,0.27800000,1153.40000000,0.36
1749265036,0.27700000,54.15000000,0.36
1749265036,0.27500000,290.41000000,0.36
1749265036,0.27400000,22.37000000,0.36
1749265036,0.27100000,299.55000000,0.36
1749265036,0.27000000,930.09000000,0.36
1749265036,0.26900000,25.94000000,0.36
1749265036,0.26700000,89.78000000,0.36
1749265036,0.26600000,26.31000000,0.36
1749265036,0.26500000,75.47000000,0.36
1749265036,0.26400000,401.15000000,0.36
1749265036,0.26200000,345.28000000,0.36
1749265036,0.26100000,122.37000000,0.36
1749265036,0.26000000,1037.88000000,0.36
1749265036,0.25700000,245.75000000,0.36
1749265036,0.25600000,41.01000000,0.36
1749265036,0.25500000,392.14000000,0.36
1749265036,0.25400000,81.42000000,0.36
1749265036,0.25100000,42.37000000,0.36
1749265036,0.25000000,2113.40000000,0.36
1749265036,0.24800000,62.77000000,0.36
1749265036,0.24700000,21.26000000,0.36
1749265036,0.24500000,22.37000000,0.36
1749265036,0.24300000,34.37000000,0.36
1749265036,0.24200000,206.84000000,0.36
1749265036,0.24100000,30.40000000,0.36
1749265337,0.35900000,27200.09000000,0.36
1749265337,0.35800000,94089.63000000,0.36
1749265337,0.35700000,136568.56000000,0.36
1749265337,0.35600000,27482.91000000,0.36
1749265337,0.35500000,26265.71000000,0.36
1749265337,0.35400000,22039.74000000,0.36
1749265337,0.35300000,24718.32000000,0.36
1749265337,0.35200000,34631.64000000,0.36
1749265337,0.35100000,10918.32000000,0.36
1749265337,0.35000000,10142.23000000,0.36
1749265337,0.34900000,10926.10000000,0.36
1749265337,0.34800000,9194.50000000,0.36
1749265337,0.34700000,7718.74000000,0.36
1749265337,0.34600000,6146.25000000,0.36
1749265337,0.34500000,7938.61000000,0.36
1749265337,0.34400000,6841.48000000,0.36
1749265337,0.34300000,7683.54000000,0.36
1749265337,0.34200000,3622.31000000,0.36
1749265337,0.34100000,5485.86000000,0.36
1749265337,0.34000000,4781.78000000,0.36
1749265337,0.33900000,5137.73000000,0.36
1749265337,0.33800000,6261.05000000,0.36
1749265337,0.33700000,1862.02000000,0.36
1749265337,0.33600000,3413.53000000,0.36
1749265337,0.33500000,5416.66000000,0.36
1749265337,0.33400000,21.16000000,0.36
1749265337,0.33300000,5457.15000000,0.36
1749265337,0.33200000,4926.64000000,0.36
1749265337,0.33100000,12540.71000000,0.36
1749265337,0.33000000,2230.74000000,0.36
1749265337,0.32900000,5049.31000000,0.36
1749265337,0.32800000,11357.51000000,0.36
1749265337,0.32700000,4998.66000000,0.36
1749265337,0.32600000,122.42000000,0.36
1749265337,0.32500000,5070.46000000,0.36
1749265337,0.32400000,69.65000000,0.36
1749265337,0.32300000,2738.19000000,0.36
1749265337,0.32200000,3364.16000000,0.36
1749265337,0.32100000,5061.00000000,0.36
1749265337,0.32000000,5164.87000000,0.36
1749265337,0.31900000,124.04000000,0.36
1749265337,0.31800000,306.59000000,0.36
1749265337,0.31700000,3929.36000000,0.36
1749265337,0.31600000,483.82000000,0.36
1749265337,0.31500000,30.00000000,0.36
1749265337,0.31400000,203.57000000,0.36
1749265337,0.31300000,26.68000000,0.36
1749265337,0.31200000,3498.52000000,0.36
1749265337,0.31000000,8901.81000000,0.36
1749265337,0.30900000,32.36000000,0.36
1749265337,0.30800000,4030.94000000,0.36
1749265337,0.30700000,201.06000000,0.36
1749265337,0.30600000,267.04000000,0.36
1749265337,0.30500000,268.52000000,0.36
1749265337,0.30400000,219.82000000,0.36
1749265337,0.30300000,65.01000000,0.36
1749265337,0.30200000,67.50000000,0.36
1749265337,0.30100000,1052.04000000,0.36
1749265337,0.30000000,9336.15000000,0.36
1749265337,0.29800000,462.67000000,0.36
1749265337,0.29600000,89.94000000,0.36
1749265337,0.29500000,196.92000000,0.36
1749265337,0.29300000,68.36000000,0.36
1749265337,0.29200000,381.13000000,0.36
1749265337,0.29100000,2508.58000000,0.36
1749265337,0.29000000,122.40000000,0.36
1749265337,0.28900000,22.37000000,0.36
1749265337,0.28700000,31.35000000,0.36
1749265337,0.28600000,144.80000000,0.36
1749265337,0.28500000,2466.33000000,0.36
1749265337,0.28400000,30.40000000,0.36
1749265337,0.28100000,22.37000000,0.36
1749265337,0.28000000,471.42000000,0.36
1749265337,0.27900000,107.52000000,0.36
1749265337,0.27800000,1153.40000000,0.36
1749265337,0.27700000,54.15000000,0.36
1749265337,0.27500000,290.41000000,0.36
1749265337,0.27400000,22.37000000,0.36
1749265337,0.27100000,299.55000000,0.36
1749265337,0.27000000,930.09000000,0.36
1749265337,0.26900000,25.94000000,0.36
1749265337,0.26700000,89.78000000,0.36
1749265337,0.26600000,26.31000000,0.36
1749265337,0.26500000,75.47000000,0.36
1749265337,0.26400000,401.15000000,0.36
1749265337,0.26200000,345.28000000,0.36
1749265337,0.26100000,122.37000000,0.36
1749265337,0.26000000,1037.88000000,0.36
1749265337,0.25700000,245.75000000,0.36
1749265337,0.25600000,41.01000000,0.36
1749265337,0.25500000,392.14000000,0.36
1749265337,0.25400000,81.42000000,0.36
1749265337,0.25100000,42.37000000,0.36
1749265337,0.25000000,2113.40000000,0.36
1749265337,0.24800000,62.77000000,0.36
1749265337,0.24700000,21.26000000,0.36
1749265337,0.24500000,22.37000000,0.36
1749265337,0.24300000,34.37000000,0.36
1749265337,0.24200000,206.84000000,0.36
1749265337,0.24100000,30.40000000,0.36
1749265639,0.35900000,37607.81000000,0.36
1749265639,0.35800000,95786.40000000,0.36
1749265639,0.35700000,131326.86000000,0.36
1749265639,0.35600000,50862.06000000,0.36
1749265639,0.35500000,28012.38000000,0.36
1749265639,0.35400000,51306.32000000,0.36
1749265639,0.35300000,30427.25000000,0.36
1749265639,0.35200000,12128.88000000,0.36
1749265639,0.35100000,10918.32000000,0.36
1749265639,0.35000000,10142.23000000,0.36
1749265639,0.34900000,10926.10000000,0.36
1749265639,0.34800000,6218.08000000,0.36
1749265639,0.34700000,7718.74000000,0.36
1749265639,0.34600000,6146.25000000,0.36
1749265639,0.34500000,5164.68000000,0.36
1749265639,0.34400000,4067.55000000,0.36
1749265639,0.34300000,7683.54000000,0.36
1749265639,0.34200000,3622.31000000,0.36
1749265639,0.34100000,5485.86000000,0.36
1749265639,0.34000000,4781.78000000,0.36
1749265639,0.33900000,5137.73000000,0.36
1749265639,0.33800000,6261.05000000,0.36
1749265639,0.33700000,1862.02000000,0.36
1749265639,0.33600000,3413.53000000,0.36
1749265639,0.33500000,5416.66000000,0.36
1749265639,0.33400000,21.16000000,0.36
1749265639,0.33300000,5457.15000000,0.36
1749265639,0.33200000,4926.64000000,0.36
1749265639,0.33100000,12540.71000000,0.36
1749265639,0.33000000,2230.74000000,0.36
1749265639,0.32900000,5049.31000000,0.36
1749265639,0.32800000,11357.51000000,0.36
1749265639,0.32700000,4998.66000000,0.36
1749265639,0.32600000,122.42000000,0.36
1749265639,0.32500000,5070.46000000,0.36
1749265639,0.32400000,69.65000000,0.36
1749265639,0.32300000,2738.19000000,0.36
1749265639,0.32200000,3364.16000000,0.36
1749265639,0.32100000,5061.00000000,0.36
1749265639,0.32000000,5164.87000000,0.36
1749265639,0.31900000,124.04000000,0.36
1749265639,0.31800000,306.59000000,0.36
1749265639,0.31700000,3929.36000000,0.36
1749265639,0.31600000,483.82000000,0.36
1749265639,0.31500000,30.00000000,0.36
1749265639,0.31400000,203.57000000,0.36
1749265639,0.31300000,26.68000000,0.36
1749265639,0.31200000,3498.52000000,0.36
1749265639,0.31000000,5571.81000000,0.36
1749265639,0.30900000,32.36000000,0.36
1749265639,0.30800000,700.94000000,0.36
1749265639,0.30700000,201.06000000,0.36
1749265639,0.30600000,267.04000000,0.36
1749265639,0.30500000,268.52000000,0.36
1749265639,0.30400000,219.82000000,0.36
1749265639,0.30300000,65.01000000,0.36
1749265639,0.30200000,67.50000000,0.36
1749265639,0.30100000,1052.04000000,0.36
1749265639,0.30000000,9336.15000000,0.36
1749265639,0.29800000,462.67000000,0.36
1749265639,0.29600000,89.94000000,0.36
1749265639,0.29500000,196.92000000,0.36
1749265639,0.29300000,68.36000000,0.36
1749265639,0.29200000,381.13000000,0.36
1749265639,0.29100000,2508.58000000,0.36
1749265639,0.29000000,122.40000000,0.36
1749265639,0.28900000,22.37000000,0.36
1749265639,0.28700000,31.35000000,0.36
1749265639,0.28600000,144.80000000,0.36
1749265639,0.28500000,2466.33000000,0.36
1749265639,0.28400000,30.40000000,0.36
1749265639,0.28100000,22.37000000,0.36
1749265639,0.28000000,471.42000000,0.36
1749265639,0.27900000,107.52000000,0.36
1749265639,0.27800000,1153.40000000,0.36
1749265639,0.27700000,54.15000000,0.36
1749265639,0.27500000,290.41000000,0.36
1749265639,0.27400000,22.37000000,0.36
1749265639,0.27100000,299.55000000,0.36
1749265639,0.27000000,930.09000000,0.36
1749265639,0.26900000,25.94000000,0.36
1749265639,0.26700000,89.78000000,0.36
1749265639,0.26600000,26.31000000,0.36
1749265639,0.26500000,75.47000000,0.36
1749265639,0.26400000,401.15000000,0.36
1749265639,0.26200000,345.28000000,0.36
1749265639,0.26100000,122.37000000,0.36
1749265639,0.26000000,1037.88000000,0.36
1749265639,0.25700000,245.75000000,0.36
1749265639,0.25600000,41.01000000,0.36
1749265639,0.25500000,392.14000000,0.36
1749265639,0.25400000,81.42000000,0.36
1749265639,0.25100000,42.37000000,0.36
1749265639,0.25000000,2113.40000000,0.36
1749265639,0.24800000,62.77000000,0.36
1749265639,0.24700000,21.26000000,0.36
1749265639,0.24500000,22.37000000,0.36
1749265639,0.24300000,34.37000000,0.36
1749265639,0.24200000,206.84000000,0.36
1749265639,0.24100000,30.40000000,0.36
1749265941,0.36000000,20709.58000000,0.36
1749265941,0.35900000,90520.37000000,0.36
1749265941,0.35800000,135945.84000000,0.36
1749265941,0.35700000,36021.19000000,0.36
1749265941,0.35600000,49869.12000000,0.36
1749265941,0.35500000,24436.56000000,0.36
1749265941,0.35400000,47878.87000000,0.36
1749265941,0.35300000,17842.30000000,0.36
1749265941,0.35200000,10746.65000000,0.36
1749265941,0.35100000,10918.32000000,0.36
1749265941,0.35000000,10142.23000000,0.36
1749265941,0.34900000,10926.10000000,0.36
1749265941,0.34800000,6218.08000000,0.36
1749265941,0.34700000,7718.74000000,0.36
1749265941,0.34600000,6146.25000000,0.36
1749265941,0.34500000,5164.68000000,0.36
1749265941,0.34400000,4067.55000000,0.36
1749265941,0.34300000,7683.54000000,0.36
1749265941,0.34200000,3622.31000000,0.36
1749265941,0.34100000,5485.86000000,0.36
1749265941,0.34000000,4781.78000000,0.36
1749265941,0.33900000,5137.73000000,0.36
1749265941,0.33800000,6261.05000000,0.36
1749265941,0.33700000,1862.02000000,0.36
1749265941,0.33600000,3413.53000000,0.36
1749265941,0.33500000,5416.66000000,0.36
1749265941,0.33400000,21.16000000,0.36
1749265941,0.33300000,5457.15000000,0.36
1749265941,0.33200000,4926.64000000,0.36
1749265941,0.33100000,12540.71000000,0.36
1749265941,0.33000000,2230.74000000,0.36
1749265941,0.32900000,5049.31000000,0.36
1749265941,0.32800000,11357.51000000,0.36
1749265941,0.32700000,4998.66000000,0.36
1749265941,0.32600000,122.42000000,0.36
1749265941,0.32500000,5070.46000000,0.36
1749265941,0.32400000,136.89000000,0.36
1749265941,0.32300000,2670.75000000,0.36
1749265941,0.32200000,3364.16000000,0.36
1749265941,0.32100000,5061.00000000,0.36
1749265941,0.32000000,5164.87000000,0.36
1749265941,0.31900000,124.04000000,0.36
1749265941,0.31800000,306.59000000,0.36
1749265941,0.31700000,3929.36000000,0.36
1749265941,0.31600000,483.82000000,0.36
1749265941,0.31500000,30.00000000,0.36
1749265941,0.31400000,203.57000000,0.36
1749265941,0.31300000,26.68000000,0.36
1749265941,0.31200000,3498.52000000,0.36
1749265941,0.31000000,5571.81000000,0.36
1749265941,0.30900000,32.36000000,0.36
1749265941,0.30800000,700.94000000,0.36
1749265941,0.30700000,201.06000000,0.36
1749265941,0.30600000,267.04000000,0.36
1749265941,0.30500000,268.52000000,0.36
1749265941,0.30400000,219.82000000,0.36
1749265941,0.30300000,65.01000000,0.36
1749265941,0.30200000,67.50000000,0.36
1749265941,0.30100000,1052.04000000,0.36
1749265941,0.30000000,9336.15000000,0.36
1749265941,0.29800000,462.67000000,0.36
1749265941,0.29600000,89.94000000,0.36
1749265941,0.29500000,196.92000000,0.36
1749265941,0.29300000,68.36000000,0.36
1749265941,0.29200000,381.13000000,0.36
1749265941,0.29100000,2508.58000000,0.36
1749265941,0.29000000,122.40000000,0.36
1749265941,0.28900000,22.37000000,0.36
1749265941,0.28700000,31.35000000,0.36
1749265941,0.28600000,144.80000000,0.36
1749265941,0.28500000,2466.33000000,0.36
1749265941,0.28400000,30.40000000,0.36
1749265941,0.28100000,22.37000000,0.36
1749265941,0.28000000,471.42000000,0.36
1749265941,0.27900000,107.52000000,0.36
1749265941,0.27800000,1153.40000000,0.36
1749265941,0.27700000,54.15000000,0.36
1749265941,0.27500000,290.41000000,0.36
1749265941,0.27400000,22.37000000,0.36
1749265941,0.27100000,299.55000000,0.36
1749265941,0.27000000,930.09000000,0.36
1749265941,0.26900000,25.94000000,0.36
1749265941,0.26700000,89.78000000,0.36
1749265941,0.26600000,26.31000000,0.36
1749265941,0.26500000,75.47000000,0.36
1749265941,0.26400000,401.15000000,0.36
1749265941,0.26200000,345.28000000,0.36
1749265941,0.26100000,122.37000000,0.36
1749265941,0.26000000,1037.88000000,0.36
1749265941,0.25700000,245.75000000,0.36
1749265941,0.25600000,41.01000000,0.36
1749265941,0.25500000,392.14000000,0.36
1749265941,0.25400000,81.42000000,0.36
1749265941,0.25100000,42.37000000,0.36
1749265941,0.25000000,2113.40000000,0.36
1749265941,0.24800000,62.77000000,0.36
1749265941,0.24700000,21.26000000,0.36
1749265941,0.24500000,22.37000000,0.36
1749265941,0.24300000,34.37000000,0.36
1749265941,0.24200000,206.84000000,0.36
1749266242,0.36000000,21558.24000000,0.36
1749266242,0.35900000,93749.50000000,0.36
1749266242,0.35800000,136403.57000000,0.36
1749266242,0.35700000,39462.49000000,0.36
1749266242,0.35600000,48568.92000000,0.36
1749266242,0.35500000,19843.36000000,0.36
1749266242,0.35400000,46758.51000000,0.36
1749266242,0.35300000,16403.59000000,0.36
1749266242,0.35200000,10774.60000000,0.36
1749266242,0.35100000,10918.32000000,0.36
1749266242,0.35000000,10142.23000000,0.36
1749266242,0.34900000,10926.10000000,0.36
1749266242,0.34800000,6218.08000000,0.36
1749266242,0.34700000,7718.74000000,0.36
1749266242,0.34600000,6146.25000000,0.36
1749266242,0.34500000,5164.68000000,0.36
1749266242,0.34400000,4558.32000000,0.36
1749266242,0.34300000,7191.34000000,0.36
1749266242,0.34200000,3622.31000000,0.36
1749266242,0.34100000,5485.86000000,0.36
1749266242,0.34000000,4781.78000000,0.36
1749266242,0.33900000,5137.73000000,0.36
1749266242,0.33800000,6261.05000000,0.36
1749266242,0.33700000,1862.02000000,0.36
1749266242,0.33600000,3413.53000000,0.36
1749266242,0.33500000,5416.66000000,0.36
1749266242,0.33400000,21.16000000,0.36
1749266242,0.33300000,5457.15000000,0.36
1749266242,0.33200000,4926.64000000,0.36
1749266242,0.33100000,12540.71000000,0.36
1749266242,0.33000000,2230.74000000,0.36
1749266242,0.32900000,5049.31000000,0.36
1749266242,0.32800000,11357.51000000,0.36
1749266242,0.32700000,4998.66000000,0.36
1749266242,0.32600000,122.42000000,0.36
1749266242,0.32500000,5070.46000000,0.36
1749266242,0.32400000,136.89000000,0.36
1749266242,0.32300000,2670.75000000,0.36
1749266242,0.32200000,3364.16000000,0.36
1749266242,0.32100000,5061.00000000,0.36
1749266242,0.32000000,5164.87000000,0.36
1749266242,0.31900000,124.04000000,0.36
1749266242,0.31800000,306.59000000,0.36
1749266242,0.31700000,3929.36000000,0.36
1749266242,0.31600000,483.82000000,0.36
1749266242,0.31500000,30.00000000,0.36
1749266242,0.31400000,203.57000000,0.36
1749266242,0.31300000,26.68000000,0.36
1749266242,0.31200000,3498.52000000,0.36
1749266242,0.31000000,5571.81000000,0.36
1749266242,0.30900000,32.36000000,0.36
1749266242,0.30800000,700.94000000,0.36
1749266242,0.30700000,201.06000000,0.36
1749266242,0.30600000,267.04000000,0.36
1749266242,0.30500000,268.52000000,0.36
1749266242,0.30400000,219.82000000,0.36
1749266242,0.30300000,65.01000000,0.36
1749266242,0.30200000,67.50000000,0.36
1749266242,0.30100000,1052.04000000,0.36
1749266242,0.30000000,9336.15000000,0.36
1749266242,0.29800000,462.67000000,0.36
1749266242,0.29600000,89.94000000,0.36
1749266242,0.29500000,196.92000000,0.36
1749266242,0.29300000,68.36000000,0.36
1749266242,0.29200000,381.13000000,0.36
1749266242,0.29100000,2508.58000000,0.36
1749266242,0.29000000,122.40000000,0.36
1749266242,0.28900000,22.37000000,0.36
1749266242,0.28700000,31.35000000,0.36
1749266242,0.28600000,144.80000000,0.36
1749266242,0.28500000,2466.33000000,0.36
1749266242,0.28400000,30.40000000,0.36
1749266242,0.28100000,22.37000000,0.36
1749266242,0.28000000,471.42000000,0.36
1749266242,0.27900000,107.52000000,0.36
1749266242,0.27800000,1153.40000000,0.36
1749266242,0.27700000,54.15000000,0.36
1749266242,0.27500000,290.41000000,0.36
1749266242,0.27400000,22.37000000,0.36
1749266242,0.27100000,299.55000000,0.36
1749266242,0.27000000,930.09000000,0.36
1749266242,0.26900000,25.94000000,0.36
1749266242,0.26700000,89.78000000,0.36
1749266242,0.26600000,26.31000000,0.36
1749266242,0.26500000,75.47000000,0.36
1749266242,0.26400000,401.15000000,0.36
1749266242,0.26200000,345.28000000,0.36
1749266242,0.26100000,122.37000000,0.36
1749266242,0.26000000,1037.88000000,0.36
1749266242,0.25700000,245.75000000,0.36
1749266242,0.25600000,41.01000000,0.36
1749266242,0.25500000,392.14000000,0.36
1749266242,0.25400000,81.42000000,0.36
1749266242,0.25100000,42.37000000,0.36
1749266242,0.25000000,2113.40000000,0.36
1749266242,0.24800000,62.77000000,0.36
1749266242,0.24700000,21.26000000,0.36
1749266242,0.24500000,22.37000000,0.36
1749266242,0.24300000,34.37000000,0.36
1749266242,0.24200000,206.84000000,0.36
1749266544,0.35900000,23616.21000000,0.36
1749266544,0.35800000,102369.55000000,0.36
1749266544,0.35700000,134624.73000000,0.36
1749266544,0.35600000,51171.26000000,0.36
1749266544,0.35500000,26340.52000000,0.36
1749266544,0.35400000,50973.67000000,0.36
1749266544,0.35300000,30419.37000000,0.36
1749266544,0.35200000,9351.95000000,0.36
1749266544,0.35100000,12326.39000000,0.36
1749266544,0.35000000,10142.23000000,0.36
1749266544,0.34900000,10926.10000000,0.36
1749266544,0.34800000,6218.08000000,0.36
1749266544,0.34700000,7718.74000000,0.36
1749266544,0.34600000,3372.32000000,0.36
1749266544,0.34500000,5164.68000000,0.36
1749266544,0.34400000,4067.55000000,0.36
1749266544,0.34300000,7683.54000000,0.36
1749266544,0.34200000,3622.31000000,0.36
1749266544,0.34100000,5485.86000000,0.36
1749266544,0.34000000,4781.78000000,0.36
1749266544,0.33900000,5137.73000000,0.36
1749266544,0.33800000,6261.05000000,0.36
1749266544,0.33700000,1862.02000000,0.36
1749266544,0.33600000,3413.53000000,0.36
1749266544,0.33500000,5416.66000000,0.36
1749266544,0.33400000,21.16000000,0.36
1749266544,0.33300000,5457.15000000,0.36
1749266544,0.33200000,4926.64000000,0.36
1749266544,0.33100000,12540.71000000,0.36
1749266544,0.33000000,5560.74000000,0.36
1749266544,0.32900000,5049.31000000,0.36
1749266544,0.32800000,11357.51000000,0.36
1749266544,0.32700000,4998.66000000,0.36
1749266544,0.32600000,122.42000000,0.36
1749266544,0.32500000,5070.46000000,0.36
1749266544,0.32400000,69.65000000,0.36
1749266544,0.32300000,2738.19000000,0.36
1749266544,0.32200000,3364.16000000,0.36
1749266544,0.32100000,5061.00000000,0.36
1749266544,0.32000000,5164.87000000,0.36
1749266544,0.31900000,124.04000000,0.36
1749266544,0.31800000,306.59000000,0.36
1749266544,0.31700000,3929.36000000,0.36
1749266544,0.31600000,483.82000000,0.36
1749266544,0.31500000,30.00000000,0.36
1749266544,0.31400000,203.57000000,0.36
1749266544,0.31300000,26.68000000,0.36
1749266544,0.31200000,3498.52000000,0.36
1749266544,0.31000000,5571.81000000,0.36
1749266544,0.30900000,32.36000000,0.36
1749266544,0.30800000,700.94000000,0.36
1749266544,0.30700000,201.06000000,0.36
1749266544,0.30600000,267.04000000,0.36
1749266544,0.30500000,268.52000000,0.36
1749266544,0.30400000,219.82000000,0.36
1749266544,0.30300000,65.01000000,0.36
1749266544,0.30200000,67.50000000,0.36
1749266544,0.30100000,1052.04000000,0.36
1749266544,0.30000000,9336.15000000,0.36
1749266544,0.29800000,462.67000000,0.36
1749266544,0.29600000,89.94000000,0.36
1749266544,0.29500000,196.92000000,0.36
1749266544,0.29300000,68.36000000,0.36
1749266544,0.29200000,381.13000000,0.36
1749266544,0.29100000,2508.58000000,0.36
1749266544,0.29000000,122.40000000,0.36
1749266544,0.28900000,22.37000000,0.36
1749266544,0.28700000,31.35000000,0.36
1749266544,0.28600000,144.80000000,0.36
1749266544,0.28500000,2466.33000000,0.36
1749266544,0.28400000,30.40000000,0.36
1749266544,0.28100000,22.37000000,0.36
1749266544,0.28000000,471.42000000,0.36
1749266544,0.27900000,107.52000000,0.36
1749266544,0.27800000,1153.40000000,0.36
1749266544,0.27700000,54.15000000,0.36
1749266544,0.27500000,290.41000000,0.36
1749266544,0.27400000,22.37000000,0.36
1749266544,0.27100000,299.55000000,0.36
1749266544,0.27000000,930.09000000,0.36
1749266544,0.26900000,25.94000000,0.36
1749266544,0.26700000,89.78000000,0.36
1749266544,0.26600000,26.31000000,0.36
1749266544,0.26500000,75.47000000,0.36
1749266544,0.26400000,401.15000000,0.36
1749266544,0.26200000,345.28000000,0.36
1749266544,0.26100000,122.37000000,0.36
1749266544,0.26000000,1037.88000000,0.36
1749266544,0.25700000,245.75000000,0.36
1749266544,0.25600000,41.01000000,0.36
1749266544,0.25500000,392.14000000,0.36
1749266544,0.25400000,81.42000000,0.36
1749266544,0.25100000,42.37000000,0.36
1749266544,0.25000000,2113.40000000,0.36
1749266544,0.24800000,62.77000000,0.36
1749266544,0.24700000,21.26000000,0.36
1749266544,0.24500000,22.37000000,0.36
1749266544,0.24300000,34.37000000,0.36
1749266544,0.24200000,206.84000000,0.36
1749266544,0.24100000,30.40000000,0.36
1749266846,0.36000000,24501.08000000,0.361
1749266846,0.35900000,97749.30000000,0.361
1749266846,0.35800000,128091.94000000,0.361
1749266846,0.35700000,41519.00000000,0.361
1749266846,0.35600000,40570.95000000,0.361
1749266846,0.35500000,20905.52000000,0.361
1749266846,0.35400000,46758.51000000,0.361
1749266846,0.35300000,16288.74000000,0.361
1749266846,0.35200000,10738.99000000,0.361
1749266846,0.35100000,10918.32000000,0.361
1749266846,0.35000000,10142.23000000,0.361
1749266846,0.34900000,10926.10000000,0.361
1749266846,0.34800000,6218.08000000,0.361
1749266846,0.34700000,4944.81000000,0.361
1749266846,0.34600000,3372.32000000,0.361
1749266846,0.34500000,5164.68000000,0.361
1749266846,0.34400000,4558.32000000,0.361
1749266846,0.34300000,7191.34000000,0.361
1749266846,0.34200000,3622.31000000,0.361
1749266846,0.34100000,5485.86000000,0.361
1749266846,0.34000000,4781.78000000,0.361
1749266846,0.33900000,5137.73000000,0.361
1749266846,0.33800000,6261.05000000,0.361
1749266846,0.33700000,1862.02000000,0.361
1749266846,0.33600000,3413.53000000,0.361
1749266846,0.33500000,5416.66000000,0.361
1749266846,0.33400000,21.16000000,0.361
1749266846,0.33300000,5457.15000000,0.361
1749266846,0.33200000,4926.64000000,0.361
1749266846,0.33100000,12540.71000000,0.361
1749266846,0.33000000,5560.74000000,0.361
1749266846,0.32900000,5049.31000000,0.361
1749266846,0.32800000,11357.51000000,0.361
1749266846,0.32700000,4998.66000000,0.361
1749266846,0.32600000,122.42000000,0.361
1749266846,0.32500000,5070.46000000,0.361
1749266846,0.32400000,136.89000000,0.361
1749266846,0.32300000,2670.75000000,0.361
1749266846,0.32200000,3364.16000000,0.361
1749266846,0.32100000,5061.00000000,0.361
1749266846,0.32000000,5164.87000000,0.361
1749266846,0.31900000,124.04000000,0.361
1749266846,0.31800000,306.59000000,0.361
1749266846,0.31700000,3929.36000000,0.361
1749266846,0.31600000,483.82000000,0.361
1749266846,0.31500000,30.00000000,0.361
1749266846,0.31400000,203.57000000,0.361
1749266846,0.31300000,26.68000000,0.361
1749266846,0.31200000,3498.52000000,0.361
1749266846,0.31000000,5571.81000000,0.361
1749266846,0.30900000,32.36000000,0.361
1749266846,0.30800000,700.94000000,0.361
1749266846,0.30700000,201.06000000,0.361
1749266846,0.30600000,267.04000000,0.361
1749266846,0.30500000,268.52000000,0.361
1749266846,0.30400000,219.82000000,0.361
1749266846,0.30300000,65.01000000,0.361
1749266846,0.30200000,67.50000000,0.361
1749266846,0.30100000,1052.04000000,0.361
1749266846,0.30000000,9336.15000000,0.361
1749266846,0.29800000,462.67000000,0.361
1749266846,0.29600000,89.94000000,0.361
1749266846,0.29500000,196.92000000,0.361
1749266846,0.29300000,68.36000000,0.361
1749266846,0.29200000,381.13000000,0.361
1749266846,0.29100000,2508.58000000,0.361
1749266846,0.29000000,122.40000000,0.361
1749266846,0.28900000,22.37000000,0.361
1749266846,0.28700000,31.35000000,0.361
1749266846,0.28600000,144.80000000,0.361
1749266846,0.28500000,2466.33000000,0.361
1749266846,0.28400000,30.40000000,0.361
1749266846,0.28100000,22.37000000,0.361
1749266846,0.28000000,471.42000000,0.361
1749266846,0.27900000,107.52000000,0.361
1749266846,0.27800000,1153.40000000,0.361
1749266846,0.27700000,54.15000000,0.361
1749266846,0.27500000,290.41000000,0.361
1749266846,0.27400000,22.37000000,0.361
1749266846,0.27100000,299.55000000,0.361
1749266846,0.27000000,930.09000000,0.361
1749266846,0.26900000,25.94000000,0.361
1749266846,0.26700000,89.78000000,0.361
1749266846,0.26600000,26.31000000,0.361
1749266846,0.26500000,75.47000000,0.361
1749266846,0.26400000,401.15000000,0.361
1749266846,0.26200000,345.28000000,0.361
1749266846,0.26100000,122.37000000,0.361
1749266846,0.26000000,1037.88000000,0.361
1749266846,0.25700000,245.75000000,0.361
1749266846,0.25600000,41.01000000,0.361
1749266846,0.25500000,392.14000000,0.361
1749266846,0.25400000,81.42000000,0.361
1749266846,0.25100000,42.37000000,0.361
1749266846,0.25000000,2113.40000000,0.361
1749266846,0.24800000,62.77000000,0.361
1749266846,0.24700000,21.26000000,0.361
1749266846,0.24500000,22.37000000,0.361
1749266846,0.24300000,34.37000000,0.361
1749266846,0.24200000,206.84000000,0.361
1749267147,0.36000000,39061.24000000,0.361
1749267147,0.35900000,66086.44000000,0.361
1749267147,0.35800000,144276.11000000,0.361
1749267147,0.35700000,33029.75000000,0.361
1749267147,0.35600000,38212.08000000,0.361
1749267147,0.35500000,22173.05000000,0.361
1749267147,0.35400000,49853.31000000,0.361
1749267147,0.35300000,16305.74000000,0.361
1749267147,0.35200000,10758.29000000,0.361
1749267147,0.35100000,10918.32000000,0.361
1749267147,0.35000000,10142.23000000,0.361
1749267147,0.34900000,10926.10000000,0.361
1749267147,0.34800000,6218.08000000,0.361
1749267147,0.34700000,4944.81000000,0.361
1749267147,0.34600000,3395.44000000,0.361
1749267147,0.34500000,5164.68000000,0.361
1749267147,0.34400000,4558.32000000,0.361
1749267147,0.34300000,7191.34000000,0.361
1749267147,0.34200000,3622.31000000,0.361
1749267147,0.34100000,5544.48000000,0.361
1749267147,0.34000000,4781.78000000,0.361
1749267147,0.33900000,5137.73000000,0.361
1749267147,0.33800000,6290.64000000,0.361
1749267147,0.33700000,1862.02000000,0.361
1749267147,0.33600000,3413.53000000,0.361
1749267147,0.33500000,5356.98000000,0.361
1749267147,0.33400000,21.16000000,0.361
1749267147,0.33300000,5457.15000000,0.361
1749267147,0.33200000,4926.64000000,0.361
1749267147,0.33100000,12540.71000000,0.361
1749267147,0.33000000,5560.74000000,0.361
1749267147,0.32900000,5049.31000000,0.361
1749267147,0.32800000,11357.51000000,0.361
1749267147,0.32700000,4998.66000000,0.361
1749267147,0.32600000,122.42000000,0.361
1749267147,0.32500000,5070.46000000,0.361
1749267147,0.32400000,136.89000000,0.361
1749267147,0.32300000,2670.75000000,0.361
1749267147,0.32200000,3364.16000000,0.361
1749267147,0.32100000,5061.00000000,0.361
1749267147,0.32000000,5164.87000000,0.361
1749267147,0.31900000,124.04000000,0.361
1749267147,0.31800000,306.59000000,0.361
1749267147,0.31700000,599.36000000,0.361
1749267147,0.31600000,483.82000000,0.361
1749267147,0.31500000,30.00000000,0.361
1749267147,0.31400000,203.57000000,0.361
1749267147,0.31300000,26.68000000,0.361
1749267147,0.31200000,168.52000000,0.361
1749267147,0.31000000,5571.81000000,0.361
1749267147,0.30900000,32.36000000,0.361
1749267147,0.30800000,700.94000000,0.361
1749267147,0.30700000,201.06000000,0.361
1749267147,0.30600000,267.04000000,0.361
1749267147,0.30500000,268.52000000,0.361
1749267147,0.30400000,219.82000000,0.361
1749267147,0.30300000,65.01000000,0.361
1749267147,0.30200000,67.50000000,0.361
1749267147,0.30100000,1052.04000000,0.361
1749267147,0.30000000,9336.15000000,0.361
1749267147,0.29800000,462.67000000,0.361
1749267147,0.29600000,89.94000000,0.361
1749267147,0.29500000,196.92000000,0.361
1749267147,0.29300000,68.36000000,0.361
1749267147,0.29200000,381.13000000,0.361
1749267147,0.29100000,2508.58000000,0.361
1749267147,0.29000000,122.40000000,0.361
1749267147,0.28900000,22.37000000,0.361
1749267147,0.28700000,31.35000000,0.361
1749267147,0.28600000,144.80000000,0.361
1749267147,0.28500000,2466.33000000,0.361
1749267147,0.28400000,30.40000000,0.361
1749267147,0.28100000,22.37000000,0.361
1749267147,0.28000000,471.42000000,0.361
1749267147,0.27900000,107.52000000,0.361
1749267147,0.27800000,1153.40000000,0.361
1749267147,0.27700000,54.15000000,0.361
1749267147,0.27500000,290.41000000,0.361
1749267147,0.27400000,22.37000000,0.361
1749267147,0.27100000,299.55000000,0.361
1749267147,0.27000000,930.09000000,0.361
1749267147,0.26900000,25.94000000,0.361
1749267147,0.26700000,89.78000000,0.361
1749267147,0.26600000,26.31000000,0.361
1749267147,0.26500000,75.47000000,0.361
1749267147,0.26400000,401.15000000,0.361
1749267147,0.26200000,345.28000000,0.361
1749267147,0.26100000,122.37000000,0.361
1749267147,0.26000000,1037.88000000,0.361
1749267147,0.25700000,245.75000000,0.361
1749267147,0.25600000,41.01000000,0.361
1749267147,0.25500000,392.14000000,0.361
1749267147,0.25400000,81.42000000,0.361
1749267147,0.25100000,42.37000000,0.361
1749267147,0.25000000,2113.40000000,0.361
1749267147,0.24800000,62.77000000,0.361
1749267147,0.24700000,21.26000000,0.361
1749267147,0.24500000,22.37000000,0.361
1749267147,0.24300000,34.37000000,0.361
1749267147,0.24200000,206.84000000,0.361
1749267449,0.36000000,19938.34000000,0.36
1749267449,0.35900000,77691.86000000,0.36
1749267449,0.35800000,159339.51000000,0.36
1749267449,0.35700000,31918.80000000,0.36
1749267449,0.35600000,46608.10000000,0.36
1749267449,0.35500000,31744.53000000,0.36
1749267449,0.35400000,46758.51000000,0.36
1749267449,0.35300000,16305.74000000,0.36
1749267449,0.35200000,10782.05000000,0.36
1749267449,0.35100000,10918.32000000,0.36
1749267449,0.35000000,10142.23000000,0.36
1749267449,0.34900000,10926.10000000,0.36
1749267449,0.34800000,6218.08000000,0.36
1749267449,0.34700000,4944.81000000,0.36
1749267449,0.34600000,3395.44000000,0.36
1749267449,0.34500000,5164.68000000,0.36
1749267449,0.34400000,4558.32000000,0.36
1749267449,0.34300000,7191.34000000,0.36
1749267449,0.34200000,3622.31000000,0.36
1749267449,0.34100000,5544.48000000,0.36
1749267449,0.34000000,4781.78000000,0.36
1749267449,0.33900000,5137.73000000,0.36
1749267449,0.33800000,6290.64000000,0.36
1749267449,0.33700000,1862.02000000,0.36
1749267449,0.33600000,3413.53000000,0.36
1749267449,0.33500000,5356.98000000,0.36
1749267449,0.33400000,21.16000000,0.36
1749267449,0.33300000,5457.15000000,0.36
1749267449,0.33200000,4926.64000000,0.36
1749267449,0.33100000,12540.71000000,0.36
1749267449,0.33000000,5560.74000000,0.36
1749267449,0.32900000,5049.31000000,0.36
1749267449,0.32800000,11357.51000000,0.36
1749267449,0.32700000,4998.66000000,0.36
1749267449,0.32600000,122.42000000,0.36
1749267449,0.32500000,5070.46000000,0.36
1749267449,0.32400000,136.89000000,0.36
1749267449,0.32300000,2670.75000000,0.36
1749267449,0.32200000,3364.16000000,0.36
1749267449,0.32100000,5061.00000000,0.36
1749267449,0.32000000,5164.87000000,0.36
1749267449,0.31900000,124.04000000,0.36
1749267449,0.31800000,306.59000000,0.36
1749267449,0.31700000,3929.36000000,0.36
1749267449,0.31600000,483.82000000,0.36
1749267449,0.31500000,30.00000000,0.36
1749267449,0.31400000,203.57000000,0.36
1749267449,0.31300000,26.68000000,0.36
1749267449,0.31200000,168.52000000,0.36
1749267449,0.31000000,5571.81000000,0.36
1749267449,0.30900000,32.36000000,0.36
1749267449,0.30800000,700.94000000,0.36
1749267449,0.30700000,201.06000000,0.36
1749267449,0.30600000,267.04000000,0.36
1749267449,0.30500000,268.52000000,0.36
1749267449,0.30400000,219.82000000,0.36
1749267449,0.30300000,65.01000000,0.36
1749267449,0.30200000,67.50000000,0.36
1749267449,0.30100000,1052.04000000,0.36
1749267449,0.30000000,9336.15000000,0.36
1749267449,0.29800000,462.67000000,0.36
1749267449,0.29600000,89.94000000,0.36
1749267449,0.29500000,196.92000000,0.36
1749267449,0.29300000,68.36000000,0.36
1749267449,0.29200000,381.13000000,0.36
1749267449,0.29100000,2508.58000000,0.36
1749267449,0.29000000,122.40000000,0.36
1749267449,0.28900000,22.37000000,0.36
1749267449,0.28700000,31.35000000,0.36
1749267449,0.28600000,144.80000000,0.36
1749267449,0.28500000,2466.33000000,0.36
1749267449,0.28400000,30.40000000,0.36
1749267449,0.28100000,22.37000000,0.36
1749267449,0.28000000,471.42000000,0.36
1749267449,0.27900000,107.52000000,0.36
1749267449,0.27800000,1153.40000000,0.36
1749267449,0.27700000,54.15000000,0.36
1749267449,0.27500000,290.41000000,0.36
1749267449,0.27400000,22.37000000,0.36
1749267449,0.27100000,299.55000000,0.36
1749267449,0.27000000,930.09000000,0.36
1749267449,0.26900000,25.94000000,0.36
1749267449,0.26700000,89.78000000,0.36
1749267449,0.26600000,26.31000000,0.36
1749267449,0.26500000,75.47000000,0.36
1749267449,0.26400000,401.15000000,0.36
1749267449,0.26200000,345.28000000,0.36
1749267449,0.26100000,122.37000000,0.36
1749267449,0.26000000,1037.88000000,0.36
1749267449,0.25700000,245.75000000,0.36
1749267449,0.25600000,41.01000000,0.36
1749267449,0.25500000,392.14000000,0.36
1749267449,0.25400000,81.42000000,0.36
1749267449,0.25100000,42.37000000,0.36
1749267449,0.25000000,2113.40000000,0.36
1749267449,0.24800000,62.77000000,0.36
1749267449,0.24700000,21.26000000,0.36
1749267449,0.24500000,22.37000000,0.36
1749267449,0.24300000,34.37000000,0.36
1749267449,0.24200000,206.84000000,0.36
1749267750,0.36100000,24879.10000000,0.361
1749267750,0.36000000,65823.00000000,0.361
1749267750,0.35900000,147087.20000000,0.361
1749267750,0.35800000,32863.72000000,0.361
1749267750,0.35700000,35737.51000000,0.361
1749267750,0.35600000,35814.94000000,0.361
1749267750,0.35500000,42120.43000000,0.361
1749267750,0.35400000,20741.74000000,0.361
1749267750,0.35300000,12854.44000000,0.361
1749267750,0.35200000,9351.95000000,0.361
1749267750,0.35100000,10918.32000000,0.361
1749267750,0.35000000,10142.23000000,0.361
1749267750,0.34900000,7732.10000000,0.361
1749267750,0.34800000,6218.08000000,0.361
1749267750,0.34700000,4944.81000000,0.361
1749267750,0.34600000,3395.44000000,0.361
1749267750,0.34500000,5654.04000000,0.361
1749267750,0.34400000,4067.55000000,0.361
1749267750,0.34300000,7220.50000000,0.361
1749267750,0.34200000,3593.07000000,0.361
1749267750,0.34100000,5544.48000000,0.361
1749267750,0.34000000,4781.78000000,0.361
1749267750,0.33900000,5137.73000000,0.361
1749267750,0.33800000,6290.64000000,0.361
1749267750,0.33700000,1862.02000000,0.361
1749267750,0.33600000,3413.53000000,0.361
1749267750,0.33500000,5356.98000000,0.361
1749267750,0.33400000,21.16000000,0.361
1749267750,0.33300000,5457.15000000,0.361
1749267750,0.33200000,4926.64000000,0.361
1749267750,0.33100000,12540.71000000,0.361
1749267750,0.33000000,5560.74000000,0.361
1749267750,0.32900000,5049.31000000,0.361
1749267750,0.32800000,11357.51000000,0.361
1749267750,0.32700000,4998.66000000,0.361
1749267750,0.32600000,122.42000000,0.361
1749267750,0.32500000,5070.46000000,0.361
1749267750,0.32400000,136.89000000,0.361
1749267750,0.32300000,2670.75000000,0.361
1749267750,0.32200000,3364.16000000,0.361
1749267750,0.32100000,5061.00000000,0.361
1749267750,0.32000000,5164.87000000,0.361
1749267750,0.31900000,124.04000000,0.361
1749267750,0.31800000,306.59000000,0.361
1749267750,0.31700000,3929.36000000,0.361
1749267750,0.31600000,483.82000000,0.361
1749267750,0.31500000,30.00000000,0.361
1749267750,0.31400000,203.57000000,0.361
1749267750,0.31300000,26.68000000,0.361
1749267750,0.31200000,168.52000000,0.361
1749267750,0.31000000,5571.81000000,0.361
1749267750,0.30900000,32.36000000,0.361
1749267750,0.30800000,700.94000000,0.361
1749267750,0.30700000,201.06000000,0.361
1749267750,0.30600000,267.04000000,0.361
1749267750,0.30500000,268.52000000,0.361
1749267750,0.30400000,219.82000000,0.361
1749267750,0.30300000,65.01000000,0.361
1749267750,0.30200000,67.50000000,0.361
1749267750,0.30100000,1052.04000000,0.361
1749267750,0.30000000,9336.15000000,0.361
1749267750,0.29800000,462.67000000,0.361
1749267750,0.29600000,89.94000000,0.361
1749267750,0.29500000,196.92000000,0.361
1749267750,0.29300000,68.36000000,0.361
1749267750,0.29200000,381.13000000,0.361
1749267750,0.29100000,2508.58000000,0.361
1749267750,0.29000000,122.40000000,0.361
1749267750,0.28900000,22.37000000,0.361
1749267750,0.28700000,31.35000000,0.361
1749267750,0.28600000,144.80000000,0.361
1749267750,0.28500000,2466.33000000,0.361
1749267750,0.28400000,30.40000000,0.361
1749267750,0.28100000,22.37000000,0.361
1749267750,0.28000000,471.42000000,0.361
1749267750,0.27900000,107.52000000,0.361
1749267750,0.27800000,1153.40000000,0.361
