timestamp,price,volume,current_price
1749254655,0.94260000,234.00000000,0.9426
1749254655,0.94240000,29.98000000,0.9426
1749254655,0.94230000,15.17000000,0.9426
1749254655,0.94220000,234.00000000,0.9426
1749254655,0.94200000,217.01000000,0.9426
1749254655,0.94150000,230.89000000,0.9426
1749254655,0.94130000,35.48000000,0.9426
1749254655,0.94120000,217.01000000,0.9426
1749254655,0.94110000,27.29000000,0.9426
1749254655,0.94100000,285.49000000,0.9426
1749254655,0.94090000,312.78000000,0.9426
1749254655,0.94080000,51.49000000,0.9426
1749254655,0.94060000,234.00000000,0.9426
1749254655,0.94050000,507.18000000,0.9426
1749254655,0.94040000,502.50000000,0.9426
1749254655,0.94010000,430.96000000,0.9426
1749254655,0.94000000,302.65000000,0.9426
1749254655,0.93970000,234.00000000,0.9426
1749254655,0.93960000,451.01000000,0.9426
1749254655,0.93950000,169.92000000,0.9426
1749254655,0.93940000,285.10000000,0.9426
1749254655,0.93930000,284.38000000,0.9426
1749254655,0.93910000,292.78000000,0.9426
1749254655,0.93900000,234.00000000,0.9426
1749254655,0.93880000,284.38000000,0.9426
1749254655,0.93870000,607.69000000,0.9426
1749254655,0.93860000,16655.52000000,0.9426
1749254655,0.93850000,26180.74000000,0.9426
1749254655,0.93840000,428.66000000,0.9426
1749254655,0.93830000,237.10000000,0.9426
1749254655,0.93820000,234.00000000,0.9426
1749254655,0.93790000,451.01000000,0.9426
1749254655,0.93770000,234.00000000,0.9426
1749254655,0.93760000,476.88000000,0.9426
1749254655,0.93690000,234.00000000,0.9426
1749254655,0.93670000,451.01000000,0.9426
1749254655,0.93640000,234.00000000,0.9426
1749254655,0.93630000,469.35000000,0.9426
1749254655,0.93620000,11.44000000,0.9426
1749254655,0.93590000,234.00000000,0.9426
1749254655,0.93580000,451.01000000,0.9426
1749254655,0.93520000,234.00000000,0.9426
1749254655,0.93510000,50.46000000,0.9426
1749254655,0.93490000,316.97000000,0.9426
1749254655,0.93420000,66.98000000,0.9426
1749254655,0.93410000,358.75000000,0.9426
1749254655,0.93390000,46.73000000,0.9426
1749254655,0.93380000,26.61000000,0.9426
1749254655,0.93320000,84.01000000,0.9426
1749254655,0.93290000,217.01000000,0.9426
1749254655,0.93280000,12.65000000,0.9426
1749254655,0.93220000,668.33000000,0.9426
1749254655,0.93180000,201.41000000,0.9426
1749254655,0.93140000,217.01000000,0.9426
1749254655,0.93120000,10.73000000,0.9426
1749254655,0.93040000,217.01000000,0.9426
1749254655,0.93000000,210.00000000,0.9426
1749254655,0.92960000,217.01000000,0.9426
1749254655,0.92900000,42.51000000,0.9426
1749254655,0.92870000,282.88000000,0.9426
1749254655,0.92820000,532.41000000,0.9426
1749254655,0.92800000,10.00000000,0.9426
1749254655,0.92790000,217.01000000,0.9426
1749254655,0.92710000,217.01000000,0.9426
1749254655,0.92700000,21.56000000,0.9426
1749254655,0.92690000,118.45000000,0.9426
1749254655,0.92680000,107.70000000,0.9426
1749254655,0.92630000,217.01000000,0.9426
1749254655,0.92600000,10.00000000,0.9426
1749254655,0.92550000,217.01000000,0.9426
1749254655,0.92510000,520.40000000,0.9426
1749254655,0.92500000,10.00000000,0.9426
1749254655,0.92430000,160.00000000,0.9426
1749254655,0.92400000,10.00000000,0.9426
1749254655,0.92390000,217.01000000,0.9426
1749254655,0.92300000,10.00000000,0.9426
1749254655,0.92280000,26.93000000,0.9426
1749254655,0.92270000,16.22000000,0.9426
1749254655,0.92230000,217.01000000,0.9426
1749254655,0.92220000,108.24000000,0.9426
1749254655,0.92210000,27.06000000,0.9426
1749254655,0.92200000,10.00000000,0.9426
1749254655,0.92190000,97.45000000,0.9426
1749254655,0.92140000,9.29000000,0.9426
1749254655,0.92110000,292.00000000,0.9426
1749254655,0.92100000,10.00000000,0.9426
1749254655,0.92080000,108.41000000,0.9426
1749254655,0.92070000,217.01000000,0.9426
1749254655,0.92020000,542.40000000,0.9426
1749254655,0.92010000,2055.29000000,0.9426
1749254655,0.92000000,10.00000000,0.9426
1749254655,0.91960000,290.66000000,0.9426
1749254655,0.91920000,217.01000000,0.9426
1749254655,0.91900000,10.00000000,0.9426
1749254655,0.91800000,10.00000000,0.9426
1749254655,0.91790000,11.67000000,0.9426
1749254655,0.91780000,217.01000000,0.9426
1749254655,0.91740000,41.01000000,0.9426
1749254655,0.91700000,10.00000000,0.9426
1749254655,0.91660000,217.01000000,0.9426
1749254979,0.94130000,479.85000000,0.9428
1749254979,0.94080000,234.00000000,0.9428
1749254979,0.94070000,217.01000000,0.9428
1749254979,0.94040000,234.00000000,0.9428
1749254979,0.94020000,465.21000000,0.9428
1749254979,0.94000000,21.30000000,0.9428
1749254979,0.93990000,261.36000000,0.9428
1749254979,0.93980000,451.01000000,0.9428
1749254979,0.93960000,27.34000000,0.9428
1749254979,0.93950000,234.00000000,0.9428
1749254979,0.93940000,286.85000000,0.9428
1749254979,0.93920000,446.20000000,0.9428
1749254979,0.93910000,170.14000000,0.9428
1749254979,0.93900000,671.37000000,0.9428
1749254979,0.93890000,304.27000000,0.9428
1749254979,0.93880000,284.38000000,0.9428
1749254979,0.93870000,501.39000000,0.9428
1749254979,0.93860000,14654.97000000,0.9428
1749254979,0.93850000,26180.74000000,0.9428
1749254979,0.93830000,170.14000000,0.9428
1749254979,0.93820000,234.00000000,0.9428
1749254979,0.93800000,624.35000000,0.9428
1749254979,0.93790000,853.33000000,0.9428
1749254979,0.93780000,403.50000000,0.9428
1749254979,0.93770000,2626.68000000,0.9428
1749254979,0.93760000,582.95000000,0.9428
1749254979,0.93730000,403.86000000,0.9428
1749254979,0.93710000,234.00000000,0.9428
1749254979,0.93700000,403.50000000,0.9428
1749254979,0.93690000,234.00000000,0.9428
1749254979,0.93680000,403.50000000,0.9428
1749254979,0.93670000,451.01000000,0.9428
1749254979,0.93660000,234.00000000,0.9428
1749254979,0.93640000,403.57000000,0.9428
1749254979,0.93630000,404.14000000,0.9428
1749254979,0.93620000,11.44000000,0.9428
1749254979,0.93600000,169.60000000,0.9428
1749254979,0.93580000,217.01000000,0.9428
1749254979,0.93520000,222.37000000,0.9428
1749254979,0.93510000,50.46000000,0.9428
1749254979,0.93500000,169.76000000,0.9428
1749254979,0.93490000,316.97000000,0.9428
1749254979,0.93430000,169.86000000,0.9428
1749254979,0.93420000,113.72000000,0.9428
1749254979,0.93410000,358.75000000,0.9428
1749254979,0.93380000,26.61000000,0.9428
1749254979,0.93320000,84.01000000,0.9428
1749254979,0.93290000,217.01000000,0.9428
1749254979,0.93280000,12.65000000,0.9428
1749254979,0.93230000,77.30000000,0.9428
1749254979,0.93220000,668.33000000,0.9428
1749254979,0.93170000,52.60000000,0.9428
1749254979,0.93140000,217.01000000,0.9428
1749254979,0.93110000,52.60000000,0.9428
1749254979,0.93040000,278.37000000,0.9428
1749254979,0.93000000,210.00000000,0.9428
1749254979,0.92960000,732.45000000,0.9428
1749254979,0.92900000,42.51000000,0.9428
1749254979,0.92870000,282.88000000,0.9428
1749254979,0.92810000,10.75000000,0.9428
1749254979,0.92800000,10.00000000,0.9428
1749254979,0.92790000,217.01000000,0.9428
1749254979,0.92720000,376.98000000,0.9428
1749254979,0.92710000,217.01000000,0.9428
1749254979,0.92700000,21.56000000,0.9428
1749254979,0.92630000,217.01000000,0.9428
1749254979,0.92600000,10.00000000,0.9428
1749254979,0.92550000,217.01000000,0.9428
1749254979,0.92500000,10.00000000,0.9428
1749254979,0.92430000,160.00000000,0.9428
1749254979,0.92400000,10.00000000,0.9428
1749254979,0.92390000,325.05000000,0.9428
1749254979,0.92300000,10.00000000,0.9428
1749254979,0.92280000,26.93000000,0.9428
1749254979,0.92270000,27.04000000,0.9428
1749254979,0.92230000,217.01000000,0.9428
1749254979,0.92200000,10.00000000,0.9428
1749254979,0.92140000,9.29000000,0.9428
1749254979,0.92110000,292.00000000,0.9428
1749254979,0.92100000,10.00000000,0.9428
1749254979,0.92070000,217.01000000,0.9428
1749254979,0.92030000,26.90000000,0.9428
1749254979,0.92010000,2055.29000000,0.9428
1749254979,0.92000000,10.00000000,0.9428
1749254979,0.91920000,217.01000000,0.9428
1749254979,0.91900000,10.00000000,0.9428
1749254979,0.91870000,301.54000000,0.9428
1749254979,0.91800000,10.00000000,0.9428
1749254979,0.91790000,74.85000000,0.9428
1749254979,0.91780000,217.01000000,0.9428
1749254979,0.91700000,10.00000000,0.9428
1749254979,0.91680000,14.04000000,0.9428
1749254979,0.91670000,65.89000000,0.9428
1749254979,0.91660000,217.01000000,0.9428
1749254979,0.91650000,108.01000000,0.9428
1749254979,0.91600000,10.00000000,0.9428
1749254979,0.91540000,1697.11000000,0.9428
1749254979,0.91520000,130.21000000,0.9428
1749254979,0.91510000,217.01000000,0.9428
1749254979,0.91500000,119.09000000,0.9428
