timestamp,price,volume,current_price
1749260808,0.96140000,234.00000000,0.9627
1749260808,0.96100000,234.00000000,0.9627
1749260808,0.96090000,438.65000000,0.9627
1749260808,0.96050000,234.00000000,0.9627
1749260808,0.96030000,21.15000000,0.9627
1749260808,0.96020000,234.00000000,0.9627
1749260808,0.96010000,604.21000000,0.9627
1749260808,0.96000000,1577.10000000,0.9627
1749260808,0.95980000,404.64000000,0.9627
1749260808,0.95950000,607.12000000,0.9627
1749260808,0.95930000,234.00000000,0.9627
1749260808,0.95920000,579.44000000,0.9627
1749260808,0.95910000,137.32000000,0.9627
1749260808,0.95890000,858.66000000,0.9627
1749260808,0.95880000,438.65000000,0.9627
1749260808,0.95870000,371.16000000,0.9627
1749260808,0.95860000,234.00000000,0.9627
1749260808,0.95850000,237.81000000,0.9627
1749260808,0.95830000,137.32000000,0.9627
1749260808,0.95820000,601.15000000,0.9627
1749260808,0.95790000,234.00000000,0.9627
1749260808,0.95780000,438.65000000,0.9627
1749260808,0.95770000,184.37000000,0.9627
1749260808,0.95760000,458.41000000,0.9627
1749260808,0.95750000,487.79000000,0.9627
1749260808,0.95740000,234.00000000,0.9627
1749260808,0.95730000,137.27000000,0.9627
1749260808,0.95710000,234.00000000,0.9627
1749260808,0.95700000,448.65000000,0.9627
1749260808,0.95690000,234.00000000,0.9627
1749260808,0.95680000,317.00000000,0.9627
1749260808,0.95660000,137.27000000,0.9627
1749260808,0.95650000,234.00000000,0.9627
1749260808,0.95640000,137.27000000,0.9627
1749260808,0.95630000,323.96000000,0.9627
1749260808,0.95620000,204.65000000,0.9627
1749260808,0.95600000,10.00000000,0.9627
1749260808,0.95540000,137.17000000,0.9627
1749260808,0.95530000,204.65000000,0.9627
1749260808,0.95500000,10.00000000,0.9627
1749260808,0.95480000,462.18000000,0.9627
1749260808,0.95450000,204.65000000,0.9627
1749260808,0.95430000,60.06000000,0.9627
1749260808,0.95400000,10.00000000,0.9627
1749260808,0.95370000,204.65000000,0.9627
1749260808,0.95300000,10.00000000,0.9627
1749260808,0.95290000,204.65000000,0.9627
1749260808,0.95220000,64.34000000,0.9627
1749260808,0.95210000,204.65000000,0.9627
1749260808,0.95200000,10.00000000,0.9627
1749260808,0.95170000,676.95000000,0.9627
1749260808,0.95160000,137.86000000,0.9627
1749260808,0.95100000,10.00000000,0.9627
1749260808,0.95060000,26.30000000,0.9627
1749260808,0.95050000,213.09000000,0.9627
1749260808,0.95040000,93.42000000,0.9627
1749260808,0.95020000,952.55000000,0.9627
1749260808,0.95000000,32.61000000,0.9627
1749260808,0.94900000,10.00000000,0.9627
1749260808,0.94890000,204.65000000,0.9627
1749260808,0.94840000,166.77000000,0.9627
1749260808,0.94830000,17.49000000,0.9627
1749260808,0.94800000,10.00000000,0.9627
1749260808,0.94780000,60.02000000,0.9627
1749260808,0.94730000,204.65000000,0.9627
1749260808,0.94700000,10.00000000,0.9627
1749260808,0.94680000,105.43000000,0.9627
1749260808,0.94650000,20.00000000,0.9627
1749260808,0.94640000,13916.33000000,0.9627
1749260808,0.94630000,443.66000000,0.9627
1749260808,0.94600000,10.00000000,0.9627
1749260808,0.94570000,204.65000000,0.9627
1749260808,0.94560000,15.89000000,0.9627
1749260808,0.94550000,11.33000000,0.9627
1749260808,0.94500000,36.30000000,0.9627
1749260808,0.94440000,9.94000000,0.9627
1749260808,0.94430000,160.00000000,0.9627
1749260808,0.94410000,204.65000000,0.9627
1749260808,0.94400000,10.00000000,0.9627
1749260808,0.94350000,105.80000000,0.9627
1749260808,0.94300000,10.00000000,0.9627
1749260808,0.94250000,204.65000000,0.9627
1749260808,0.94240000,64.91000000,0.9627
1749260808,0.94200000,10.00000000,0.9627
1749260808,0.94120000,83.02000000,0.9627
1749260808,0.94100000,2156.86000000,0.9627
1749260808,0.94080000,26.52000000,0.9627
1749260808,0.94030000,1090.00000000,0.9627
1749260808,0.94000000,16.09000000,0.9627
1749260808,0.93910000,297.71000000,0.9627
1749260808,0.93900000,10.00000000,0.9627
1749260808,0.93800000,10.00000000,0.9627
1749260808,0.93790000,1679.17000000,0.9627
1749260808,0.93720000,6.40000000,0.9627
1749260808,0.93700000,10.00000000,0.9627
1749260808,0.93690000,434.65000000,0.9627
1749260808,0.93620000,118.06000000,0.9627
1749260808,0.93600000,10.00000000,0.9627
1749260808,0.93540000,13.88000000,0.9627
1749260808,0.93500000,72.03000000,0.9627
1749261123,0.96140000,234.00000000,0.9633
1749261123,0.96120000,234.00000000,0.9633
1749261123,0.96110000,438.65000000,0.9633
1749261123,0.96090000,234.00000000,0.9633
1749261123,0.96040000,234.00000000,0.9633
1749261123,0.96030000,12.43000000,0.9633
1749261123,0.96020000,234.00000000,0.9633
1749261123,0.96010000,438.65000000,0.9633
1749261123,0.96000000,1350.66000000,0.9633
1749261123,0.95990000,460.47000000,0.9633
1749261123,0.95980000,250.72000000,0.9633
1749261123,0.95970000,234.00000000,0.9633
1749261123,0.95960000,389.78000000,0.9633
1749261123,0.95950000,234.00000000,0.9633
1749261123,0.95920000,371.27000000,0.9633
1749261123,0.95910000,737.77000000,0.9633
1749261123,0.95900000,234.00000000,0.9633
1749261123,0.95890000,466.22000000,0.9633
1749261123,0.95880000,608.49000000,0.9633
1749261123,0.95870000,371.39000000,0.9633
1749261123,0.95860000,234.00000000,0.9633
1749261123,0.95850000,471.81000000,0.9633
1749261123,0.95840000,234.00000000,0.9633
1749261123,0.95830000,371.32000000,0.9633
1749261123,0.95820000,601.15000000,0.9633
1749261123,0.95790000,234.00000000,0.9633
1749261123,0.95780000,438.65000000,0.9633
1749261123,0.95770000,371.18000000,0.9633
1749261123,0.95760000,234.00000000,0.9633
1749261123,0.95750000,383.70000000,0.9633
1749261123,0.95730000,241.10000000,0.9633
1749261123,0.95700000,214.65000000,0.9633
1749261123,0.95680000,83.00000000,0.9633
1749261123,0.95660000,137.27000000,0.9633
1749261123,0.95640000,137.27000000,0.9633
1749261123,0.95630000,89.96000000,0.9633
1749261123,0.95620000,204.65000000,0.9633
1749261123,0.95600000,10.00000000,0.9633
1749261123,0.95590000,184.50000000,0.9633
1749261123,0.95580000,137.42000000,0.9633
1749261123,0.95540000,137.17000000,0.9633
1749261123,0.95530000,204.65000000,0.9633
1749261123,0.95500000,10.00000000,0.9633
1749261123,0.95490000,137.17000000,0.9633
1749261123,0.95480000,462.18000000,0.9633
1749261123,0.95460000,137.17000000,0.9633
1749261123,0.95450000,204.65000000,0.9633
1749261123,0.95430000,60.06000000,0.9633
1749261123,0.95400000,10.00000000,0.9633
1749261123,0.95380000,137.24000000,0.9633
1749261123,0.95370000,204.65000000,0.9633
1749261123,0.95300000,10.00000000,0.9633
1749261123,0.95290000,204.65000000,0.9633
1749261123,0.95220000,71.46000000,0.9633
1749261123,0.95210000,204.65000000,0.9633
1749261123,0.95200000,284.81000000,0.9633
1749261123,0.95180000,679.49000000,0.9633
1749261123,0.95160000,83.95000000,0.9633
1749261123,0.95100000,60.44000000,0.9633
1749261123,0.95060000,193.33000000,0.9633
1749261123,0.95050000,213.09000000,0.9633
1749261123,0.95020000,952.55000000,0.9633
1749261123,0.95000000,32.61000000,0.9633
1749261123,0.94980000,50.44000000,0.9633
1749261123,0.94950000,10.52000000,0.9633
1749261123,0.94900000,10.00000000,0.9633
1749261123,0.94890000,204.65000000,0.9633
1749261123,0.94860000,50.44000000,0.9633
1749261123,0.94830000,17.49000000,0.9633
1749261123,0.94800000,10.00000000,0.9633
1749261123,0.94740000,13818.82000000,0.9633
1749261123,0.94730000,220.51000000,0.9633
1749261123,0.94700000,10.00000000,0.9633
1749261123,0.94650000,20.00000000,0.9633
1749261123,0.94640000,82.91000000,0.9633
1749261123,0.94600000,10.00000000,0.9633
1749261123,0.94580000,205.15000000,0.9633
1749261123,0.94570000,204.65000000,0.9633
1749261123,0.94550000,11.33000000,0.9633
1749261123,0.94500000,36.30000000,0.9633
1749261123,0.94440000,9.94000000,0.9633
1749261123,0.94430000,160.00000000,0.9633
1749261123,0.94410000,204.65000000,0.9633
1749261123,0.94400000,10.00000000,0.9633
1749261123,0.94300000,10.00000000,0.9633
1749261123,0.94290000,105.87000000,0.9633
1749261123,0.94250000,1294.65000000,0.9633
1749261123,0.94240000,64.91000000,0.9633
1749261123,0.94230000,26.48000000,0.9633
1749261123,0.94200000,10.00000000,0.9633
1749261123,0.94120000,83.02000000,0.9633
1749261123,0.94110000,51.67000000,0.9633
1749261123,0.94100000,2156.86000000,0.9633
1749261123,0.94000000,16.09000000,0.9633
1749261123,0.93910000,297.71000000,0.9633
1749261123,0.93900000,10.00000000,0.9633
1749261123,0.93800000,10.00000000,0.9633
1749261123,0.93790000,1679.17000000,0.9633
1749261123,0.93720000,6.40000000,0.9633
1749261123,0.93700000,10.00000000,0.9633
1749261441,0.96010000,234.00000000,0.961
1749261441,0.96000000,1049.78000000,0.961
1749261441,0.95910000,6.59000000,0.961
1749261441,0.95890000,234.00000000,0.961
1749261441,0.95880000,438.65000000,0.961
1749261441,0.95860000,226.77000000,0.961
1749261441,0.95850000,234.00000000,0.961
1749261441,0.95840000,16.75000000,0.961
1749261441,0.95830000,371.41000000,0.961
1749261441,0.95820000,371.41000000,0.961
1749261441,0.95810000,470.19000000,0.961
1749261441,0.95800000,434.00000000,0.961
1749261441,0.95790000,371.41000000,0.961
1749261441,0.95780000,438.65000000,0.961
1749261441,0.95770000,401.69000000,0.961
1749261441,0.95760000,441.61000000,0.961
1749261441,0.95750000,246.43000000,0.961
1749261441,0.95740000,418.65000000,0.961
1749261441,0.95730000,859.22000000,0.961
1749261441,0.95720000,137.41000000,0.961
1749261441,0.95710000,234.00000000,0.961
1749261441,0.95700000,448.65000000,0.961
1749261441,0.95690000,472.21000000,0.961
1749261441,0.95680000,83.00000000,0.961
1749261441,0.95670000,464.33000000,0.961
1749261441,0.95650000,371.41000000,0.961
1749261441,0.95640000,371.42000000,0.961
1749261441,0.95630000,323.96000000,0.961
1749261441,0.95620000,438.65000000,0.961
1749261441,0.95610000,234.00000000,0.961
1749261441,0.95600000,10.00000000,0.961
1749261441,0.95590000,137.42000000,0.961
1749261441,0.95580000,371.42000000,0.961
1749261441,0.95570000,337.83000000,0.961
1749261441,0.95540000,137.42000000,0.961
1749261441,0.95530000,438.65000000,0.961
1749261441,0.95500000,10.00000000,0.961
1749261441,0.95490000,137.42000000,0.961
1749261441,0.95480000,462.18000000,0.961
1749261441,0.95460000,137.42000000,0.961
1749261441,0.95450000,204.65000000,0.961
1749261441,0.95430000,60.06000000,0.961
1749261441,0.95400000,10.00000000,0.961
1749261441,0.95380000,191.94000000,0.961
1749261441,0.95370000,204.65000000,0.961
1749261441,0.95300000,10.00000000,0.961
1749261441,0.95290000,204.65000000,0.961
1749261441,0.95250000,50.33000000,0.961
1749261441,0.95210000,204.65000000,0.961
1749261441,0.95200000,10.00000000,0.961
1749261441,0.95180000,679.49000000,0.961
1749261441,0.95160000,83.95000000,0.961
1749261441,0.95130000,499.53000000,0.961
1749261441,0.95100000,10.00000000,0.961
1749261441,0.95060000,26.30000000,0.961
1749261441,0.95050000,213.09000000,0.961
1749261441,0.95020000,952.55000000,0.961
1749261441,0.95010000,50.33000000,0.961
1749261441,0.95000000,32.61000000,0.961
1749261441,0.94990000,167.57000000,0.961
1749261441,0.94900000,10.00000000,0.961
1749261441,0.94890000,204.65000000,0.961
1749261441,0.94830000,17.49000000,0.961
1749261441,0.94800000,10.00000000,0.961
1749261441,0.94740000,10.54000000,0.961
1749261441,0.94730000,204.65000000,0.961
1749261441,0.94700000,10.00000000,0.961
1749261441,0.94650000,20.00000000,0.961
1749261441,0.94640000,82.91000000,0.961
1749261441,0.94600000,10.00000000,0.961
1749261441,0.94590000,13840.73000000,0.961
1749261441,0.94580000,205.15000000,0.961
1749261441,0.94570000,204.65000000,0.961
1749261441,0.94550000,11.33000000,0.961
1749261441,0.94530000,15.90000000,0.961
1749261441,0.94500000,36.30000000,0.961
1749261441,0.94440000,9.94000000,0.961
1749261441,0.94430000,160.00000000,0.961
1749261441,0.94410000,204.65000000,0.961
1749261441,0.94400000,10.00000000,0.961
1749261441,0.94340000,105.81000000,0.961
1749261441,0.94300000,10.00000000,0.961
1749261441,0.94290000,51.67000000,0.961
1749261441,0.94250000,204.65000000,0.961
1749261441,0.94240000,64.91000000,0.961
1749261441,0.94200000,10.00000000,0.961
1749261441,0.94180000,1090.00000000,0.961
1749261441,0.94120000,83.02000000,0.961
1749261441,0.94100000,2156.86000000,0.961
1749261441,0.94050000,26.53000000,0.961
1749261441,0.94000000,16.09000000,0.961
1749261441,0.93910000,297.71000000,0.961
1749261441,0.93900000,10.00000000,0.961
1749261441,0.93800000,10.00000000,0.961
1749261441,0.93790000,1679.17000000,0.961
1749261441,0.93720000,183.74000000,0.961
1749261441,0.93700000,10.00000000,0.961
1749261441,0.93620000,11.44000000,0.961
1749261441,0.93600000,10.00000000,0.961
1749261441,0.93590000,13.87000000,0.961
1749261757,0.95690000,222.51000000,0.9569
1749261757,0.95680000,35.61000000,0.9569
1749261757,0.95640000,204.65000000,0.9569
1749261757,0.95630000,89.96000000,0.9569
1749261757,0.95600000,10.00000000,0.9569
1749261757,0.95580000,20.89000000,0.9569
1749261757,0.95570000,234.00000000,0.9569
1749261757,0.95560000,334.00000000,0.9569
1749261757,0.95550000,518.15000000,0.9569
1749261757,0.95540000,700.11000000,0.9569
1749261757,0.95530000,228.38000000,0.9569
1749261757,0.95510000,234.00000000,0.9569
1749261757,0.95500000,267.73000000,0.9569
1749261757,0.95490000,371.42000000,0.9569
1749261757,0.95480000,696.18000000,0.9569
1749261757,0.95460000,371.42000000,0.9569
1749261757,0.95450000,438.65000000,0.9569
1749261757,0.95440000,207.61000000,0.9569
1749261757,0.95430000,823.65000000,0.9569
1749261757,0.95420000,234.00000000,0.9569
1749261757,0.95410000,166.91000000,0.9569
1749261757,0.95400000,477.42000000,0.9569
1749261757,0.95390000,234.00000000,0.9569
1749261757,0.95380000,371.42000000,0.9569
1749261757,0.95370000,669.71000000,0.9569
1749261757,0.95360000,371.42000000,0.9569
1749261757,0.95350000,234.00000000,0.9569
1749261757,0.95340000,371.70000000,0.9569
1749261757,0.95330000,234.00000000,0.9569
1749261757,0.95300000,381.42000000,0.9569
1749261757,0.95290000,438.65000000,0.9569
1749261757,0.95280000,475.57000000,0.9569
1749261757,0.95240000,234.00000000,0.9569
1749261757,0.95230000,371.74000000,0.9569
1749261757,0.95220000,371.42000000,0.9569
1749261757,0.95210000,438.65000000,0.9569
1749261757,0.95200000,10.00000000,0.9569
1749261757,0.95170000,137.42000000,0.9569
1749261757,0.95160000,83.95000000,0.9569
1749261757,0.95140000,137.42000000,0.9569
1749261757,0.95130000,50.33000000,0.9569
1749261757,0.95110000,137.84000000,0.9569
1749261757,0.95100000,147.85000000,0.9569
1749261757,0.95090000,336.29000000,0.9569
1749261757,0.95060000,26.30000000,0.9569
1749261757,0.95050000,213.09000000,0.9569
1749261757,0.95020000,952.55000000,0.9569
1749261757,0.95010000,50.33000000,0.9569
1749261757,0.95000000,791.21000000,0.9569
1749261757,0.94980000,531.43000000,0.9569
1749261757,0.94900000,10.00000000,0.9569
1749261757,0.94890000,204.65000000,0.9569
1749261757,0.94830000,17.49000000,0.9569
1749261757,0.94800000,10.00000000,0.9569
1749261757,0.94770000,57.45000000,0.9569
1749261757,0.94740000,724.63000000,0.9569
1749261757,0.94730000,204.65000000,0.9569
1749261757,0.94710000,763.98000000,0.9569
1749261757,0.94700000,10.00000000,0.9569
1749261757,0.94650000,20.00000000,0.9569
1749261757,0.94640000,82.91000000,0.9569
1749261757,0.94630000,48.70000000,0.9569
1749261757,0.94610000,548.07000000,0.9569
1749261757,0.94600000,10.00000000,0.9569
1749261757,0.94570000,204.65000000,0.9569
1749261757,0.94550000,11.33000000,0.9569
1749261757,0.94520000,13850.98000000,0.9569
1749261757,0.94510000,2250.85000000,0.9569
1749261757,0.94500000,36.30000000,0.9569
1749261757,0.94480000,167.81000000,0.9569
1749261757,0.94450000,12.60000000,0.9569
1749261757,0.94440000,9.94000000,0.9569
1749261757,0.94430000,160.00000000,0.9569
1749261757,0.94410000,204.65000000,0.9569
1749261757,0.94400000,267.24000000,0.9569
1749261757,0.94340000,15.93000000,0.9569
1749261757,0.94300000,10.00000000,0.9569
1749261757,0.94290000,51.67000000,0.9569
1749261757,0.94250000,204.65000000,0.9569
1749261757,0.94240000,64.91000000,0.9569
1749261757,0.94200000,10.00000000,0.9569
1749261757,0.94120000,83.02000000,0.9569
1749261757,0.94100000,10.00000000,0.9569
1749261757,0.94000000,16.09000000,0.9569
1749261757,0.93910000,297.71000000,0.9569
1749261757,0.93900000,116.31000000,0.9569
1749261757,0.93830000,26.59000000,0.9569
1749261757,0.93800000,10.00000000,0.9569
1749261757,0.93720000,6.40000000,0.9569
1749261757,0.93700000,10.00000000,0.9569
1749261757,0.93620000,11.44000000,0.9569
1749261757,0.93600000,10.00000000,0.9569
1749261757,0.93530000,388.90000000,0.9569
1749261757,0.93500000,10.00000000,0.9569
1749261757,0.93400000,10.00000000,0.9569
1749261757,0.93390000,13.90000000,0.9569
1749261757,0.93380000,26.61000000,0.9569
1749261757,0.93320000,492.43000000,0.9569
1749261757,0.93300000,10.00000000,0.9569
1749261757,0.93250000,2088.66000000,0.9569
1749262059,0.95790000,242.59000000,0.959
1749262059,0.95750000,20.87000000,0.959
1749262059,0.95740000,234.00000000,0.959
1749262059,0.95730000,100.00000000,0.959
1749262059,0.95720000,490.23000000,0.959
1749262059,0.95710000,204.65000000,0.959
1749262059,0.95680000,35.61000000,0.959
1749262059,0.95640000,461.30000000,0.959
1749262059,0.95630000,113.67000000,0.959
1749262059,0.95620000,234.00000000,0.959
1749262059,0.95610000,161.43000000,0.959
1749262059,0.95600000,244.00000000,0.959
1749262059,0.95590000,438.65000000,0.959
1749262059,0.95580000,608.53000000,0.959
1749262059,0.95560000,281.30000000,0.959
1749262059,0.95550000,234.00000000,0.959
1749262059,0.95540000,137.74000000,0.959
1749262059,0.95530000,234.00000000,0.959
1749262059,0.95520000,345.51000000,0.959
1749262059,0.95510000,438.65000000,0.959
1749262059,0.95500000,412.53000000,0.959
1749262059,0.95490000,766.08000000,0.959
1749262059,0.95480000,696.18000000,0.959
1749262059,0.95470000,238.78000000,0.959
1749262059,0.95460000,371.90000000,0.959
1749262059,0.95440000,234.00000000,0.959
1749262059,0.95430000,498.71000000,0.959
1749262059,0.95420000,234.00000000,0.959
1749262059,0.95410000,371.90000000,0.959
1749262059,0.95400000,477.42000000,0.959
1749262059,0.95390000,371.90000000,0.959
1749262059,0.95380000,234.00000000,0.959
1749262059,0.95370000,465.06000000,0.959
1749262059,0.95360000,242.06000000,0.959
1749262059,0.95340000,137.90000000,0.959
1749262059,0.95330000,234.00000000,0.959
1749262059,0.95310000,137.90000000,0.959
1749262059,0.95300000,244.00000000,0.959
1749262059,0.95290000,234.00000000,0.959
1749262059,0.95270000,438.65000000,0.959
1749262059,0.95230000,137.90000000,0.959
1749262059,0.95220000,137.75000000,0.959
1749262059,0.95210000,234.00000000,0.959
1749262059,0.95200000,10.00000000,0.959
1749262059,0.95170000,137.75000000,0.959
1749262059,0.95160000,83.95000000,0.959
1749262059,0.95130000,50.33000000,0.959
1749262059,0.95120000,623.06000000,0.959
1749262059,0.95110000,204.65000000,0.959
1749262059,0.95100000,147.72000000,0.959
1749262059,0.95090000,336.29000000,0.959
1749262059,0.95060000,164.02000000,0.959
1749262059,0.95050000,8.44000000,0.959
1749262059,0.95020000,952.55000000,0.959
1749262059,0.95010000,50.33000000,0.959
1749262059,0.95000000,32.61000000,0.959
1749262059,0.94950000,204.65000000,0.959
1749262059,0.94900000,10.00000000,0.959
1749262059,0.94830000,83.44000000,0.959
1749262059,0.94800000,58.53000000,0.959
1749262059,0.94790000,204.65000000,0.959
1749262059,0.94740000,675.93000000,0.959
1749262059,0.94700000,10.00000000,0.959
1749262059,0.94680000,15.87000000,0.959
1749262059,0.94650000,20.00000000,0.959
1749262059,0.94640000,82.91000000,0.959
1749262059,0.94630000,204.65000000,0.959
1749262059,0.94600000,10.00000000,0.959
1749262059,0.94550000,11.33000000,0.959
1749262059,0.94530000,13849.52000000,0.959
1749262059,0.94520000,204.65000000,0.959
1749262059,0.94510000,2250.85000000,0.959
1749262059,0.94500000,36.30000000,0.959
1749262059,0.94450000,12.60000000,0.959
1749262059,0.94440000,9.94000000,0.959
1749262059,0.94430000,160.00000000,0.959
1749262059,0.94400000,10.00000000,0.959
1749262059,0.94390000,105.75000000,0.959
1749262059,0.94360000,204.65000000,0.959
1749262059,0.94300000,10.00000000,0.959
1749262059,0.94250000,167.78000000,0.959
1749262059,0.94240000,64.91000000,0.959
1749262059,0.94200000,10.00000000,0.959
1749262059,0.94120000,83.02000000,0.959
1749262059,0.94100000,10.00000000,0.959
1749262059,0.94000000,16.09000000,0.959
1749262059,0.93980000,106.21000000,0.959
1749262059,0.93910000,297.71000000,0.959
1749262059,0.93900000,10.00000000,0.959
1749262059,0.93880000,26.58000000,0.959
1749262059,0.93800000,10.00000000,0.959
1749262059,0.93760000,1090.00000000,0.959
1749262059,0.93720000,6.40000000,0.959
1749262059,0.93700000,10.00000000,0.959
1749262059,0.93620000,11.44000000,0.959
1749262059,0.93600000,10.00000000,0.959
1749262059,0.93500000,10.00000000,0.959
1749262059,0.93400000,10.00000000,0.959
1749262059,0.93380000,26.61000000,0.959
1749262059,0.93320000,492.43000000,0.959
1749262366,0.96240000,408.50000000,0.9617
1749262366,0.96130000,15.24000000,0.9617
1749262366,0.96120000,162.55000000,0.9617
1749262366,0.96110000,239.06000000,0.9617
1749262366,0.96090000,226.23000000,0.9617
1749262366,0.96070000,167.79000000,0.9617
1749262366,0.96060000,204.65000000,0.9617
1749262366,0.96050000,137.14000000,0.9617
1749262366,0.96040000,234.00000000,0.9617
1749262366,0.96030000,371.17000000,0.9617
1749262366,0.96010000,234.00000000,0.9617
1749262366,0.96000000,371.21000000,0.9617
1749262366,0.95990000,442.68000000,0.9617
1749262366,0.95980000,438.65000000,0.9617
1749262366,0.95960000,403.00000000,0.9617
1749262366,0.95950000,531.79000000,0.9617
1749262366,0.95940000,234.00000000,0.9617
1749262366,0.95930000,370.92000000,0.9617
1749262366,0.95910000,234.00000000,0.9617
1749262366,0.95900000,438.65000000,0.9617
1749262366,0.95890000,371.07000000,0.9617
1749262366,0.95880000,234.00000000,0.9617
1749262366,0.95860000,371.20000000,0.9617
1749262366,0.95850000,234.00000000,0.9617
1749262366,0.95830000,371.20000000,0.9617
1749262366,0.95820000,674.90000000,0.9617
1749262366,0.95800000,137.20000000,0.9617
1749262366,0.95790000,459.44000000,0.9617
1749262366,0.95770000,184.44000000,0.9617
1749262366,0.95760000,232.54000000,0.9617
1749262366,0.95750000,234.00000000,0.9617
1749262366,0.95740000,212.03000000,0.9617
1749262366,0.95730000,137.20000000,0.9617
1749262366,0.95720000,449.83000000,0.9617
1749262366,0.95710000,230.24000000,0.9617
1749262366,0.95690000,375.43000000,0.9617
1749262366,0.95680000,269.61000000,0.9617
1749262366,0.95670000,204.65000000,0.9617
1749262366,0.95650000,137.16000000,0.9617
1749262366,0.95640000,234.00000000,0.9617
1749262366,0.95630000,227.12000000,0.9617
1749262366,0.95620000,234.00000000,0.9617
1749262366,0.95610000,13830.24000000,0.9617
1749262366,0.95600000,244.00000000,0.9617
1749262366,0.95590000,438.65000000,0.9617
1749262366,0.95560000,137.16000000,0.9617
1749262366,0.95550000,136.92000000,0.9617
1749262366,0.95520000,234.00000000,0.9617
1749262366,0.95510000,575.82000000,0.9617
1749262366,0.95500000,244.00000000,0.9617
1749262366,0.95490000,371.13000000,0.9617
1749262366,0.95480000,245.22000000,0.9617
1749262366,0.95430000,264.71000000,0.9617
1749262366,0.95400000,10.00000000,0.9617
1749262366,0.95320000,671.78000000,0.9617
1749262366,0.95300000,10.00000000,0.9617
1749262366,0.95270000,204.65000000,0.9617
1749262366,0.95200000,10.00000000,0.9617
1749262366,0.95180000,65.39000000,0.9617
1749262366,0.95160000,83.95000000,0.9617
1749262366,0.95110000,204.65000000,0.9617
1749262366,0.95100000,10.00000000,0.9617
1749262366,0.95090000,49.04000000,0.9617
1749262366,0.95080000,15.81000000,0.9617
1749262366,0.95060000,26.30000000,0.9617
1749262366,0.95050000,8.44000000,0.9617
1749262366,0.95020000,952.55000000,0.9617
1749262366,0.95000000,32.61000000,0.9617
1749262366,0.94950000,204.65000000,0.9617
1749262366,0.94910000,104.30000000,0.9617
1749262366,0.94900000,10.00000000,0.9617
1749262366,0.94830000,17.49000000,0.9617
1749262366,0.94800000,10.00000000,0.9617
1749262366,0.94790000,204.65000000,0.9617
1749262366,0.94700000,10.00000000,0.9617
1749262366,0.94650000,20.00000000,0.9617
1749262366,0.94640000,82.91000000,0.9617
1749262366,0.94630000,204.65000000,0.9617
1749262366,0.94600000,10.00000000,0.9617
1749262366,0.94550000,11.33000000,0.9617
1749262366,0.94520000,204.65000000,0.9617
1749262366,0.94510000,2250.85000000,0.9617
1749262366,0.94500000,36.30000000,0.9617
1749262366,0.94450000,12.60000000,0.9617
1749262366,0.94440000,114.76000000,0.9617
1749262366,0.94430000,160.00000000,0.9617
1749262366,0.94400000,10.00000000,0.9617
1749262366,0.94360000,204.65000000,0.9617
1749262366,0.94300000,10.00000000,0.9617
1749262366,0.94250000,167.78000000,0.9617
1749262366,0.94240000,64.91000000,0.9617
1749262366,0.94200000,10.00000000,0.9617
1749262366,0.94190000,105.10000000,0.9617
1749262366,0.94180000,26.49000000,0.9617
1749262366,0.94150000,13.79000000,0.9617
1749262366,0.94120000,83.02000000,0.9617
1749262366,0.94100000,10.00000000,0.9617
1749262366,0.94080000,15.91000000,0.9617
1749262366,0.94000000,16.09000000,0.9617
1749262366,0.93910000,297.71000000,0.9617
1749262667,0.96120000,234.00000000,0.9612
1749262667,0.96110000,239.06000000,0.9612
1749262667,0.96070000,234.00000000,0.9612
1749262667,0.96060000,204.65000000,0.9612
1749262667,0.96010000,234.00000000,0.9612
1749262667,0.96000000,162.59000000,0.9612
1749262667,0.95990000,234.00000000,0.9612
1749262667,0.95980000,501.24000000,0.9612
1749262667,0.95970000,460.52000000,0.9612
1749262667,0.95950000,442.68000000,0.9612
1749262667,0.95940000,401.15000000,0.9612
1749262667,0.95930000,864.55000000,0.9612
1749262667,0.95920000,371.27000000,0.9612
1749262667,0.95910000,234.00000000,0.9612
1749262667,0.95900000,438.65000000,0.9612
1749262667,0.95890000,371.27000000,0.9612
1749262667,0.95880000,371.27000000,0.9612
1749262667,0.95870000,466.27000000,0.9612
1749262667,0.95850000,137.27000000,0.9612
1749262667,0.95840000,234.00000000,0.9612
1749262667,0.95830000,463.95000000,0.9612
1749262667,0.95820000,438.65000000,0.9612
1749262667,0.95810000,371.23000000,0.9612
1749262667,0.95800000,471.96000000,0.9612
1749262667,0.95750000,137.27000000,0.9612
1749262667,0.95740000,234.00000000,0.9612
1749262667,0.95730000,294.23000000,0.9612
1749262667,0.95720000,683.83000000,0.9612
1749262667,0.95710000,418.57000000,0.9612
1749262667,0.95700000,241.44000000,0.9612
1749262667,0.95690000,283.31000000,0.9612
1749262667,0.95680000,269.61000000,0.9612
1749262667,0.95670000,438.65000000,0.9612
1749262667,0.95650000,137.10000000,0.9612
1749262667,0.95640000,371.22000000,0.9612
1749262667,0.95630000,89.96000000,0.9612
1749262667,0.95600000,10.00000000,0.9612
1749262667,0.95590000,204.65000000,0.9612
1749262667,0.95520000,202.93000000,0.9612
1749262667,0.95510000,204.65000000,0.9612
1749262667,0.95500000,10.00000000,0.9612
1749262667,0.95480000,11.22000000,0.9612
1749262667,0.95450000,60.23000000,0.9612
1749262667,0.95440000,137.22000000,0.9612
1749262667,0.95430000,264.71000000,0.9612
1749262667,0.95400000,10.00000000,0.9612
1749262667,0.95340000,54.76000000,0.9612
1749262667,0.95320000,671.78000000,0.9612
1749262667,0.95300000,10.00000000,0.9612
1749262667,0.95280000,48.70000000,0.9612
1749262667,0.95270000,204.65000000,0.9612
1749262667,0.95200000,58.70000000,0.9612
1749262667,0.95190000,204.65000000,0.9612
1749262667,0.95180000,330.01000000,0.9612
1749262667,0.95160000,841.27000000,0.9612
1749262667,0.95140000,530.54000000,0.9612
1749262667,0.95120000,49.19000000,0.9612
1749262667,0.95110000,204.65000000,0.9612
1749262667,0.95100000,10.00000000,0.9612
1749262667,0.95060000,26.30000000,0.9612
1749262667,0.95050000,8.44000000,0.9612
1749262667,0.95040000,62.62000000,0.9612
1749262667,0.95030000,204.65000000,0.9612
1749262667,0.95020000,968.37000000,0.9612
1749262667,0.95000000,32.61000000,0.9612
1749262667,0.94980000,105.10000000,0.9612
1749262667,0.94950000,204.65000000,0.9612
1749262667,0.94900000,10.00000000,0.9612
1749262667,0.94880000,13798.43000000,0.9612
1749262667,0.94870000,762.69000000,0.9612
1749262667,0.94830000,17.49000000,0.9612
1749262667,0.94800000,10.00000000,0.9612
1749262667,0.94790000,204.65000000,0.9612
1749262667,0.94780000,547.12000000,0.9612
1749262667,0.94700000,10.00000000,0.9612
1749262667,0.94670000,167.39000000,0.9612
1749262667,0.94650000,20.00000000,0.9612
1749262667,0.94640000,82.91000000,0.9612
1749262667,0.94630000,204.65000000,0.9612
1749262667,0.94600000,10.00000000,0.9612
1749262667,0.94550000,11.33000000,0.9612
1749262667,0.94520000,204.65000000,0.9612
1749262667,0.94500000,36.30000000,0.9612
1749262667,0.94450000,12.60000000,0.9612
1749262667,0.94440000,9.94000000,0.9612
1749262667,0.94430000,160.00000000,0.9612
1749262667,0.94400000,10.00000000,0.9612
1749262667,0.94370000,105.78000000,0.9612
1749262667,0.94360000,204.65000000,0.9612
1749262667,0.94330000,105.82000000,0.9612
1749262667,0.94300000,10.00000000,0.9612
1749262667,0.94240000,64.91000000,0.9612
1749262667,0.94220000,1090.00000000,0.9612
1749262667,0.94200000,10.00000000,0.9612
1749262667,0.94190000,26.49000000,0.9612
1749262667,0.94120000,83.02000000,0.9612
1749262667,0.94100000,10.00000000,0.9612
1749262667,0.94010000,705.00000000,0.9612
1749262667,0.94000000,16.09000000,0.9612
1749262667,0.93970000,15.93000000,0.9612
1749262969,0.95940000,227.08000000,0.9601
1749262969,0.95930000,239.22000000,0.9601
1749262969,0.95910000,234.00000000,0.9601
1749262969,0.95850000,5.92000000,0.9601
1749262969,0.95830000,234.00000000,0.9601
1749262969,0.95820000,501.37000000,0.9601
1749262969,0.95810000,234.00000000,0.9601
1749262969,0.95800000,62.72000000,0.9601
1749262969,0.95790000,1003.82000000,0.9601
1749262969,0.95770000,579.72000000,0.9601
1749262969,0.95760000,234.00000000,0.9601
1749262969,0.95750000,403.53000000,0.9601
1749262969,0.95740000,137.57000000,0.9601
1749262969,0.95730000,234.00000000,0.9601
1749262969,0.95720000,1076.53000000,0.9601
1749262969,0.95710000,371.27000000,0.9601
1749262969,0.95700000,371.10000000,0.9601
1749262969,0.95690000,466.71000000,0.9601
1749262969,0.95680000,269.61000000,0.9601
1749262969,0.95670000,438.65000000,0.9601
1749262969,0.95660000,234.00000000,0.9601
1749262969,0.95650000,1076.48000000,0.9601
1749262969,0.95640000,418.54000000,0.9601
1749262969,0.95630000,323.96000000,0.9601
1749262969,0.95610000,137.39000000,0.9601
1749262969,0.95600000,244.00000000,0.9601
1749262969,0.95590000,438.65000000,0.9601
1749262969,0.95580000,371.39000000,0.9601
1749262969,0.95570000,234.00000000,0.9601
1749262969,0.95550000,371.40000000,0.9601
1749262969,0.95540000,104.23000000,0.9601
1749262969,0.95520000,436.93000000,0.9601
1749262969,0.95510000,438.65000000,0.9601
1749262969,0.95500000,10.00000000,0.9601
1749262969,0.95490000,371.43000000,0.9601
1749262969,0.95480000,11.22000000,0.9601
1749262969,0.95450000,60.23000000,0.9601
1749262969,0.95440000,137.22000000,0.9601
1749262969,0.95430000,264.71000000,0.9601
1749262969,0.95400000,10.00000000,0.9601
1749262969,0.95340000,54.76000000,0.9601
1749262969,0.95330000,137.39000000,0.9601
1749262969,0.95300000,10.00000000,0.9601
1749262969,0.95280000,186.13000000,0.9601
1749262969,0.95270000,204.65000000,0.9601
1749262969,0.95200000,196.13000000,0.9601
1749262969,0.95190000,204.65000000,0.9601
1749262969,0.95160000,343.19000000,0.9601
1749262969,0.95120000,49.19000000,0.9601
1749262969,0.95110000,204.65000000,0.9601
1749262969,0.95100000,10.00000000,0.9601
1749262969,0.95060000,1235.40000000,0.9601
1749262969,0.95050000,13831.78000000,0.9601
1749262969,0.95040000,758.28000000,0.9601
1749262969,0.95030000,204.65000000,0.9601
1749262969,0.95020000,952.55000000,0.9601
1749262969,0.95000000,32.61000000,0.9601
1749262969,0.94950000,204.65000000,0.9601
1749262969,0.94900000,10.00000000,0.9601
1749262969,0.94830000,17.49000000,0.9601
1749262969,0.94800000,131.15000000,0.9601
1749262969,0.94790000,204.65000000,0.9601
1749262969,0.94780000,763.41000000,0.9601
1749262969,0.94700000,10.00000000,0.9601
1749262969,0.94690000,547.64000000,0.9601
1749262969,0.94660000,49.38000000,0.9601
1749262969,0.94650000,20.00000000,0.9601
1749262969,0.94640000,82.91000000,0.9601
1749262969,0.94630000,204.65000000,0.9601
1749262969,0.94600000,10.00000000,0.9601
1749262969,0.94550000,11.33000000,0.9601
1749262969,0.94520000,204.65000000,0.9601
1749262969,0.94500000,36.30000000,0.9601
1749262969,0.94450000,12.60000000,0.9601
1749262969,0.94440000,9.94000000,0.9601
1749262969,0.94430000,160.00000000,0.9601
1749262969,0.94400000,10.00000000,0.9601
1749262969,0.94390000,167.43000000,0.9601
1749262969,0.94370000,275.12000000,0.9601
1749262969,0.94360000,204.65000000,0.9601
1749262969,0.94300000,10.00000000,0.9601
1749262969,0.94270000,105.89000000,0.9601
1749262969,0.94240000,64.91000000,0.9601
1749262969,0.94200000,10.00000000,0.9601
1749262969,0.94120000,83.02000000,0.9601
1749262969,0.94100000,10.00000000,0.9601
1749262969,0.94000000,16.09000000,0.9601
1749262969,0.93970000,26.55000000,0.9601
1749262969,0.93910000,311.53000000,0.9601
1749262969,0.93900000,10.00000000,0.9601
1749262969,0.93810000,15.96000000,0.9601
1749262969,0.93800000,10.00000000,0.9601
1749262969,0.93740000,1672.14000000,0.9601
1749262969,0.93720000,6.40000000,0.9601
1749262969,0.93710000,2262.30000000,0.9601
1749262969,0.93700000,10.00000000,0.9601
1749262969,0.93620000,11.44000000,0.9601
1749262969,0.93600000,2093.98000000,0.9601
1749262969,0.93500000,10.00000000,0.9601
1749262969,0.93480000,414.56000000,0.9601
1749263278,0.96020000,711.55000000,0.9609
1749263278,0.95940000,234.00000000,0.9609
1749263278,0.95920000,438.65000000,0.9609
1749263278,0.95870000,289.45000000,0.9609
1749263278,0.95860000,234.00000000,0.9609
1749263278,0.95850000,296.65000000,0.9609
1749263278,0.95840000,137.44000000,0.9609
1749263278,0.95830000,234.00000000,0.9609
1749263278,0.95820000,438.65000000,0.9609
1749263278,0.95800000,137.31000000,0.9609
1749263278,0.95790000,234.00000000,0.9609
1749263278,0.95780000,745.93000000,0.9609
1749263278,0.95770000,470.37000000,0.9609
1749263278,0.95750000,234.00000000,0.9609
1749263278,0.95740000,530.04000000,0.9609
1749263278,0.95730000,234.00000000,0.9609
1749263278,0.95720000,683.83000000,0.9609
1749263278,0.95710000,371.34000000,0.9609
1749263278,0.95700000,418.75000000,0.9609
1749263278,0.95690000,466.71000000,0.9609
1749263278,0.95680000,790.25000000,0.9609
1749263278,0.95670000,438.65000000,0.9609
1749263278,0.95660000,371.44000000,0.9609
1749263278,0.95650000,702.71000000,0.9609
1749263278,0.95640000,371.44000000,0.9609
1749263278,0.95630000,323.96000000,0.9609
1749263278,0.95610000,137.44000000,0.9609
1749263278,0.95600000,244.00000000,0.9609
1749263278,0.95590000,438.65000000,0.9609
1749263278,0.95580000,104.23000000,0.9609
1749263278,0.95570000,137.44000000,0.9609
1749263278,0.95540000,562.64000000,0.9609
1749263278,0.95530000,137.44000000,0.9609
1749263278,0.95520000,437.15000000,0.9609
1749263278,0.95510000,438.65000000,0.9609
1749263278,0.95500000,10.00000000,0.9609
1749263278,0.95480000,11.22000000,0.9609
1749263278,0.95450000,60.23000000,0.9609
1749263278,0.95440000,137.44000000,0.9609
1749263278,0.95430000,264.71000000,0.9609
1749263278,0.95400000,10.00000000,0.9609
1749263278,0.95340000,54.76000000,0.9609
1749263278,0.95300000,10.00000000,0.9609
1749263278,0.95280000,48.70000000,0.9609
1749263278,0.95270000,204.65000000,0.9609
1749263278,0.95200000,58.70000000,0.9609
1749263278,0.95190000,204.65000000,0.9609
1749263278,0.95160000,83.95000000,0.9609
1749263278,0.95120000,49.19000000,0.9609
1749263278,0.95110000,204.65000000,0.9609
1749263278,0.95100000,10.00000000,0.9609
1749263278,0.95080000,49.73000000,0.9609
1749263278,0.95060000,1235.40000000,0.9609
1749263278,0.95050000,13782.19000000,0.9609
1749263278,0.95040000,758.28000000,0.9609
1749263278,0.95030000,204.65000000,0.9609
1749263278,0.95020000,952.55000000,0.9609
1749263278,0.95000000,32.61000000,0.9609
1749263278,0.94950000,204.65000000,0.9609
1749263278,0.94910000,15.83000000,0.9609
1749263278,0.94900000,10.00000000,0.9609
1749263278,0.94830000,17.49000000,0.9609
1749263278,0.94800000,10.00000000,0.9609
1749263278,0.94790000,204.65000000,0.9609
1749263278,0.94780000,763.41000000,0.9609
1749263278,0.94720000,54.83000000,0.9609
1749263278,0.94700000,10.00000000,0.9609
1749263278,0.94690000,547.64000000,0.9609
1749263278,0.94650000,20.00000000,0.9609
1749263278,0.94640000,82.91000000,0.9609
1749263278,0.94630000,204.65000000,0.9609
1749263278,0.94620000,105.50000000,0.9609
1749263278,0.94600000,10.00000000,0.9609
1749263278,0.94550000,11.33000000,0.9609
1749263278,0.94520000,204.65000000,0.9609
1749263278,0.94500000,36.30000000,0.9609
1749263278,0.94450000,12.60000000,0.9609
1749263278,0.94440000,9.94000000,0.9609
1749263278,0.94430000,160.00000000,0.9609
1749263278,0.94400000,10.00000000,0.9609
1749263278,0.94390000,167.43000000,0.9609
1749263278,0.94360000,204.65000000,0.9609
1749263278,0.94300000,10.00000000,0.9609
1749263278,0.94240000,64.91000000,0.9609
1749263278,0.94230000,105.93000000,0.9609
1749263278,0.94200000,10.00000000,0.9609
1749263278,0.94120000,83.02000000,0.9609
1749263278,0.94100000,10.00000000,0.9609
1749263278,0.94090000,1090.00000000,0.9609
1749263278,0.94080000,26.52000000,0.9609
1749263278,0.94060000,2082.47000000,0.9609
1749263278,0.94000000,16.09000000,0.9609
1749263278,0.93980000,106.21000000,0.9609
1749263278,0.93950000,405.96000000,0.9609
1749263278,0.93940000,13.82000000,0.9609
1749263278,0.93910000,297.71000000,0.9609
1749263278,0.93900000,10.00000000,0.9609
1749263278,0.93800000,10.00000000,0.9609
1749263278,0.93740000,1672.14000000,0.9609
1749263278,0.93720000,6.40000000,0.9609
1749263579,0.96030000,467.42000000,0.9605
1749263579,0.96010000,234.00000000,0.9605
1749263579,0.95980000,234.00000000,0.9605
1749263579,0.95960000,5.81000000,0.9605
1749263579,0.95950000,5.22000000,0.9605
1749263579,0.95940000,86.80000000,0.9605
1749263579,0.95930000,234.00000000,0.9605
1749263579,0.95910000,62.66000000,0.9605
1749263579,0.95900000,204.65000000,0.9605
1749263579,0.95890000,62.71000000,0.9605
1749263579,0.95880000,460.73000000,0.9605
1749263579,0.95860000,63.12000000,0.9605
1749263579,0.95840000,392.99000000,0.9605
1749263579,0.95830000,234.00000000,0.9605
1749263579,0.95820000,608.29000000,0.9605
1749263579,0.95810000,530.25000000,0.9605
1749263579,0.95800000,234.00000000,0.9605
1749263579,0.95790000,371.55000000,0.9605
1749263579,0.95780000,281.34000000,0.9605
1749263579,0.95770000,685.27000000,0.9605
1749263579,0.95750000,234.00000000,0.9605
1749263579,0.95740000,137.34000000,0.9605
1749263579,0.95730000,234.00000000,0.9605
1749263579,0.95720000,683.83000000,0.9605
1749263579,0.95710000,371.34000000,0.9605
1749263579,0.95700000,371.44000000,0.9605
1749263579,0.95690000,466.71000000,0.9605
1749263579,0.95680000,269.61000000,0.9605
1749263579,0.95670000,438.65000000,0.9605
1749263579,0.95660000,371.44000000,0.9605
1749263579,0.95650000,702.71000000,0.9605
1749263579,0.95640000,418.77000000,0.9605
1749263579,0.95630000,323.96000000,0.9605
1749263579,0.95620000,234.00000000,0.9605
1749263579,0.95610000,241.67000000,0.9605
1749263579,0.95600000,244.00000000,0.9605
1749263579,0.95590000,438.65000000,0.9605
1749263579,0.95570000,371.44000000,0.9605
1749263579,0.95540000,234.00000000,0.9605
1749263579,0.95530000,371.44000000,0.9605
1749263579,0.95520000,203.15000000,0.9605
1749263579,0.95510000,204.65000000,0.9605
1749263579,0.95500000,10.00000000,0.9605
1749263579,0.95480000,11.22000000,0.9605
1749263579,0.95450000,60.23000000,0.9605
1749263579,0.95440000,137.44000000,0.9605
1749263579,0.95430000,264.71000000,0.9605
1749263579,0.95400000,10.00000000,0.9605
1749263579,0.95340000,54.76000000,0.9605
1749263579,0.95300000,10.00000000,0.9605
1749263579,0.95280000,186.19000000,0.9605
1749263579,0.95270000,204.65000000,0.9605
1749263579,0.95200000,58.70000000,0.9605
1749263579,0.95190000,204.65000000,0.9605
1749263579,0.95160000,83.95000000,0.9605
1749263579,0.95120000,49.19000000,0.9605
1749263579,0.95110000,204.65000000,0.9605
1749263579,0.95100000,10.00000000,0.9605
1749263579,0.95080000,49.73000000,0.9605
1749263579,0.95070000,13822.97000000,0.9605
1749263579,0.95060000,1235.40000000,0.9605
1749263579,0.95050000,8.44000000,0.9605
1749263579,0.95040000,758.28000000,0.9605
1749263579,0.95030000,204.65000000,0.9605
1749263579,0.95020000,952.55000000,0.9605
1749263579,0.95000000,32.61000000,0.9605
1749263579,0.94950000,204.65000000,0.9605
1749263579,0.94930000,2313.73000000,0.9605
1749263579,0.94900000,25.84000000,0.9605
1749263579,0.94830000,17.49000000,0.9605
1749263579,0.94800000,10.00000000,0.9605
1749263579,0.94790000,204.65000000,0.9605
1749263579,0.94780000,763.41000000,0.9605
1749263579,0.94700000,177.36000000,0.9605
1749263579,0.94690000,547.64000000,0.9605
1749263579,0.94650000,20.00000000,0.9605
1749263579,0.94640000,82.91000000,0.9605
1749263579,0.94630000,204.65000000,0.9605
1749263579,0.94600000,10.00000000,0.9605
1749263579,0.94550000,11.33000000,0.9605
1749263579,0.94520000,204.65000000,0.9605
1749263579,0.94500000,36.30000000,0.9605
1749263579,0.94450000,12.60000000,0.9605
1749263579,0.94440000,9.94000000,0.9605
1749263579,0.94430000,160.00000000,0.9605
1749263579,0.94400000,10.00000000,0.9605
1749263579,0.94360000,204.65000000,0.9605
1749263579,0.94300000,10.00000000,0.9605
1749263579,0.94260000,105.90000000,0.9605
1749263579,0.94240000,64.91000000,0.9605
1749263579,0.94200000,10.00000000,0.9605
1749263579,0.94120000,83.02000000,0.9605
1749263579,0.94100000,10.00000000,0.9605
1749263579,0.94080000,26.52000000,0.9605
1749263579,0.94000000,16.09000000,0.9605
1749263579,0.93970000,2081.38000000,0.9605
1749263579,0.93950000,405.96000000,0.9605
1749263579,0.93930000,1090.00000000,0.9605
1749263579,0.93910000,297.71000000,0.9605
1749263579,0.93900000,10.00000000,0.9605
1749263881,0.96120000,84.43000000,0.9618
1749263881,0.96090000,234.00000000,0.9618
1749263881,0.96040000,18.58000000,0.9618
1749263881,0.96030000,234.00000000,0.9618
1749263881,0.96010000,100.00000000,0.9618
1749263881,0.96000000,234.00000000,0.9618
1749263881,0.95990000,501.28000000,0.9618
1749263881,0.95970000,460.52000000,0.9618
1749263881,0.95950000,234.00000000,0.9618
1749263881,0.95940000,234.00000000,0.9618
1749263881,0.95930000,137.29000000,0.9618
1749263881,0.95920000,234.00000000,0.9618
1749263881,0.95910000,371.29000000,0.9618
1749263881,0.95900000,646.73000000,0.9618
1749263881,0.95890000,234.00000000,0.9618
1749263881,0.95880000,371.38000000,0.9618
1749263881,0.95860000,234.00000000,0.9618
1749263881,0.95850000,403.16000000,0.9618
1749263881,0.95840000,577.76000000,0.9618
1749263881,0.95830000,234.00000000,0.9618
1749263881,0.95820000,438.65000000,0.9618
1749263881,0.95800000,137.29000000,0.9618
1749263881,0.95790000,234.00000000,0.9618
1749263881,0.95780000,371.46000000,0.9618
1749263881,0.95770000,470.37000000,0.9618
1749263881,0.95750000,371.10000000,0.9618
1749263881,0.95730000,234.00000000,0.9618
1749263881,0.95720000,683.83000000,0.9618
1749263881,0.95710000,137.26000000,0.9618
1749263881,0.95700000,234.00000000,0.9618
1749263881,0.95690000,466.71000000,0.9618
1749263881,0.95680000,269.61000000,0.9618
1749263881,0.95670000,438.65000000,0.9618
1749263881,0.95660000,371.32000000,0.9618
1749263881,0.95650000,468.71000000,0.9618
1749263881,0.95640000,241.33000000,0.9618
1749263881,0.95630000,89.96000000,0.9618
1749263881,0.95610000,137.33000000,0.9618
1749263881,0.95600000,10.00000000,0.9618
1749263881,0.95590000,204.65000000,0.9618
1749263881,0.95580000,137.33000000,0.9618
1749263881,0.95550000,137.33000000,0.9618
1749263881,0.95520000,137.33000000,0.9618
1749263881,0.95510000,204.65000000,0.9618
1749263881,0.95500000,10.00000000,0.9618
1749263881,0.95480000,11.22000000,0.9618
1749263881,0.95440000,201.19000000,0.9618
1749263881,0.95430000,264.71000000,0.9618
1749263881,0.95400000,10.00000000,0.9618
1749263881,0.95340000,54.76000000,0.9618
1749263881,0.95300000,10.00000000,0.9618
1749263881,0.95280000,186.16000000,0.9618
1749263881,0.95270000,204.65000000,0.9618
1749263881,0.95200000,58.70000000,0.9618
1749263881,0.95190000,342.18000000,0.9618
1749263881,0.95160000,83.95000000,0.9618
1749263881,0.95140000,55.92000000,0.9618
1749263881,0.95130000,1293.17000000,0.9618
1749263881,0.95110000,962.37000000,0.9618
1749263881,0.95100000,10.00000000,0.9618
1749263881,0.95070000,167.29000000,0.9618
1749263881,0.95060000,26.30000000,0.9618
1749263881,0.95050000,8.44000000,0.9618
1749263881,0.95030000,204.65000000,0.9618
1749263881,0.95000000,32.61000000,0.9618
1749263881,0.94960000,13786.80000000,0.9618
1749263881,0.94950000,220.48000000,0.9618
1749263881,0.94940000,17.15000000,0.9618
1749263881,0.94930000,2313.73000000,0.9618
1749263881,0.94900000,10.00000000,0.9618
1749263881,0.94840000,762.93000000,0.9618
1749263881,0.94830000,17.49000000,0.9618
1749263881,0.94800000,10.00000000,0.9618
1749263881,0.94790000,204.65000000,0.9618
1749263881,0.94760000,547.24000000,0.9618
1749263881,0.94700000,10.00000000,0.9618
1749263881,0.94650000,20.00000000,0.9618
1749263881,0.94640000,82.91000000,0.9618
1749263881,0.94630000,204.65000000,0.9618
1749263881,0.94600000,10.00000000,0.9618
1749263881,0.94550000,11.33000000,0.9618
1749263881,0.94520000,204.65000000,0.9618
1749263881,0.94500000,36.30000000,0.9618
1749263881,0.94450000,12.60000000,0.9618
1749263881,0.94440000,9.94000000,0.9618
1749263881,0.94430000,160.00000000,0.9618
1749263881,0.94400000,10.00000000,0.9618
1749263881,0.94360000,204.65000000,0.9618
1749263881,0.94300000,10.00000000,0.9618
1749263881,0.94260000,105.90000000,0.9618
1749263881,0.94240000,64.91000000,0.9618
1749263881,0.94200000,10.00000000,0.9618
1749263881,0.94150000,2080.84000000,0.9618
1749263881,0.94120000,83.02000000,0.9618
1749263881,0.94100000,10.00000000,0.9618
1749263881,0.94090000,511.40000000,0.9618
1749263881,0.94000000,847.72000000,0.9618
1749263881,0.93930000,1090.00000000,0.9618
1749263881,0.93920000,13.82000000,0.9618
1749263881,0.93910000,297.71000000,0.9618
1749264182,0.96010000,713.33000000,0.9615
1749264182,0.96000000,234.00000000,0.9615
1749264182,0.95960000,234.00000000,0.9615
1749264182,0.95920000,18.58000000,0.9615
1749264182,0.95910000,234.00000000,0.9615
1749264182,0.95890000,438.65000000,0.9615
1749264182,0.95870000,62.67000000,0.9615
1749264182,0.95860000,460.77000000,0.9615
1749264182,0.95850000,230.71000000,0.9615
1749264182,0.95840000,234.00000000,0.9615
1749264182,0.95830000,137.38000000,0.9615
1749264182,0.95820000,234.00000000,0.9615
1749264182,0.95810000,442.08000000,0.9615
1749264182,0.95800000,371.41000000,0.9615
1749264182,0.95790000,438.65000000,0.9615
1749264182,0.95780000,914.35000000,0.9615
1749264182,0.95770000,863.56000000,0.9615
1749264182,0.95760000,234.00000000,0.9615
1749264182,0.95750000,371.63000000,0.9615
1749264182,0.95730000,234.00000000,0.9615
1749264182,0.95720000,683.83000000,0.9615
1749264182,0.95710000,371.63000000,0.9615
1749264182,0.95700000,234.00000000,0.9615
1749264182,0.95690000,418.59000000,0.9615
1749264182,0.95680000,269.61000000,0.9615
1749264182,0.95670000,438.65000000,0.9615
1749264182,0.95660000,371.32000000,0.9615
1749264182,0.95650000,234.00000000,0.9615
1749264182,0.95640000,371.32000000,0.9615
1749264182,0.95630000,427.97000000,0.9615
1749264182,0.95620000,234.00000000,0.9615
1749264182,0.95610000,604.27000000,0.9615
1749264182,0.95600000,10.00000000,0.9615
1749264182,0.95590000,673.74000000,0.9615
1749264182,0.95580000,137.33000000,0.9615
1749264182,0.95550000,137.33000000,0.9615
1749264182,0.95520000,137.33000000,0.9615
1749264182,0.95510000,204.65000000,0.9615
1749264182,0.95500000,10.00000000,0.9615
1749264182,0.95480000,11.22000000,0.9615
1749264182,0.95470000,137.50000000,0.9615
1749264182,0.95440000,201.19000000,0.9615
1749264182,0.95430000,264.71000000,0.9615
1749264182,0.95410000,137.29000000,0.9615
1749264182,0.95400000,10.00000000,0.9615
1749264182,0.95380000,185.65000000,0.9615
1749264182,0.95340000,54.76000000,0.9615
1749264182,0.95300000,10.00000000,0.9615
1749264182,0.95280000,186.16000000,0.9615
1749264182,0.95270000,204.65000000,0.9615
1749264182,0.95200000,196.33000000,0.9615
1749264182,0.95190000,204.65000000,0.9615
1749264182,0.95170000,137.63000000,0.9615
1749264182,0.95160000,83.95000000,0.9615
1749264182,0.95140000,13816.64000000,0.9615
1749264182,0.95130000,1192.76000000,0.9615
1749264182,0.95120000,255.38000000,0.9615
1749264182,0.95110000,962.37000000,0.9615
1749264182,0.95100000,10.00000000,0.9615
1749264182,0.95060000,26.30000000,0.9615
1749264182,0.95050000,8.44000000,0.9615
1749264182,0.95030000,204.65000000,0.9615
1749264182,0.95000000,32.61000000,0.9615
1749264182,0.94950000,273.47000000,0.9615
1749264182,0.94930000,2313.73000000,0.9615
1749264182,0.94920000,167.67000000,0.9615
1749264182,0.94900000,10.00000000,0.9615
1749264182,0.94840000,778.78000000,0.9615
1749264182,0.94830000,17.49000000,0.9615
1749264182,0.94800000,10.00000000,0.9615
1749264182,0.94790000,204.65000000,0.9615
1749264182,0.94760000,547.24000000,0.9615
1749264182,0.94700000,10.00000000,0.9615
1749264182,0.94650000,20.00000000,0.9615
1749264182,0.94640000,82.91000000,0.9615
1749264182,0.94630000,204.65000000,0.9615
1749264182,0.94600000,10.00000000,0.9615
1749264182,0.94550000,11.33000000,0.9615
1749264182,0.94520000,204.65000000,0.9615
1749264182,0.94500000,36.30000000,0.9615
1749264182,0.94450000,12.60000000,0.9615
1749264182,0.94440000,9.94000000,0.9615
1749264182,0.94430000,160.00000000,0.9615
1749264182,0.94400000,10.00000000,0.9615
1749264182,0.94360000,204.65000000,0.9615
1749264182,0.94300000,10.00000000,0.9615
1749264182,0.94240000,64.91000000,0.9615
1749264182,0.94200000,10.00000000,0.9615
1749264182,0.94170000,106.00000000,0.9615
1749264182,0.94120000,83.02000000,0.9615
1749264182,0.94100000,10.00000000,0.9615
1749264182,0.94090000,511.40000000,0.9615
1749264182,0.94050000,2082.14000000,0.9615
1749264182,0.94000000,847.72000000,0.9615
1749264182,0.93910000,297.71000000,0.9615
1749264182,0.93900000,10.00000000,0.9615
1749264182,0.93860000,1090.00000000,0.9615
1749264182,0.93830000,13.84000000,0.9615
1749264182,0.93800000,10.00000000,0.9615
1749264182,0.93740000,1672.14000000,0.9615
1749264484,0.95920000,468.00000000,0.9604
1749264484,0.95880000,204.65000000,0.9604
1749264484,0.95830000,234.00000000,0.9604
1749264484,0.95810000,18.58000000,0.9604
1749264484,0.95800000,296.72000000,0.9604
1749264484,0.95790000,438.65000000,0.9604
1749264484,0.95780000,296.72000000,0.9604
1749264484,0.95770000,629.75000000,0.9604
1749264484,0.95760000,371.52000000,0.9604
1749264484,0.95750000,281.27000000,0.9604
1749264484,0.95740000,985.28000000,0.9604
1749264484,0.95730000,371.49000000,0.9604
1749264484,0.95700000,234.00000000,0.9604
1749264484,0.95690000,764.79000000,0.9604
1749264484,0.95680000,269.61000000,0.9604
1749264484,0.95670000,1196.33000000,0.9604
1749264484,0.95650000,371.50000000,0.9604
1749264484,0.95640000,234.00000000,0.9604
1749264484,0.95630000,323.96000000,0.9604
1749264484,0.95620000,371.50000000,0.9604
1749264484,0.95610000,466.94000000,0.9604
1749264484,0.95600000,244.00000000,0.9604
1749264484,0.95590000,669.22000000,0.9604
1749264484,0.95580000,371.50000000,0.9604
1749264484,0.95570000,234.00000000,0.9604
1749264484,0.95540000,472.66000000,0.9604
1749264484,0.95530000,371.58000000,0.9604
1749264484,0.95520000,371.58000000,0.9604
1749264484,0.95510000,308.66000000,0.9604
1749264484,0.95500000,10.00000000,0.9604
1749264484,0.95480000,148.86000000,0.9604
1749264484,0.95470000,451.01000000,0.9604
1749264484,0.95450000,137.64000000,0.9604
1749264484,0.95440000,63.80000000,0.9604
1749264484,0.95430000,264.71000000,0.9604
1749264484,0.95400000,10.00000000,0.9604
1749264484,0.95380000,48.36000000,0.9604
1749264484,0.95340000,54.76000000,0.9604
1749264484,0.95300000,10.00000000,0.9604
1749264484,0.95280000,186.34000000,0.9604
1749264484,0.95270000,204.65000000,0.9604
1749264484,0.95200000,196.19000000,0.9604
1749264484,0.95190000,204.65000000,0.9604
1749264484,0.95160000,83.95000000,0.9604
1749264484,0.95140000,108.04000000,0.9604
1749264484,0.95130000,1257.13000000,0.9604
1749264484,0.95120000,14018.99000000,0.9604
1749264484,0.95110000,962.37000000,0.9604
1749264484,0.95100000,10.00000000,0.9604
1749264484,0.95060000,26.30000000,0.9604
1749264484,0.95050000,8.44000000,0.9604
1749264484,0.95030000,204.65000000,0.9604
1749264484,0.95000000,32.61000000,0.9604
1749264484,0.94950000,220.48000000,0.9604
1749264484,0.94920000,167.67000000,0.9604
1749264484,0.94900000,10.00000000,0.9604
1749264484,0.94860000,48.54000000,0.9604
1749264484,0.94840000,762.93000000,0.9604
1749264484,0.94830000,17.49000000,0.9604
1749264484,0.94800000,58.54000000,0.9604
1749264484,0.94790000,204.65000000,0.9604
1749264484,0.94760000,547.24000000,0.9604
1749264484,0.94740000,48.54000000,0.9604
1749264484,0.94700000,10.00000000,0.9604
1749264484,0.94680000,48.54000000,0.9604
1749264484,0.94650000,20.00000000,0.9604
1749264484,0.94640000,82.91000000,0.9604
1749264484,0.94630000,204.65000000,0.9604
1749264484,0.94620000,48.54000000,0.9604
1749264484,0.94600000,10.00000000,0.9604
1749264484,0.94560000,48.54000000,0.9604
1749264484,0.94550000,11.33000000,0.9604
1749264484,0.94520000,204.65000000,0.9604
1749264484,0.94500000,84.84000000,0.9604
1749264484,0.94450000,12.60000000,0.9604
1749264484,0.94440000,9.94000000,0.9604
1749264484,0.94430000,160.00000000,0.9604
1749264484,0.94400000,10.00000000,0.9604
1749264484,0.94360000,204.65000000,0.9604
1749264484,0.94300000,10.00000000,0.9604
1749264484,0.94240000,64.91000000,0.9604
1749264484,0.94230000,2083.22000000,0.9604
1749264484,0.94200000,10.00000000,0.9604
1749264484,0.94190000,105.98000000,0.9604
1749264484,0.94120000,83.02000000,0.9604
1749264484,0.94100000,607.24000000,0.9604
1749264484,0.94000000,847.72000000,0.9604
1749264484,0.93910000,297.71000000,0.9604
1749264484,0.93900000,10.00000000,0.9604
1749264484,0.93890000,1962.49000000,0.9604
1749264484,0.93860000,1090.00000000,0.9604
1749264484,0.93810000,13.84000000,0.9604
1749264484,0.93800000,10.00000000,0.9604
1749264484,0.93740000,1672.14000000,0.9604
1749264484,0.93720000,6.40000000,0.9604
1749264484,0.93700000,10.00000000,0.9604
1749264484,0.93620000,11.44000000,0.9604
1749264484,0.93600000,10.00000000,0.9604
1749264484,0.93500000,10.00000000,0.9604
1749264484,0.93400000,10.00000000,0.9604
1749264786,0.95790000,230.63000000,0.9579
1749264786,0.95780000,234.00000000,0.9579
1749264786,0.95690000,234.00000000,0.9579
1749264786,0.95680000,269.61000000,0.9579
1749264786,0.95670000,438.65000000,0.9579
1749264786,0.95660000,62.84000000,0.9579
1749264786,0.95650000,227.27000000,0.9579
1749264786,0.95640000,296.86000000,0.9579
1749264786,0.95630000,323.96000000,0.9579
1749264786,0.95620000,371.73000000,0.9579
1749264786,0.95610000,371.73000000,0.9579
1749264786,0.95600000,787.96000000,0.9579
1749264786,0.95590000,438.65000000,0.9579
1749264786,0.95580000,608.58000000,0.9579
1749264786,0.95570000,137.79000000,0.9579
1749264786,0.95560000,281.40000000,0.9579
1749264786,0.95550000,1001.89000000,0.9579
1749264786,0.95540000,472.66000000,0.9579
1749264786,0.95520000,371.44000000,0.9579
1749264786,0.95510000,960.61000000,0.9579
1749264786,0.95500000,10.00000000,0.9579
1749264786,0.95480000,382.66000000,0.9579
1749264786,0.95470000,685.01000000,0.9579
1749264786,0.95460000,467.31000000,0.9579
1749264786,0.95440000,666.17000000,0.9579
1749264786,0.95430000,498.71000000,0.9579
1749264786,0.95410000,371.50000000,0.9579
1749264786,0.95400000,10.00000000,0.9579
1749264786,0.95380000,282.36000000,0.9579
1749264786,0.95370000,338.34000000,0.9579
1749264786,0.95350000,371.72000000,0.9579
1749264786,0.95340000,192.49000000,0.9579
1749264786,0.95330000,234.00000000,0.9579
1749264786,0.95300000,10.00000000,0.9579
1749264786,0.95290000,371.65000000,0.9579
1749264786,0.95280000,186.14000000,0.9579
1749264786,0.95270000,204.65000000,0.9579
1749264786,0.95210000,196.85000000,0.9579
1749264786,0.95200000,77.73000000,0.9579
1749264786,0.95190000,204.65000000,0.9579
1749264786,0.95170000,137.59000000,0.9579
1749264786,0.95160000,134.42000000,0.9579
1749264786,0.95140000,137.50000000,0.9579
1749264786,0.95130000,668.31000000,0.9579
1749264786,0.95120000,14008.42000000,0.9579
1749264786,0.95110000,962.37000000,0.9579
1749264786,0.95100000,10.00000000,0.9579
1749264786,0.95060000,26.30000000,0.9579
1749264786,0.95050000,8.44000000,0.9579
1749264786,0.95030000,204.65000000,0.9579
1749264786,0.95000000,32.61000000,0.9579
1749264786,0.94970000,67.68000000,0.9579
1749264786,0.94950000,204.65000000,0.9579
1749264786,0.94920000,836.65000000,0.9579
1749264786,0.94900000,10.00000000,0.9579
1749264786,0.94860000,52.12000000,0.9579
1749264786,0.94840000,762.93000000,0.9579
1749264786,0.94830000,17.49000000,0.9579
1749264786,0.94800000,60.78000000,0.9579
1749264786,0.94790000,204.65000000,0.9579
1749264786,0.94780000,15.86000000,0.9579
1749264786,0.94760000,547.24000000,0.9579
1749264786,0.94700000,10.00000000,0.9579
1749264786,0.94650000,20.00000000,0.9579
1749264786,0.94640000,82.91000000,0.9579
1749264786,0.94630000,204.65000000,0.9579
1749264786,0.94600000,10.00000000,0.9579
1749264786,0.94550000,11.33000000,0.9579
1749264786,0.94520000,204.65000000,0.9579
1749264786,0.94500000,36.30000000,0.9579
1749264786,0.94450000,2099.30000000,0.9579
1749264786,0.94440000,9.94000000,0.9579
1749264786,0.94430000,160.00000000,0.9579
1749264786,0.94400000,10.00000000,0.9579
1749264786,0.94360000,204.65000000,0.9579
1749264786,0.94350000,5.70000000,0.9579
1749264786,0.94300000,10.00000000,0.9579
1749264786,0.94240000,64.91000000,0.9579
1749264786,0.94200000,10.00000000,0.9579
1749264786,0.94120000,83.02000000,0.9579
1749264786,0.94100000,10.00000000,0.9579
1749264786,0.94010000,106.18000000,0.9579
1749264786,0.94000000,847.72000000,0.9579
1749264786,0.93910000,297.71000000,0.9579
1749264786,0.93900000,10.00000000,0.9579
1749264786,0.93890000,1962.49000000,0.9579
1749264786,0.93840000,13.83000000,0.9579
1749264786,0.93810000,715.85000000,0.9579
1749264786,0.93800000,10.00000000,0.9579
1749264786,0.93700000,10.00000000,0.9579
1749264786,0.93620000,11.44000000,0.9579
1749264786,0.93600000,10.00000000,0.9579
1749264786,0.93500000,10.00000000,0.9579
1749264786,0.93400000,10.00000000,0.9579
1749264786,0.93380000,26.61000000,0.9579
1749264786,0.93350000,2086.92000000,0.9579
1749264786,0.93320000,492.43000000,0.9579
1749264786,0.93300000,10.00000000,0.9579
1749264786,0.93290000,64.74000000,0.9579
1749264786,0.93280000,32.11000000,0.9579
1749265087,0.95920000,6.82000000,0.9592
1749265087,0.95910000,1034.28000000,0.9592
1749265087,0.95850000,438.65000000,0.9592
1749265087,0.95820000,234.00000000,0.9592
1749265087,0.95780000,523.72000000,0.9592
1749265087,0.95770000,438.65000000,0.9592
1749265087,0.95760000,399.98000000,0.9592
1749265087,0.95740000,371.50000000,0.9592
1749265087,0.95730000,137.70000000,0.9592
1749265087,0.95720000,234.00000000,0.9592
1749265087,0.95710000,892.37000000,0.9592
1749265087,0.95700000,470.51000000,0.9592
1749265087,0.95690000,371.70000000,0.9592
1749265087,0.95680000,269.61000000,0.9592
1749265087,0.95670000,438.65000000,0.9592
1749265087,0.95660000,627.56000000,0.9592
1749265087,0.95650000,185.10000000,0.9592
1749265087,0.95640000,234.00000000,0.9592
1749265087,0.95630000,323.96000000,0.9592
1749265087,0.95620000,892.98000000,0.9592
1749265087,0.95610000,466.94000000,0.9592
1749265087,0.95600000,381.62000000,0.9592
1749265087,0.95590000,669.22000000,0.9592
1749265087,0.95580000,234.00000000,0.9592
1749265087,0.95570000,137.62000000,0.9592
1749265087,0.95550000,234.00000000,0.9592
1749265087,0.95540000,472.66000000,0.9592
1749265087,0.95530000,137.62000000,0.9592
1749265087,0.95520000,371.70000000,0.9592
1749265087,0.95510000,438.65000000,0.9592
1749265087,0.95500000,10.00000000,0.9592
1749265087,0.95490000,104.34000000,0.9592
1749265087,0.95480000,245.22000000,0.9592
1749265087,0.95470000,137.70000000,0.9592
1749265087,0.95460000,234.00000000,0.9592
1749265087,0.95450000,137.70000000,0.9592
1749265087,0.95440000,63.80000000,0.9592
1749265087,0.95430000,264.71000000,0.9592
1749265087,0.95420000,137.53000000,0.9592
1749265087,0.95400000,10.00000000,0.9592
1749265087,0.95390000,137.53000000,0.9592
1749265087,0.95380000,48.36000000,0.9592
1749265087,0.95360000,137.53000000,0.9592
1749265087,0.95340000,192.29000000,0.9592
1749265087,0.95300000,147.53000000,0.9592
1749265087,0.95280000,186.23000000,0.9592
1749265087,0.95270000,204.65000000,0.9592
1749265087,0.95240000,515.69000000,0.9592
1749265087,0.95230000,137.49000000,0.9592
1749265087,0.95210000,59.26000000,0.9592
1749265087,0.95200000,77.73000000,0.9592
1749265087,0.95190000,204.65000000,0.9592
1749265087,0.95160000,83.95000000,0.9592
1749265087,0.95150000,51.53000000,0.9592
1749265087,0.95140000,55.13000000,0.9592
1749265087,0.95130000,14292.76000000,0.9592
1749265087,0.95120000,244.81000000,0.9592
1749265087,0.95110000,962.37000000,0.9592
1749265087,0.95100000,10.00000000,0.9592
1749265087,0.95090000,167.76000000,0.9592
1749265087,0.95060000,26.30000000,0.9592
1749265087,0.95050000,8.44000000,0.9592
1749265087,0.95030000,204.65000000,0.9592
1749265087,0.95000000,32.61000000,0.9592
1749265087,0.94950000,204.65000000,0.9592
1749265087,0.94920000,668.98000000,0.9592
1749265087,0.94900000,10.00000000,0.9592
1749265087,0.94880000,15.84000000,0.9592
1749265087,0.94840000,762.93000000,0.9592
1749265087,0.94830000,17.49000000,0.9592
1749265087,0.94800000,10.00000000,0.9592
1749265087,0.94790000,204.65000000,0.9592
1749265087,0.94760000,547.24000000,0.9592
1749265087,0.94700000,10.00000000,0.9592
1749265087,0.94650000,20.00000000,0.9592
1749265087,0.94640000,82.91000000,0.9592
1749265087,0.94630000,204.65000000,0.9592
1749265087,0.94610000,2083.66000000,0.9592
1749265087,0.94600000,10.00000000,0.9592
1749265087,0.94550000,11.33000000,0.9592
1749265087,0.94520000,204.65000000,0.9592
1749265087,0.94500000,36.30000000,0.9592
1749265087,0.94450000,12.60000000,0.9592
1749265087,0.94440000,9.94000000,0.9592
1749265087,0.94430000,160.00000000,0.9592
1749265087,0.94400000,10.00000000,0.9592
1749265087,0.94360000,204.65000000,0.9592
1749265087,0.94300000,10.00000000,0.9592
1749265087,0.94240000,64.91000000,0.9592
1749265087,0.94200000,10.00000000,0.9592
1749265087,0.94120000,83.02000000,0.9592
1749265087,0.94100000,10.00000000,0.9592
1749265087,0.94090000,106.09000000,0.9592
1749265087,0.94000000,847.72000000,0.9592
1749265087,0.93930000,13.82000000,0.9592
1749265087,0.93910000,297.71000000,0.9592
1749265087,0.93900000,10.00000000,0.9592
1749265087,0.93890000,1962.49000000,0.9592
1749265087,0.93870000,1090.00000000,0.9592
1749265087,0.93810000,715.85000000,0.9592
1749265392,0.95980000,468.00000000,0.9609
1749265392,0.95970000,438.65000000,0.9609
1749265392,0.95960000,1199.55000000,0.9609
1749265392,0.95860000,234.00000000,0.9609
1749265392,0.95850000,296.71000000,0.9609
1749265392,0.95840000,460.82000000,0.9609
1749265392,0.95830000,445.90000000,0.9609
1749265392,0.95820000,399.63000000,0.9609
1749265392,0.95810000,208.49000000,0.9609
1749265392,0.95800000,371.37000000,0.9609
1749265392,0.95780000,393.56000000,0.9609
1749265392,0.95770000,433.05000000,0.9609
1749265392,0.95760000,371.64000000,0.9609
1749265392,0.95750000,204.65000000,0.9609
1749265392,0.95730000,189.96000000,0.9609
1749265392,0.95720000,234.00000000,0.9609
1749265392,0.95710000,683.88000000,0.9609
1749265392,0.95700000,894.93000000,0.9609
1749265392,0.95690000,234.00000000,0.9609
1749265392,0.95680000,549.71000000,0.9609
1749265392,0.95670000,438.65000000,0.9609
1749265392,0.95660000,234.00000000,0.9609
1749265392,0.95650000,137.72000000,0.9609
1749265392,0.95640000,234.00000000,0.9609
1749265392,0.95630000,323.96000000,0.9609
1749265392,0.95620000,371.64000000,0.9609
1749265392,0.95610000,234.00000000,0.9609
1749265392,0.95600000,486.07000000,0.9609
1749265392,0.95590000,669.22000000,0.9609
1749265392,0.95580000,234.00000000,0.9609
1749265392,0.95560000,137.56000000,0.9609
1749265392,0.95550000,234.00000000,0.9609
1749265392,0.95540000,472.66000000,0.9609
1749265392,0.95530000,371.62000000,0.9609
1749265392,0.95520000,371.70000000,0.9609
1749265392,0.95510000,204.65000000,0.9609
1749265392,0.95500000,10.00000000,0.9609
1749265392,0.95480000,11.22000000,0.9609
1749265392,0.95470000,137.70000000,0.9609
1749265392,0.95450000,137.70000000,0.9609
1749265392,0.95430000,264.71000000,0.9609
1749265392,0.95420000,137.53000000,0.9609
1749265392,0.95400000,10.00000000,0.9609
1749265392,0.95390000,137.53000000,0.9609
1749265392,0.95360000,137.53000000,0.9609
1749265392,0.95340000,137.53000000,0.9609
1749265392,0.95300000,201.24000000,0.9609
1749265392,0.95280000,137.53000000,0.9609
1749265392,0.95270000,204.65000000,0.9609
1749265392,0.95230000,199.08000000,0.9609
1749265392,0.95210000,59.26000000,0.9609
1749265392,0.95200000,147.72000000,0.9609
1749265392,0.95190000,14151.23000000,0.9609
1749265392,0.95180000,2087.99000000,0.9609
1749265392,0.95160000,83.95000000,0.9609
1749265392,0.95150000,137.56000000,0.9609
1749265392,0.95130000,672.97000000,0.9609
1749265392,0.95120000,244.81000000,0.9609
1749265392,0.95110000,342.21000000,0.9609
1749265392,0.95100000,768.10000000,0.9609
1749265392,0.95080000,137.56000000,0.9609
1749265392,0.95070000,531.14000000,0.9609
1749265392,0.95060000,26.30000000,0.9609
1749265392,0.95050000,146.00000000,0.9609
1749265392,0.95030000,204.65000000,0.9609
1749265392,0.95000000,32.61000000,0.9609
1749265392,0.94960000,15.83000000,0.9609
1749265392,0.94950000,204.65000000,0.9609
1749265392,0.94900000,10.00000000,0.9609
1749265392,0.94840000,762.93000000,0.9609
1749265392,0.94830000,17.49000000,0.9609
1749265392,0.94800000,10.00000000,0.9609
1749265392,0.94790000,204.65000000,0.9609
1749265392,0.94700000,10.00000000,0.9609
1749265392,0.94690000,547.64000000,0.9609
1749265392,0.94650000,20.00000000,0.9609
1749265392,0.94640000,82.91000000,0.9609
1749265392,0.94630000,204.65000000,0.9609
1749265392,0.94610000,2082.68000000,0.9609
1749265392,0.94600000,10.00000000,0.9609
1749265392,0.94580000,168.01000000,0.9609
1749265392,0.94550000,11.33000000,0.9609
1749265392,0.94520000,204.65000000,0.9609
1749265392,0.94500000,36.30000000,0.9609
1749265392,0.94450000,12.60000000,0.9609
1749265392,0.94440000,9.94000000,0.9609
1749265392,0.94430000,160.00000000,0.9609
1749265392,0.94400000,10.00000000,0.9609
1749265392,0.94360000,204.65000000,0.9609
1749265392,0.94300000,10.00000000,0.9609
1749265392,0.94240000,64.91000000,0.9609
1749265392,0.94200000,10.00000000,0.9609
1749265392,0.94120000,189.08000000,0.9609
1749265392,0.94100000,10.00000000,0.9609
1749265392,0.94000000,847.72000000,0.9609
1749265392,0.93990000,375.56000000,0.9609
1749265392,0.93980000,1090.00000000,0.9609
1749265392,0.93910000,311.53000000,0.9609
1749265392,0.93900000,10.00000000,0.9609
1749265392,0.93800000,10.00000000,0.9609
1749265693,0.96530000,234.00000000,0.9651
1749265693,0.96520000,736.62000000,0.9651
1749265693,0.96510000,199.22000000,0.9651
1749265693,0.96500000,1013.55000000,0.9651
1749265693,0.96410000,234.00000000,0.9651
1749265693,0.96390000,287.85000000,0.9651
1749265693,0.96380000,438.65000000,0.9651
1749265693,0.96370000,62.34000000,0.9651
1749265693,0.96360000,234.00000000,0.9651
1749265693,0.96340000,66.65000000,0.9651
1749265693,0.96330000,136.68000000,0.9651
1749265693,0.96320000,234.00000000,0.9651
1749265693,0.96310000,442.49000000,0.9651
1749265693,0.96300000,575.48000000,0.9651
1749265693,0.96290000,562.22000000,0.9651
1749265693,0.96250000,136.83000000,0.9651
1749265693,0.96240000,76.06000000,0.9651
1749265693,0.96230000,234.00000000,0.9651
1749265693,0.96220000,136.83000000,0.9651
1749265693,0.96210000,204.65000000,0.9651
1749265693,0.96200000,132.25000000,0.9651
1749265693,0.96190000,136.83000000,0.9651
1749265693,0.96180000,234.00000000,0.9651
1749265693,0.96130000,184.22000000,0.9651
1749265693,0.96120000,309.65000000,0.9651
1749265693,0.96110000,371.05000000,0.9651
1749265693,0.96100000,438.65000000,0.9651
1749265693,0.96090000,338.34000000,0.9651
1749265693,0.96070000,137.05000000,0.9651
1749265693,0.96060000,184.33000000,0.9651
1749265693,0.96050000,234.00000000,0.9651
1749265693,0.96030000,184.37000000,0.9651
1749265693,0.96020000,234.00000000,0.9651
1749265693,0.96010000,682.47000000,0.9651
1749265693,0.96000000,137.09000000,0.9651
1749265693,0.95980000,234.00000000,0.9651
1749265693,0.95970000,438.65000000,0.9651
1749265693,0.95960000,136.95000000,0.9651
1749265693,0.95950000,229.71000000,0.9651
1749265693,0.95920000,137.09000000,0.9651
1749265693,0.95910000,137.09000000,0.9651
1749265693,0.95880000,13654.52000000,0.9651
1749265693,0.95870000,234.00000000,0.9651
1749265693,0.95860000,137.09000000,0.9651
1749265693,0.95850000,234.00000000,0.9651
1749265693,0.95840000,370.95000000,0.9651
1749265693,0.95830000,445.90000000,0.9651
1749265693,0.95810000,136.95000000,0.9651
1749265693,0.95800000,234.00000000,0.9651
1749265693,0.95790000,137.05000000,0.9651
1749265693,0.95770000,234.00000000,0.9651
1749265693,0.95760000,371.05000000,0.9651
1749265693,0.95750000,204.65000000,0.9651
1749265693,0.95710000,137.05000000,0.9651
1749265693,0.95690000,370.95000000,0.9651
1749265693,0.95680000,269.61000000,0.9651
1749265693,0.95670000,438.65000000,0.9651
1749265693,0.95650000,136.95000000,0.9651
1749265693,0.95630000,89.96000000,0.9651
1749265693,0.95620000,136.95000000,0.9651
1749265693,0.95600000,685.78000000,0.9651
1749265693,0.95590000,204.65000000,0.9651
1749265693,0.95510000,204.65000000,0.9651
1749265693,0.95500000,10.00000000,0.9651
1749265693,0.95480000,11.22000000,0.9651
1749265693,0.95450000,166.72000000,0.9651
1749265693,0.95440000,15.75000000,0.9651
1749265693,0.95430000,264.71000000,0.9651
1749265693,0.95400000,10.00000000,0.9651
1749265693,0.95340000,756.19000000,0.9651
1749265693,0.95310000,529.80000000,0.9651
1749265693,0.95300000,10.00000000,0.9651
1749265693,0.95270000,204.65000000,0.9651
1749265693,0.95200000,10.00000000,0.9651
1749265693,0.95190000,256.53000000,0.9651
1749265693,0.95180000,2087.99000000,0.9651
1749265693,0.95160000,83.95000000,0.9651
1749265693,0.95120000,244.81000000,0.9651
1749265693,0.95110000,204.65000000,0.9651
1749265693,0.95100000,10.00000000,0.9651
1749265693,0.95080000,761.00000000,0.9651
1749265693,0.95060000,26.30000000,0.9651
1749265693,0.95050000,8.44000000,0.9651
1749265693,0.95030000,204.65000000,0.9651
1749265693,0.95000000,32.61000000,0.9651
1749265693,0.94960000,5.37000000,0.9651
1749265693,0.94950000,2275.58000000,0.9651
1749265693,0.94900000,10.00000000,0.9651
1749265693,0.94830000,17.49000000,0.9651
1749265693,0.94800000,10.00000000,0.9651
1749265693,0.94790000,204.65000000,0.9651
1749265693,0.94700000,10.00000000,0.9651
1749265693,0.94650000,20.00000000,0.9651
1749265693,0.94640000,82.91000000,0.9651
1749265693,0.94630000,204.65000000,0.9651
1749265693,0.94600000,10.00000000,0.9651
1749265693,0.94560000,537.64000000,0.9651
1749265693,0.94550000,11.33000000,0.9651
1749265693,0.94520000,204.65000000,0.9651
1749265693,0.94500000,1126.30000000,0.9651
1749265995,0.96520000,234.00000000,0.9671
1749265995,0.96470000,348.20000000,0.9671
1749265995,0.96460000,438.65000000,0.9671
1749265995,0.96430000,234.00000000,0.9671
1749265995,0.96400000,262.94000000,0.9671
1749265995,0.96390000,296.32000000,0.9671
1749265995,0.96380000,430.20000000,0.9671
1749265995,0.96370000,62.28000000,0.9671
1749265995,0.96360000,234.00000000,0.9671
1749265995,0.96350000,370.57000000,0.9671
1749265995,0.96330000,373.27000000,0.9671
1749265995,0.96320000,234.00000000,0.9671
1749265995,0.96310000,370.57000000,0.9671
1749265995,0.96300000,438.65000000,0.9671
1749265995,0.96290000,136.82000000,0.9671
1749265995,0.96280000,234.00000000,0.9671
1749265995,0.96270000,530.09000000,0.9671
1749265995,0.96260000,447.31000000,0.9671
1749265995,0.96250000,469.17000000,0.9671
1749265995,0.96240000,136.81000000,0.9671
1749265995,0.96220000,234.00000000,0.9671
1749265995,0.96210000,438.65000000,0.9671
1749265995,0.96200000,234.00000000,0.9671
1749265995,0.96190000,136.81000000,0.9671
1749265995,0.96180000,370.96000000,0.9671
1749265995,0.96170000,234.00000000,0.9671
1749265995,0.96160000,231.57000000,0.9671
1749265995,0.96150000,47.17000000,0.9671
1749265995,0.96140000,234.00000000,0.9671
1749265995,0.96130000,136.68000000,0.9671
1749265995,0.96120000,309.65000000,0.9671
1749265995,0.96110000,371.05000000,0.9671
1749265995,0.96100000,542.19000000,0.9671
1749265995,0.96090000,466.66000000,0.9671
1749265995,0.96070000,371.05000000,0.9671
1749265995,0.96060000,418.33000000,0.9671
1749265995,0.96040000,234.00000000,0.9671
1749265995,0.96030000,137.09000000,0.9671
1749265995,0.96010000,234.00000000,0.9671
1749265995,0.96000000,137.09000000,0.9671
1749265995,0.95980000,234.00000000,0.9671
1749265995,0.95970000,204.65000000,0.9671
1749265995,0.95960000,136.95000000,0.9671
1749265995,0.95920000,137.09000000,0.9671
1749265995,0.95910000,137.09000000,0.9671
1749265995,0.95860000,137.09000000,0.9671
1749265995,0.95840000,136.95000000,0.9671
1749265995,0.95830000,211.90000000,0.9671
1749265995,0.95810000,191.52000000,0.9671
1749265995,0.95790000,137.05000000,0.9671
1749265995,0.95770000,54.34000000,0.9671
1749265995,0.95760000,137.05000000,0.9671
1749265995,0.95750000,425.51000000,0.9671
1749265995,0.95740000,753.03000000,0.9671
1749265995,0.95710000,137.05000000,0.9671
1749265995,0.95690000,2711.47000000,0.9671
1749265995,0.95680000,83.52000000,0.9671
1749265995,0.95670000,204.65000000,0.9671
1749265995,0.95660000,65.39000000,0.9671
1749265995,0.95650000,136.95000000,0.9671
1749265995,0.95630000,89.96000000,0.9671
1749265995,0.95620000,136.95000000,0.9671
1749265995,0.95610000,13693.08000000,0.9671
1749265995,0.95600000,685.78000000,0.9671
1749265995,0.95590000,204.65000000,0.9671
1749265995,0.95510000,204.65000000,0.9671
1749265995,0.95500000,10.00000000,0.9671
1749265995,0.95480000,11.22000000,0.9671
1749265995,0.95440000,54.49000000,0.9671
1749265995,0.95430000,793.84000000,0.9671
1749265995,0.95400000,10.00000000,0.9671
1749265995,0.95390000,758.53000000,0.9671
1749265995,0.95340000,15.76000000,0.9671
1749265995,0.95300000,10.00000000,0.9671
1749265995,0.95270000,204.65000000,0.9671
1749265995,0.95230000,544.67000000,0.9671
1749265995,0.95200000,10.00000000,0.9671
1749265995,0.95190000,204.65000000,0.9671
1749265995,0.95180000,2087.99000000,0.9671
1749265995,0.95160000,83.95000000,0.9671
1749265995,0.95120000,2314.67000000,0.9671
1749265995,0.95110000,204.65000000,0.9671
1749265995,0.95100000,10.00000000,0.9671
1749265995,0.95060000,26.30000000,0.9671
1749265995,0.95050000,8.44000000,0.9671
1749265995,0.95030000,204.65000000,0.9671
1749265995,0.95000000,32.61000000,0.9671
1749265995,0.94950000,204.65000000,0.9671
1749265995,0.94900000,10.00000000,0.9671
1749265995,0.94830000,17.49000000,0.9671
1749265995,0.94800000,10.00000000,0.9671
1749265995,0.94790000,204.65000000,0.9671
1749265995,0.94700000,10.00000000,0.9671
1749265995,0.94650000,20.00000000,0.9671
1749265995,0.94640000,82.91000000,0.9671
1749265995,0.94630000,204.65000000,0.9671
1749265995,0.94600000,10.00000000,0.9671
1749265995,0.94560000,537.64000000,0.9671
1749265995,0.94550000,11.33000000,0.9671
1749265995,0.94520000,204.65000000,0.9671
1749266301,0.96270000,234.00000000,0.9638
1749266301,0.96260000,447.31000000,0.9638
1749266301,0.96230000,14.47000000,0.9638
1749266301,0.96220000,234.00000000,0.9638
1749266301,0.96210000,234.00000000,0.9638
1749266301,0.96200000,234.00000000,0.9638
1749266301,0.96190000,234.00000000,0.9638
1749266301,0.96180000,234.00000000,0.9638
1749266301,0.96170000,279.88000000,0.9638
1749266301,0.96160000,465.57000000,0.9638
1749266301,0.96150000,168.85000000,0.9638
1749266301,0.96140000,234.00000000,0.9638
1749266301,0.96130000,297.84000000,0.9638
1749266301,0.96120000,460.16000000,0.9638
1749266301,0.96110000,234.00000000,0.9638
1749266301,0.96100000,438.65000000,0.9638
1749266301,0.96090000,908.32000000,0.9638
1749266301,0.96080000,370.69000000,0.9638
1749266301,0.96060000,254.37000000,0.9638
1749266301,0.96050000,370.72000000,0.9638
1749266301,0.96040000,753.08000000,0.9638
1749266301,0.96020000,370.72000000,0.9638
1749266301,0.96000000,391.42000000,0.9638
1749266301,0.95990000,370.69000000,0.9638
1749266301,0.95970000,575.43000000,0.9638
1749266301,0.95960000,234.00000000,0.9638
1749266301,0.95920000,425.65000000,0.9638
1749266301,0.95860000,437.22000000,0.9638
1749266301,0.95850000,448.17000000,0.9638
1749266301,0.95840000,329.96000000,0.9638
1749266301,0.95830000,549.44000000,0.9638
1749266301,0.95810000,54.57000000,0.9638
1749266301,0.95800000,234.00000000,0.9638
1749266301,0.95770000,425.09000000,0.9638
1749266301,0.95750000,349.63000000,0.9638
1749266301,0.95740000,753.03000000,0.9638
1749266301,0.95680000,162.09000000,0.9638
1749266301,0.95670000,204.65000000,0.9638
1749266301,0.95630000,145.89000000,0.9638
1749266301,0.95620000,95.96000000,0.9638
1749266301,0.95610000,13693.08000000,0.9638
1749266301,0.95600000,10.00000000,0.9638
1749266301,0.95590000,204.65000000,0.9638
1749266301,0.95510000,204.65000000,0.9638
1749266301,0.95500000,10.00000000,0.9638
1749266301,0.95480000,11.22000000,0.9638
1749266301,0.95440000,127.90000000,0.9638
1749266301,0.95430000,960.63000000,0.9638
1749266301,0.95410000,55.61000000,0.9638
1749266301,0.95400000,10.00000000,0.9638
1749266301,0.95390000,1436.56000000,0.9638
1749266301,0.95310000,55.77000000,0.9638
1749266301,0.95300000,10.00000000,0.9638
1749266301,0.95270000,204.65000000,0.9638
1749266301,0.95230000,2617.53000000,0.9638
1749266301,0.95200000,10.00000000,0.9638
1749266301,0.95190000,204.65000000,0.9638
1749266301,0.95160000,83.95000000,0.9638
1749266301,0.95120000,579.49000000,0.9638
1749266301,0.95110000,204.65000000,0.9638
1749266301,0.95100000,10.00000000,0.9638
1749266301,0.95060000,26.30000000,0.9638
1749266301,0.95050000,8.44000000,0.9638
1749266301,0.95030000,204.65000000,0.9638
1749266301,0.95000000,32.61000000,0.9638
1749266301,0.94950000,204.65000000,0.9638
1749266301,0.94900000,10.00000000,0.9638
1749266301,0.94830000,17.49000000,0.9638
1749266301,0.94800000,10.00000000,0.9638
1749266301,0.94790000,204.65000000,0.9638
1749266301,0.94700000,10.00000000,0.9638
1749266301,0.94650000,20.00000000,0.9638
1749266301,0.94640000,82.91000000,0.9638
1749266301,0.94630000,204.65000000,0.9638
1749266301,0.94600000,10.00000000,0.9638
1749266301,0.94550000,11.33000000,0.9638
1749266301,0.94530000,105.60000000,0.9638
1749266301,0.94520000,204.65000000,0.9638
1749266301,0.94500000,36.30000000,0.9638
1749266301,0.94450000,12.60000000,0.9638
1749266301,0.94440000,9.94000000,0.9638
1749266301,0.94430000,160.00000000,0.9638
1749266301,0.94410000,13.75000000,0.9638
1749266301,0.94400000,10.00000000,0.9638
1749266301,0.94360000,204.65000000,0.9638
1749266301,0.94310000,369.65000000,0.9638
1749266301,0.94300000,10.00000000,0.9638
1749266301,0.94240000,64.91000000,0.9638
1749266301,0.94200000,10.00000000,0.9638
1749266301,0.94120000,83.02000000,0.9638
1749266301,0.94100000,10.00000000,0.9638
1749266301,0.94000000,847.72000000,0.9638
1749266301,0.93970000,2072.86000000,0.9638
1749266301,0.93950000,15.93000000,0.9638
1749266301,0.93910000,297.71000000,0.9638
1749266301,0.93900000,10.00000000,0.9638
1749266301,0.93880000,64.34000000,0.9638
1749266301,0.93840000,1689.46000000,0.9638
1749266301,0.93800000,10.00000000,0.9638
1749266301,0.93760000,31.95000000,0.9638
1749266608,0.96540000,785.28000000,0.9655
1749266608,0.96500000,34.84000000,0.9655
1749266608,0.96490000,234.00000000,0.9655
1749266608,0.96470000,88.53000000,0.9655
1749266608,0.96460000,234.00000000,0.9655
1749266608,0.96450000,204.65000000,0.9655
1749266608,0.96430000,63.24000000,0.9655
1749266608,0.96420000,234.00000000,0.9655
1749266608,0.96410000,62.34000000,0.9655
1749266608,0.96400000,225.50000000,0.9655
1749266608,0.96380000,112.94000000,0.9655
1749266608,0.96370000,438.65000000,0.9655
1749266608,0.96350000,187.33000000,0.9655
1749266608,0.96340000,234.00000000,0.9655
1749266608,0.96330000,207.00000000,0.9655
1749266608,0.96320000,136.75000000,0.9655
1749266608,0.96310000,466.97000000,0.9655
1749266608,0.96300000,421.11000000,0.9655
1749266608,0.96290000,281.13000000,0.9655
1749266608,0.96280000,438.65000000,0.9655
1749266608,0.96270000,611.64000000,0.9655
1749266608,0.96260000,847.00000000,0.9655
1749266608,0.96250000,234.00000000,0.9655
1749266608,0.96220000,193.58000000,0.9655
1749266608,0.96210000,234.00000000,0.9655
1749266608,0.96200000,370.62000000,0.9655
1749266608,0.96190000,495.32000000,0.9655
1749266608,0.96180000,234.00000000,0.9655
1749266608,0.96170000,136.64000000,0.9655
1749266608,0.96160000,234.00000000,0.9655
1749266608,0.96150000,290.67000000,0.9655
1749266608,0.96140000,103.51000000,0.9655
1749266608,0.96130000,137.01000000,0.9655
1749266608,0.96120000,234.00000000,0.9655
1749266608,0.96110000,371.10000000,0.9655
1749266608,0.96100000,438.65000000,0.9655
1749266608,0.96090000,234.00000000,0.9655
1749266608,0.96080000,370.69000000,0.9655
1749266608,0.96070000,234.00000000,0.9655
1749266608,0.96060000,13910.21000000,0.9655
1749266608,0.96050000,370.72000000,0.9655
1749266608,0.96040000,235.69000000,0.9655
1749266608,0.96030000,234.00000000,0.9655
1749266608,0.96020000,370.72000000,0.9655
1749266608,0.96010000,519.25000000,0.9655
1749266608,0.95990000,136.69000000,0.9655
1749266608,0.95980000,461.65000000,0.9655
1749266608,0.95970000,341.43000000,0.9655
1749266608,0.95920000,374.50000000,0.9655
1749266608,0.95890000,136.98000000,0.9655
1749266608,0.95860000,136.72000000,0.9655
1749266608,0.95850000,136.69000000,0.9655
1749266608,0.95830000,211.90000000,0.9655
1749266608,0.95810000,191.64000000,0.9655
1749266608,0.95770000,191.09000000,0.9655
1749266608,0.95750000,341.40000000,0.9655
1749266608,0.95690000,232.61000000,0.9655
1749266608,0.95680000,83.52000000,0.9655
1749266608,0.95670000,204.65000000,0.9655
1749266608,0.95650000,63.16000000,0.9655
1749266608,0.95640000,137.07000000,0.9655
1749266608,0.95630000,89.96000000,0.9655
1749266608,0.95620000,59.15000000,0.9655
1749266608,0.95610000,13.14000000,0.9655
1749266608,0.95600000,810.81000000,0.9655
1749266608,0.95590000,204.65000000,0.9655
1749266608,0.95510000,204.65000000,0.9655
1749266608,0.95500000,10.00000000,0.9655
1749266608,0.95490000,755.00000000,0.9655
1749266608,0.95480000,11.22000000,0.9655
1749266608,0.95440000,8.04000000,0.9655
1749266608,0.95430000,793.84000000,0.9655
1749266608,0.95400000,10.00000000,0.9655
1749266608,0.95360000,15.76000000,0.9655
1749266608,0.95300000,10.00000000,0.9655
1749266608,0.95270000,204.65000000,0.9655
1749266608,0.95230000,544.67000000,0.9655
1749266608,0.95200000,10.00000000,0.9655
1749266608,0.95190000,204.65000000,0.9655
1749266608,0.95170000,364.12000000,0.9655
1749266608,0.95160000,83.95000000,0.9655
1749266608,0.95140000,927.60000000,0.9655
1749266608,0.95110000,204.65000000,0.9655
1749266608,0.95100000,10.00000000,0.9655
1749266608,0.95070000,2072.97000000,0.9655
1749266608,0.95060000,26.30000000,0.9655
1749266608,0.95050000,8.44000000,0.9655
1749266608,0.95030000,204.65000000,0.9655
1749266608,0.95000000,32.61000000,0.9655
1749266608,0.94950000,204.65000000,0.9655
1749266608,0.94900000,10.00000000,0.9655
1749266608,0.94830000,17.49000000,0.9655
1749266608,0.94800000,10.00000000,0.9655
1749266608,0.94790000,204.65000000,0.9655
1749266608,0.94700000,10.00000000,0.9655
1749266608,0.94650000,20.00000000,0.9655
1749266608,0.94640000,82.91000000,0.9655
1749266608,0.94630000,204.65000000,0.9655
1749266608,0.94600000,10.00000000,0.9655
1749266608,0.94560000,105.56000000,0.9655
1749266909,0.96330000,249.25000000,0.9643
1749266909,0.96310000,234.00000000,0.9643
1749266909,0.96280000,204.65000000,0.9643
1749266909,0.96220000,15.78000000,0.9643
1749266909,0.96210000,296.46000000,0.9643
1749266909,0.96200000,145.85000000,0.9643
1749266909,0.96190000,522.47000000,0.9643
1749266909,0.96180000,438.65000000,0.9643
1749266909,0.96150000,52.03000000,0.9643
1749266909,0.96140000,234.00000000,0.9643
1749266909,0.96130000,136.96000000,0.9643
1749266909,0.96120000,422.99000000,0.9643
1749266909,0.96110000,441.00000000,0.9643
1749266909,0.96100000,714.85000000,0.9643
1749266909,0.96090000,920.67000000,0.9643
1749266909,0.96080000,625.42000000,0.9643
1749266909,0.96070000,137.05000000,0.9643
1749266909,0.96060000,234.00000000,0.9643
1749266909,0.96050000,137.05000000,0.9643
1749266909,0.96040000,234.00000000,0.9643
1749266909,0.96030000,371.02000000,0.9643
1749266909,0.96020000,471.46000000,0.9643
1749266909,0.96010000,469.76000000,0.9643
1749266909,0.96000000,463.60000000,0.9643
1749266909,0.95990000,234.00000000,0.9643
1749266909,0.95980000,371.12000000,0.9643
1749266909,0.95970000,438.65000000,0.9643
1749266909,0.95960000,234.00000000,0.9643
1749266909,0.95950000,370.75000000,0.9643
1749266909,0.95930000,466.13000000,0.9643
1749266909,0.95920000,370.92000000,0.9643
1749266909,0.95910000,234.00000000,0.9643
1749266909,0.95890000,370.92000000,0.9643
1749266909,0.95880000,337.51000000,0.9643
1749266909,0.95860000,371.05000000,0.9643
1749266909,0.95850000,136.69000000,0.9643
1749266909,0.95830000,211.90000000,0.9643
1749266909,0.95820000,137.05000000,0.9643
1749266909,0.95810000,54.57000000,0.9643
1749266909,0.95780000,137.12000000,0.9643
1749266909,0.95770000,54.34000000,0.9643
1749266909,0.95760000,136.75000000,0.9643
1749266909,0.95750000,717.83000000,0.9643
1749266909,0.95740000,51.07000000,0.9643
1749266909,0.95730000,136.75000000,0.9643
1749266909,0.95720000,72.10000000,0.9643
1749266909,0.95700000,136.75000000,0.9643
1749266909,0.95690000,95.54000000,0.9643
1749266909,0.95680000,83.52000000,0.9643
1749266909,0.95670000,341.70000000,0.9643
1749266909,0.95650000,13687.35000000,0.9643
1749266909,0.95640000,635.93000000,0.9643
1749266909,0.95630000,89.96000000,0.9643
1749266909,0.95600000,10.00000000,0.9643
1749266909,0.95590000,341.70000000,0.9643
1749266909,0.95580000,137.12000000,0.9643
1749266909,0.95540000,137.12000000,0.9643
1749266909,0.95510000,204.65000000,0.9643
1749266909,0.95500000,72.61000000,0.9643
1749266909,0.95490000,755.00000000,0.9643
1749266909,0.95480000,11.22000000,0.9643
1749266909,0.95440000,8.04000000,0.9643
1749266909,0.95430000,793.84000000,0.9643
1749266909,0.95400000,10.00000000,0.9643
1749266909,0.95390000,672.90000000,0.9643
1749266909,0.95300000,176.86000000,0.9643
1749266909,0.95280000,2075.55000000,0.9643
1749266909,0.95270000,204.65000000,0.9643
1749266909,0.95260000,15.78000000,0.9643
1749266909,0.95230000,544.67000000,0.9643
1749266909,0.95200000,10.00000000,0.9643
1749266909,0.95190000,204.65000000,0.9643
1749266909,0.95170000,364.12000000,0.9643
1749266909,0.95160000,83.95000000,0.9643
1749266909,0.95140000,760.53000000,0.9643
1749266909,0.95110000,204.65000000,0.9643
1749266909,0.95100000,10.00000000,0.9643
1749266909,0.95060000,26.30000000,0.9643
1749266909,0.95050000,8.44000000,0.9643
1749266909,0.95030000,204.65000000,0.9643
1749266909,0.95000000,32.61000000,0.9643
1749266909,0.94950000,204.65000000,0.9643
1749266909,0.94900000,10.00000000,0.9643
1749266909,0.94830000,17.49000000,0.9643
1749266909,0.94800000,10.00000000,0.9643
1749266909,0.94790000,204.65000000,0.9643
1749266909,0.94700000,10.00000000,0.9643
1749266909,0.94650000,20.00000000,0.9643
1749266909,0.94640000,82.91000000,0.9643
1749266909,0.94630000,204.65000000,0.9643
1749266909,0.94600000,10.00000000,0.9643
1749266909,0.94550000,11.33000000,0.9643
1749266909,0.94520000,204.65000000,0.9643
1749266909,0.94500000,36.30000000,0.9643
1749266909,0.94450000,12.60000000,0.9643
1749266909,0.94440000,9.94000000,0.9643
1749266909,0.94430000,160.00000000,0.9643
1749266909,0.94400000,10.00000000,0.9643
1749266909,0.94390000,314.75000000,0.9643
1749266909,0.94360000,204.65000000,0.9643
1749267211,0.96490000,465.53000000,0.9649
1749267211,0.96480000,234.00000000,0.9649
1749267211,0.96470000,520.69000000,0.9649
1749267211,0.96460000,1835.90000000,0.9649
1749267211,0.96420000,5.19000000,0.9649
1749267211,0.96390000,234.00000000,0.9649
1749267211,0.96380000,52.96000000,0.9649
1749267211,0.96370000,353.25000000,0.9649
1749267211,0.96360000,338.01000000,0.9649
1749267211,0.96350000,521.94000000,0.9649
1749267211,0.96340000,438.65000000,0.9649
1749267211,0.96330000,234.00000000,0.9649
1749267211,0.96320000,370.78000000,0.9649
1749267211,0.96310000,441.00000000,0.9649
1749267211,0.96300000,558.56000000,0.9649
1749267211,0.96290000,234.00000000,0.9649
1749267211,0.96280000,370.54000000,0.9649
1749267211,0.96260000,234.00000000,0.9649
1749267211,0.96250000,370.54000000,0.9649
1749267211,0.96240000,234.00000000,0.9649
1749267211,0.96220000,370.54000000,0.9649
1749267211,0.96210000,495.24000000,0.9649
1749267211,0.96190000,370.78000000,0.9649
1749267211,0.96180000,370.54000000,0.9649
1749267211,0.96150000,234.00000000,0.9649
1749267211,0.96140000,426.82000000,0.9649
1749267211,0.96130000,234.00000000,0.9649
1749267211,0.96120000,292.08000000,0.9649
1749267211,0.96110000,234.00000000,0.9649
1749267211,0.96100000,438.65000000,0.9649
1749267211,0.96080000,370.54000000,0.9649
1749267211,0.96070000,84.88000000,0.9649
1749267211,0.96060000,13862.93000000,0.9649
1749267211,0.96050000,370.78000000,0.9649
1749267211,0.96030000,136.54000000,0.9649
1749267211,0.96010000,234.00000000,0.9649
1749267211,0.96000000,229.60000000,0.9649
1749267211,0.95980000,136.54000000,0.9649
1749267211,0.95970000,204.65000000,0.9649
1749267211,0.95940000,136.78000000,0.9649
1749267211,0.95840000,136.54000000,0.9649
1749267211,0.95830000,211.90000000,0.9649
1749267211,0.95770000,54.34000000,0.9649
1749267211,0.95750000,204.65000000,0.9649
1749267211,0.95740000,51.07000000,0.9649
1749267211,0.95720000,72.10000000,0.9649
1749267211,0.95680000,154.00000000,0.9649
1749267211,0.95670000,204.65000000,0.9649
1749267211,0.95630000,161.02000000,0.9649
1749267211,0.95610000,57.04000000,0.9649
1749267211,0.95600000,688.97000000,0.9649
1749267211,0.95590000,204.65000000,0.9649
1749267211,0.95550000,57.04000000,0.9649
1749267211,0.95510000,204.65000000,0.9649
1749267211,0.95500000,61.52000000,0.9649
1749267211,0.95490000,755.00000000,0.9649
1749267211,0.95480000,11.22000000,0.9649
1749267211,0.95450000,15.74000000,0.9649
1749267211,0.95440000,11.19000000,0.9649
1749267211,0.95430000,793.84000000,0.9649
1749267211,0.95400000,10.00000000,0.9649
1749267211,0.95300000,10.00000000,0.9649
1749267211,0.95270000,204.65000000,0.9649
1749267211,0.95230000,544.67000000,0.9649
1749267211,0.95200000,10.00000000,0.9649
1749267211,0.95190000,204.65000000,0.9649
1749267211,0.95170000,2434.94000000,0.9649
1749267211,0.95160000,83.95000000,0.9649
1749267211,0.95140000,760.53000000,0.9649
1749267211,0.95110000,204.65000000,0.9649
1749267211,0.95100000,10.00000000,0.9649
1749267211,0.95060000,26.30000000,0.9649
1749267211,0.95050000,8.44000000,0.9649
1749267211,0.95030000,204.65000000,0.9649
1749267211,0.95020000,166.84000000,0.9649
1749267211,0.95000000,32.61000000,0.9649
1749267211,0.94950000,204.65000000,0.9649
1749267211,0.94900000,10.00000000,0.9649
1749267211,0.94830000,17.49000000,0.9649
1749267211,0.94800000,10.00000000,0.9649
1749267211,0.94790000,204.65000000,0.9649
1749267211,0.94700000,10.00000000,0.9649
1749267211,0.94650000,20.00000000,0.9649
1749267211,0.94640000,82.91000000,0.9649
1749267211,0.94630000,310.13000000,0.9649
1749267211,0.94600000,10.00000000,0.9649
1749267211,0.94560000,6.35000000,0.9649
1749267211,0.94550000,11.33000000,0.9649
1749267211,0.94520000,204.65000000,0.9649
1749267211,0.94500000,36.30000000,0.9649
1749267211,0.94460000,734.60000000,0.9649
1749267211,0.94450000,12.60000000,0.9649
1749267211,0.94440000,9.94000000,0.9649
1749267211,0.94430000,160.00000000,0.9649
1749267211,0.94410000,13.75000000,0.9649
1749267211,0.94400000,10.00000000,0.9649
1749267211,0.94360000,204.65000000,0.9649
1749267211,0.94300000,10.00000000,0.9649
1749267211,0.94240000,64.91000000,0.9649
1749267211,0.94200000,10.00000000,0.9649
1749267513,0.96360000,234.00000000,0.9638
1749267513,0.96310000,33.37000000,0.9638
1749267513,0.96300000,234.00000000,0.9638
1749267513,0.96290000,443.85000000,0.9638
1749267513,0.96250000,234.00000000,0.9638
1749267513,0.96240000,62.45000000,0.9638
1749267513,0.96230000,234.00000000,0.9638
1749267513,0.96220000,689.79000000,0.9638
1749267513,0.96210000,438.65000000,0.9638
1749267513,0.96180000,234.00000000,0.9638
1749267513,0.96160000,578.35000000,0.9638
1749267513,0.96150000,462.62000000,0.9638
1749267513,0.96140000,762.07000000,0.9638
1749267513,0.96130000,234.00000000,0.9638
1749267513,0.96120000,370.66000000,0.9638
1749267513,0.96110000,279.87000000,0.9638
1749267513,0.96100000,674.19000000,0.9638
1749267513,0.96090000,370.66000000,0.9638
1749267513,0.96060000,234.00000000,0.9638
1749267513,0.96040000,602.52000000,0.9638
1749267513,0.96030000,655.80000000,0.9638
1749267513,0.96010000,234.00000000,0.9638
1749267513,0.96000000,463.60000000,0.9638
1749267513,0.95970000,676.23000000,0.9638
1749267513,0.95960000,370.82000000,0.9638
1749267513,0.95940000,370.73000000,0.9638
1749267513,0.95930000,198.05000000,0.9638
1749267513,0.95920000,234.00000000,0.9638
1749267513,0.95890000,428.49000000,0.9638
1749267513,0.95860000,428.49000000,0.9638
1749267513,0.95850000,136.58000000,0.9638
1749267513,0.95840000,84.83000000,0.9638
1749267513,0.95830000,211.90000000,0.9638
1749267513,0.95770000,54.34000000,0.9638
1749267513,0.95760000,136.82000000,0.9638
1749267513,0.95750000,717.83000000,0.9638
1749267513,0.95740000,51.07000000,0.9638
1749267513,0.95730000,136.82000000,0.9638
1749267513,0.95720000,72.10000000,0.9638
1749267513,0.95690000,136.82000000,0.9638
1749267513,0.95680000,154.00000000,0.9638
1749267513,0.95670000,204.65000000,0.9638
1749267513,0.95640000,136.82000000,0.9638
1749267513,0.95630000,161.02000000,0.9638
1749267513,0.95610000,57.04000000,0.9638
1749267513,0.95600000,688.97000000,0.9638
1749267513,0.95590000,204.65000000,0.9638
1749267513,0.95550000,66.36000000,0.9638
1749267513,0.95520000,58.95000000,0.9638
1749267513,0.95510000,220.88000000,0.9638
1749267513,0.95500000,13814.59000000,0.9638
1749267513,0.95490000,755.00000000,0.9638
1749267513,0.95480000,11.22000000,0.9638
1749267513,0.95440000,51.42000000,0.9638
1749267513,0.95430000,793.84000000,0.9638
1749267513,0.95400000,10.00000000,0.9638
1749267513,0.95340000,15.76000000,0.9638
1749267513,0.95300000,10.00000000,0.9638
1749267513,0.95290000,11.19000000,0.9638
1749267513,0.95270000,204.65000000,0.9638
1749267513,0.95230000,544.67000000,0.9638
1749267513,0.95220000,2072.97000000,0.9638
1749267513,0.95210000,166.94000000,0.9638
1749267513,0.95200000,10.00000000,0.9638
1749267513,0.95190000,204.65000000,0.9638
1749267513,0.95170000,364.12000000,0.9638
1749267513,0.95160000,83.95000000,0.9638
1749267513,0.95140000,760.53000000,0.9638
1749267513,0.95110000,204.65000000,0.9638
1749267513,0.95100000,10.00000000,0.9638
1749267513,0.95060000,26.30000000,0.9638
1749267513,0.95050000,8.44000000,0.9638
1749267513,0.95030000,204.65000000,0.9638
1749267513,0.95000000,32.61000000,0.9638
1749267513,0.94950000,204.65000000,0.9638
1749267513,0.94900000,10.00000000,0.9638
1749267513,0.94830000,17.49000000,0.9638
1749267513,0.94800000,10.00000000,0.9638
1749267513,0.94790000,204.65000000,0.9638
1749267513,0.94700000,10.00000000,0.9638
1749267513,0.94650000,20.00000000,0.9638
1749267513,0.94640000,82.91000000,0.9638
1749267513,0.94630000,204.65000000,0.9638
1749267513,0.94600000,10.00000000,0.9638
1749267513,0.94560000,6.35000000,0.9638
1749267513,0.94550000,11.33000000,0.9638
1749267513,0.94520000,204.65000000,0.9638
1749267513,0.94510000,104.75000000,0.9638
1749267513,0.94500000,36.30000000,0.9638
1749267513,0.94460000,734.60000000,0.9638
1749267513,0.94450000,12.60000000,0.9638
1749267513,0.94440000,9.94000000,0.9638
1749267513,0.94430000,160.00000000,0.9638
1749267513,0.94400000,10.00000000,0.9638
1749267513,0.94360000,204.65000000,0.9638
1749267513,0.94320000,15.87000000,0.9638
1749267513,0.94310000,13.77000000,0.9638
1749267513,0.94300000,10.00000000,0.9638
1749267513,0.94240000,64.91000000,0.9638
1749267513,0.94200000,10.00000000,0.9638
1749267814,0.96420000,468.00000000,0.9646
1749267814,0.96410000,5.19000000,0.9646
1749267814,0.96400000,264.35000000,0.9646
1749267814,0.96370000,234.00000000,0.9646
1749267814,0.96330000,18.22000000,0.9646
1749267814,0.96320000,234.00000000,0.9646
1749267814,0.96310000,63.26000000,0.9646
1749267814,0.96300000,234.00000000,0.9646
1749267814,0.96290000,501.03000000,0.9646
1749267814,0.96280000,505.61000000,0.9646
1749267814,0.96260000,62.38000000,0.9646
1749267814,0.96230000,234.00000000,0.9646
1749267814,0.96220000,401.40000000,0.9646
1749267814,0.96210000,438.65000000,0.9646
1749267814,0.96200000,234.00000000,0.9646
1749267814,0.96190000,234.00000000,0.9646
1749267814,0.96180000,207.39000000,0.9646
1749267814,0.96170000,625.16000000,0.9646
1749267814,0.96160000,234.00000000,0.9646
1749267814,0.96150000,234.00000000,0.9646
1749267814,0.96140000,234.00000000,0.9646
1749267814,0.96130000,234.00000000,0.9646
1749267814,0.96120000,234.00000000,0.9646
1749267814,0.96110000,234.00000000,0.9646
1749267814,0.96100000,674.19000000,0.9646
1749267814,0.96090000,234.00000000,0.9646
1749267814,0.96070000,518.92000000,0.9646
1749267814,0.96060000,234.00000000,0.9646
1749267814,0.96040000,465.86000000,0.9646
1749267814,0.96030000,234.00000000,0.9646
1749267814,0.96010000,234.00000000,0.9646
1749267814,0.96000000,463.60000000,0.9646
1749267814,0.95970000,676.23000000,0.9646
1749267814,0.95960000,103.59000000,0.9646
1749267814,0.95890000,57.67000000,0.9646
1749267814,0.95860000,57.67000000,0.9646
1749267814,0.95850000,512.65000000,0.9646
1749267814,0.95840000,84.83000000,0.9646
1749267814,0.95830000,211.90000000,0.9646
1749267814,0.95770000,54.34000000,0.9646
1749267814,0.95750000,204.65000000,0.9646
1749267814,0.95740000,51.07000000,0.9646
1749267814,0.95720000,72.10000000,0.9646
1749267814,0.95680000,154.00000000,0.9646
1749267814,0.95670000,204.65000000,0.9646
1749267814,0.95630000,161.02000000,0.9646
