timestamp,price,volume,current_price
1749260724,0.01575000,297061.00000000,0.01576
1749260724,0.01574000,1433017.00000000,0.01576
1749260724,0.01573000,2241355.00000000,0.01576
1749260724,0.01572000,1934078.00000000,0.01576
1749260724,0.01571000,648787.00000000,0.01576
1749260724,0.01570000,1745907.00000000,0.01576
1749260724,0.01569000,454139.00000000,0.01576
1749260724,0.01568000,3657774.00000000,0.01576
1749260724,0.01567000,422693.00000000,0.01576
1749260724,0.01566000,570101.00000000,0.01576
1749260724,0.01565000,616658.00000000,0.01576
1749260724,0.01564000,2316684.00000000,0.01576
1749260724,0.01563000,507797.00000000,0.01576
1749260724,0.01562000,127751.00000000,0.01576
1749260724,0.01561000,168626.00000000,0.01576
1749260724,0.01560000,187318.00000000,0.01576
1749260724,0.01559000,2078046.00000000,0.01576
1749260724,0.01558000,830171.00000000,0.01576
1749260724,0.01557000,522363.00000000,0.01576
1749260724,0.01556000,64125.00000000,0.01576
1749260724,0.01555000,70555.00000000,0.01576
1749260724,0.01554000,64127.00000000,0.01576
1749260724,0.01553000,86762.00000000,0.01576
1749260724,0.01552000,138367.00000000,0.01576
1749260724,0.01551000,1103341.00000000,0.01576
1749260724,0.01550000,130984.00000000,0.01576
1749260724,0.01549000,140098.00000000,0.01576
1749260724,0.01548000,275358.00000000,0.01576
1749260724,0.01547000,65731.00000000,0.01576
1749260724,0.01546000,316124.00000000,0.01576
1749260724,0.01545000,100475.00000000,0.01576
1749260724,0.01544000,64133.00000000,0.01576
1749260724,0.01543000,64134.00000000,0.01576
1749260724,0.01542000,147113.00000000,0.01576
1749260724,0.01541000,1330372.00000000,0.01576
1749260724,0.01540000,480230.00000000,0.01576
1749260724,0.01539000,636.00000000,0.01576
1749260724,0.01538000,202956.00000000,0.01576
1749260724,0.01537000,636.00000000,0.01576
1749260724,0.01536000,1268.00000000,0.01576
1749260724,0.01535000,636.00000000,0.01576
1749260724,0.01534000,1342.00000000,0.01576
1749260724,0.01533000,1543.00000000,0.01576
1749260724,0.01532000,64320.00000000,0.01576
1749260724,0.01531000,2149.00000000,0.01576
1749260724,0.01530000,362656.00000000,0.01576
1749260724,0.01529000,636.00000000,0.01576
1749260724,0.01528000,432950.00000000,0.01576
1749260724,0.01527000,1564.00000000,0.01576
1749260724,0.01526000,4919.00000000,0.01576
1749260724,0.01525000,50977.00000000,0.01576
1749260724,0.01524000,1752.00000000,0.01576
1749260724,0.01523000,636.00000000,0.01576
1749260724,0.01522000,7206.00000000,0.01576
1749260724,0.01521000,4713.00000000,0.01576
1749260724,0.01520000,94787.00000000,0.01576
1749260724,0.01519000,3382.00000000,0.01576
1749260724,0.01518000,636.00000000,0.01576
1749260724,0.01517000,636.00000000,0.01576
1749260724,0.01516000,273857.00000000,0.01576
1749260724,0.01515000,10368.00000000,0.01576
1749260724,0.01514000,1180.00000000,0.01576
1749260724,0.01513000,119205.00000000,0.01576
1749260724,0.01512000,1929.00000000,0.01576
1749260724,0.01511000,1201.00000000,0.01576
1749260724,0.01510000,23229.00000000,0.01576
1749260724,0.01509000,1342.00000000,0.01576
1749260724,0.01508000,636.00000000,0.01576
1749260724,0.01507000,1084.00000000,0.01576
1749260724,0.01506000,13912.00000000,0.01576
1749260724,0.01505000,773530.00000000,0.01576
1749260724,0.01504000,75929.00000000,0.01576
1749260724,0.01503000,2896.00000000,0.01576
1749260724,0.01502000,1505.00000000,0.01576
1749260724,0.01501000,18400.00000000,0.01576
1749260724,0.01500000,1452519.00000000,0.01576
1749260724,0.01499000,1008.00000000,0.01576
1749260724,0.01498000,822976.00000000,0.01576
1749260724,0.01497000,21460.00000000,0.01576
1749260724,0.01496000,2527.00000000,0.01576
1749260724,0.01495000,31927.00000000,0.01576
1749260724,0.01494000,2089.00000000,0.01576
1749260724,0.01493000,34787.00000000,0.01576
1749260724,0.01492000,67024.00000000,0.01576
1749260724,0.01491000,706.00000000,0.01576
1749260724,0.01490000,105919.00000000,0.01576
1749260724,0.01489000,19741.00000000,0.01576
1749260724,0.01488000,51297.00000000,0.01576
1749260724,0.01486000,9493.00000000,0.01576
1749260724,0.01485000,706.00000000,0.01576
1749260724,0.01484000,14069.00000000,0.01576
1749260724,0.01482000,19389.00000000,0.01576
1749260724,0.01481000,5400.00000000,0.01576
1749260724,0.01480000,30075.00000000,0.01576
1749260724,0.01479000,10665.00000000,0.01576
1749260724,0.01478000,397.00000000,0.01576
1749260724,0.01477000,77705.00000000,0.01576
1749260724,0.01476000,2087.00000000,0.01576
1749260724,0.01475000,56134.00000000,0.01576
1749260724,0.01474000,183875.00000000,0.01576
1749261044,0.01579000,441700.00000000,0.01579
1749261044,0.01578000,5086759.00000000,0.01579
1749261044,0.01577000,1981299.00000000,0.01579
1749261044,0.01576000,1551250.00000000,0.01579
1749261044,0.01575000,1431047.00000000,0.01579
1749261044,0.01574000,1027324.00000000,0.01579
1749261044,0.01573000,485112.00000000,0.01579
1749261044,0.01572000,1535040.00000000,0.01579
1749261044,0.01571000,995139.00000000,0.01579
1749261044,0.01570000,1889404.00000000,0.01579
1749261044,0.01569000,2772349.00000000,0.01579
1749261044,0.01568000,2437161.00000000,0.01579
1749261044,0.01567000,425674.00000000,0.01579
1749261044,0.01566000,213002.00000000,0.01579
1749261044,0.01565000,213708.00000000,0.01579
1749261044,0.01564000,197437.00000000,0.01579
1749261044,0.01563000,518422.00000000,0.01579
1749261044,0.01562000,901565.00000000,0.01579
1749261044,0.01561000,544472.00000000,0.01579
1749261044,0.01560000,1880930.00000000,0.01579
1749261044,0.01559000,201491.00000000,0.01579
1749261044,0.01558000,135529.00000000,0.01579
1749261044,0.01557000,127598.00000000,0.01579
1749261044,0.01556000,86002.00000000,0.01579
1749261044,0.01555000,70555.00000000,0.01579
1749261044,0.01554000,64127.00000000,0.01579
1749261044,0.01553000,64833.00000000,0.01579
1749261044,0.01552000,1386488.00000000,0.01579
1749261044,0.01551000,128640.00000000,0.01579
1749261044,0.01550000,340825.00000000,0.01579
1749261044,0.01549000,64130.00000000,0.01579
1749261044,0.01548000,65246.00000000,0.01579
1749261044,0.01547000,65731.00000000,0.01579
1749261044,0.01546000,105740.00000000,0.01579
1749261044,0.01545000,100475.00000000,0.01579
1749261044,0.01544000,64133.00000000,0.01579
1749261044,0.01543000,64134.00000000,0.01579
1749261044,0.01542000,84415.00000000,0.01579
1749261044,0.01541000,1330372.00000000,0.01579
1749261044,0.01540000,493094.00000000,0.01579
1749261044,0.01539000,636.00000000,0.01579
1749261044,0.01538000,202956.00000000,0.01579
1749261044,0.01537000,636.00000000,0.01579
1749261044,0.01536000,1268.00000000,0.01579
1749261044,0.01535000,636.00000000,0.01579
1749261044,0.01534000,1342.00000000,0.01579
1749261044,0.01533000,1543.00000000,0.01579
1749261044,0.01532000,1320.00000000,0.01579
1749261044,0.01531000,2149.00000000,0.01579
1749261044,0.01530000,299656.00000000,0.01579
1749261044,0.01529000,636.00000000,0.01579
1749261044,0.01528000,411511.00000000,0.01579
1749261044,0.01527000,1564.00000000,0.01579
1749261044,0.01526000,4919.00000000,0.01579
1749261044,0.01525000,50977.00000000,0.01579
1749261044,0.01524000,1752.00000000,0.01579
1749261044,0.01523000,636.00000000,0.01579
1749261044,0.01522000,26672.00000000,0.01579
1749261044,0.01521000,4713.00000000,0.01579
1749261044,0.01520000,94787.00000000,0.01579
1749261044,0.01519000,3382.00000000,0.01579
1749261044,0.01518000,636.00000000,0.01579
1749261044,0.01517000,215996.00000000,0.01579
1749261044,0.01516000,69511.00000000,0.01579
1749261044,0.01515000,10368.00000000,0.01579
1749261044,0.01514000,1180.00000000,0.01579
1749261044,0.01513000,119205.00000000,0.01579
1749261044,0.01512000,1929.00000000,0.01579
1749261044,0.01511000,1201.00000000,0.01579
1749261044,0.01510000,23229.00000000,0.01579
1749261044,0.01509000,1342.00000000,0.01579
1749261044,0.01508000,636.00000000,0.01579
1749261044,0.01507000,1084.00000000,0.01579
1749261044,0.01506000,13912.00000000,0.01579
1749261044,0.01505000,773530.00000000,0.01579
1749261044,0.01504000,75929.00000000,0.01579
1749261044,0.01503000,2263.00000000,0.01579
1749261044,0.01502000,871.00000000,0.01579
1749261044,0.01501000,17766.00000000,0.01579
1749261044,0.01500000,1451884.00000000,0.01579
1749261044,0.01499000,341.00000000,0.01579
1749261044,0.01498000,823644.00000000,0.01579
1749261044,0.01497000,21460.00000000,0.01579
1749261044,0.01496000,1858.00000000,0.01579
1749261044,0.01495000,31927.00000000,0.01579
1749261044,0.01494000,2758.00000000,0.01579
1749261044,0.01493000,34787.00000000,0.01579
1749261044,0.01492000,67024.00000000,0.01579
1749261044,0.01491000,706.00000000,0.01579
1749261044,0.01490000,106662.00000000,0.01579
1749261044,0.01489000,19741.00000000,0.01579
1749261044,0.01488000,51297.00000000,0.01579
1749261044,0.01486000,9493.00000000,0.01579
1749261044,0.01485000,706.00000000,0.01579
1749261044,0.01484000,14069.00000000,0.01579
1749261044,0.01482000,19389.00000000,0.01579
1749261044,0.01481000,5400.00000000,0.01579
1749261044,0.01480000,30075.00000000,0.01579
1749261044,0.01479000,10665.00000000,0.01579
1749261044,0.01478000,397.00000000,0.01579
1749261349,0.01577000,422820.00000000,0.01578
1749261349,0.01576000,1995839.00000000,0.01578
1749261349,0.01575000,2394230.00000000,0.01578
1749261349,0.01574000,1549481.00000000,0.01578
1749261349,0.01573000,2107887.00000000,0.01578
1749261349,0.01572000,2214088.00000000,0.01578
1749261349,0.01571000,2491605.00000000,0.01578
1749261349,0.01570000,545576.00000000,0.01578
1749261349,0.01569000,795788.00000000,0.01578
1749261349,0.01568000,2373658.00000000,0.01578
1749261349,0.01567000,862862.00000000,0.01578
1749261349,0.01566000,213002.00000000,0.01578
1749261349,0.01565000,1945211.00000000,0.01578
1749261349,0.01564000,197437.00000000,0.01578
1749261349,0.01563000,518422.00000000,0.01578
1749261349,0.01562000,286750.00000000,0.01578
1749261349,0.01561000,1167525.00000000,0.01578
1749261349,0.01560000,149773.00000000,0.01578
1749261349,0.01559000,127979.00000000,0.01578
1749261349,0.01558000,127274.00000000,0.01578
1749261349,0.01557000,127598.00000000,0.01578
1749261349,0.01556000,137778.00000000,0.01578
1749261349,0.01555000,70555.00000000,0.01578
1749261349,0.01554000,86030.00000000,0.01578
1749261349,0.01553000,64833.00000000,0.01578
1749261349,0.01552000,1310667.00000000,0.01578
1749261349,0.01551000,142176.00000000,0.01578
1749261349,0.01550000,193358.00000000,0.01578
1749261349,0.01549000,64130.00000000,0.01578
1749261349,0.01548000,65246.00000000,0.01578
1749261349,0.01547000,65731.00000000,0.01578
1749261349,0.01546000,316124.00000000,0.01578
1749261349,0.01545000,100475.00000000,0.01578
1749261349,0.01544000,64133.00000000,0.01578
1749261349,0.01543000,64134.00000000,0.01578
1749261349,0.01542000,84415.00000000,0.01578
1749261349,0.01541000,1373992.00000000,0.01578
1749261349,0.01540000,493094.00000000,0.01578
1749261349,0.01539000,636.00000000,0.01578
1749261349,0.01538000,202956.00000000,0.01578
1749261349,0.01537000,636.00000000,0.01578
1749261349,0.01536000,1268.00000000,0.01578
1749261349,0.01535000,636.00000000,0.01578
1749261349,0.01534000,1342.00000000,0.01578
1749261349,0.01533000,1543.00000000,0.01578
1749261349,0.01532000,1320.00000000,0.01578
1749261349,0.01531000,2149.00000000,0.01578
1749261349,0.01530000,299656.00000000,0.01578
1749261349,0.01529000,636.00000000,0.01578
1749261349,0.01528000,411511.00000000,0.01578
1749261349,0.01527000,1564.00000000,0.01578
1749261349,0.01526000,4919.00000000,0.01578
1749261349,0.01525000,50977.00000000,0.01578
1749261349,0.01524000,1752.00000000,0.01578
1749261349,0.01523000,636.00000000,0.01578
1749261349,0.01522000,26672.00000000,0.01578
1749261349,0.01521000,4713.00000000,0.01578
1749261349,0.01520000,94787.00000000,0.01578
1749261349,0.01519000,3382.00000000,0.01578
1749261349,0.01518000,636.00000000,0.01578
1749261349,0.01517000,215996.00000000,0.01578
1749261349,0.01516000,69511.00000000,0.01578
1749261349,0.01515000,10368.00000000,0.01578
1749261349,0.01514000,1180.00000000,0.01578
1749261349,0.01513000,119205.00000000,0.01578
1749261349,0.01512000,1929.00000000,0.01578
1749261349,0.01511000,1201.00000000,0.01578
1749261349,0.01510000,23229.00000000,0.01578
1749261349,0.01509000,1342.00000000,0.01578
1749261349,0.01508000,636.00000000,0.01578
1749261349,0.01507000,1084.00000000,0.01578
1749261349,0.01506000,13912.00000000,0.01578
1749261349,0.01505000,773530.00000000,0.01578
1749261349,0.01504000,75929.00000000,0.01578
1749261349,0.01503000,2896.00000000,0.01578
1749261349,0.01502000,1505.00000000,0.01578
1749261349,0.01501000,17766.00000000,0.01578
1749261349,0.01500000,1451884.00000000,0.01578
1749261349,0.01499000,341.00000000,0.01578
1749261349,0.01498000,823644.00000000,0.01578
1749261349,0.01497000,21460.00000000,0.01578
1749261349,0.01496000,1858.00000000,0.01578
1749261349,0.01495000,31927.00000000,0.01578
1749261349,0.01494000,2758.00000000,0.01578
1749261349,0.01493000,34787.00000000,0.01578
1749261349,0.01492000,67024.00000000,0.01578
1749261349,0.01491000,706.00000000,0.01578
1749261349,0.01490000,106662.00000000,0.01578
1749261349,0.01489000,19741.00000000,0.01578
1749261349,0.01488000,51297.00000000,0.01578
1749261349,0.01486000,9493.00000000,0.01578
1749261349,0.01485000,706.00000000,0.01578
1749261349,0.01484000,14069.00000000,0.01578
1749261349,0.01482000,19389.00000000,0.01578
1749261349,0.01481000,5400.00000000,0.01578
1749261349,0.01480000,30075.00000000,0.01578
1749261349,0.01479000,10665.00000000,0.01578
1749261349,0.01478000,397.00000000,0.01578
1749261349,0.01477000,77705.00000000,0.01578
1749261349,0.01476000,2087.00000000,0.01578
1749261651,0.01577000,289276.00000000,0.01577
1749261651,0.01576000,1423244.00000000,0.01577
1749261651,0.01575000,2353245.00000000,0.01577
1749261651,0.01574000,2489024.00000000,0.01577
1749261651,0.01573000,2384312.00000000,0.01577
1749261651,0.01572000,2152355.00000000,0.01577
1749261651,0.01571000,2270359.00000000,0.01577
1749261651,0.01570000,718520.00000000,0.01577
1749261651,0.01569000,721361.00000000,0.01577
1749261651,0.01568000,2656739.00000000,0.01577
1749261651,0.01567000,678839.00000000,0.01577
1749261651,0.01566000,213002.00000000,0.01577
1749261651,0.01565000,1945211.00000000,0.01577
1749261651,0.01564000,197437.00000000,0.01577
1749261651,0.01563000,521533.00000000,0.01577
1749261651,0.01562000,281512.00000000,0.01577
1749261651,0.01561000,1167525.00000000,0.01577
1749261651,0.01560000,147408.00000000,0.01577
1749261651,0.01559000,127979.00000000,0.01577
1749261651,0.01558000,127274.00000000,0.01577
1749261651,0.01557000,127598.00000000,0.01577
1749261651,0.01556000,132375.00000000,0.01577
1749261651,0.01555000,110442.00000000,0.01577
1749261651,0.01554000,86025.00000000,0.01577
1749261651,0.01553000,64833.00000000,0.01577
1749261651,0.01552000,1310667.00000000,0.01577
1749261651,0.01551000,136610.00000000,0.01577
1749261651,0.01550000,188782.00000000,0.01577
1749261651,0.01549000,64130.00000000,0.01577
1749261651,0.01548000,65246.00000000,0.01577
1749261651,0.01547000,65731.00000000,0.01577
1749261651,0.01546000,275222.00000000,0.01577
1749261651,0.01545000,100475.00000000,0.01577
1749261651,0.01544000,64133.00000000,0.01577
1749261651,0.01543000,64134.00000000,0.01577
1749261651,0.01542000,84415.00000000,0.01577
1749261651,0.01541000,1330372.00000000,0.01577
1749261651,0.01540000,493094.00000000,0.01577
1749261651,0.01539000,636.00000000,0.01577
1749261651,0.01538000,139956.00000000,0.01577
1749261651,0.01537000,636.00000000,0.01577
1749261651,0.01536000,1268.00000000,0.01577
1749261651,0.01535000,636.00000000,0.01577
1749261651,0.01534000,1342.00000000,0.01577
1749261651,0.01533000,1543.00000000,0.01577
1749261651,0.01532000,1320.00000000,0.01577
1749261651,0.01531000,2149.00000000,0.01577
1749261651,0.01530000,299656.00000000,0.01577
1749261651,0.01529000,636.00000000,0.01577
1749261651,0.01528000,411511.00000000,0.01577
1749261651,0.01527000,1564.00000000,0.01577
1749261651,0.01526000,4919.00000000,0.01577
1749261651,0.01525000,50977.00000000,0.01577
1749261651,0.01524000,1752.00000000,0.01577
1749261651,0.01523000,636.00000000,0.01577
1749261651,0.01522000,26672.00000000,0.01577
1749261651,0.01521000,4713.00000000,0.01577
1749261651,0.01520000,94787.00000000,0.01577
1749261651,0.01519000,3382.00000000,0.01577
1749261651,0.01518000,636.00000000,0.01577
1749261651,0.01517000,215996.00000000,0.01577
1749261651,0.01516000,64458.00000000,0.01577
1749261651,0.01515000,10368.00000000,0.01577
1749261651,0.01514000,1180.00000000,0.01577
1749261651,0.01513000,119205.00000000,0.01577
1749261651,0.01512000,1929.00000000,0.01577
1749261651,0.01511000,1201.00000000,0.01577
1749261651,0.01510000,23229.00000000,0.01577
1749261651,0.01509000,1342.00000000,0.01577
1749261651,0.01508000,636.00000000,0.01577
1749261651,0.01507000,1084.00000000,0.01577
1749261651,0.01506000,13912.00000000,0.01577
1749261651,0.01505000,773530.00000000,0.01577
1749261651,0.01504000,75929.00000000,0.01577
1749261651,0.01503000,2896.00000000,0.01577
1749261651,0.01502000,1505.00000000,0.01577
1749261651,0.01501000,19098.00000000,0.01577
1749261651,0.01500000,1451884.00000000,0.01577
1749261651,0.01499000,1008.00000000,0.01577
1749261651,0.01498000,823644.00000000,0.01577
1749261651,0.01497000,21460.00000000,0.01577
1749261651,0.01496000,1858.00000000,0.01577
1749261651,0.01495000,31927.00000000,0.01577
1749261651,0.01494000,2089.00000000,0.01577
1749261651,0.01493000,33447.00000000,0.01577
1749261651,0.01492000,67024.00000000,0.01577
1749261651,0.01491000,706.00000000,0.01577
1749261651,0.01490000,106662.00000000,0.01577
1749261651,0.01489000,19741.00000000,0.01577
1749261651,0.01488000,51297.00000000,0.01577
1749261651,0.01486000,9493.00000000,0.01577
1749261651,0.01485000,706.00000000,0.01577
1749261651,0.01484000,14069.00000000,0.01577
1749261651,0.01482000,19389.00000000,0.01577
1749261651,0.01481000,5400.00000000,0.01577
1749261651,0.01480000,30075.00000000,0.01577
1749261651,0.01479000,10665.00000000,0.01577
1749261651,0.01478000,397.00000000,0.01577
1749261651,0.01477000,72135.00000000,0.01577
1749261651,0.01476000,2087.00000000,0.01577
1749261958,0.01574000,453358.00000000,0.01574
1749261958,0.01573000,1977802.00000000,0.01574
1749261958,0.01572000,1694279.00000000,0.01574
1749261958,0.01571000,2019118.00000000,0.01574
1749261958,0.01570000,2669776.00000000,0.01574
1749261958,0.01569000,3891340.00000000,0.01574
1749261958,0.01568000,2422802.00000000,0.01574
1749261958,0.01567000,530980.00000000,0.01574
1749261958,0.01566000,249114.00000000,0.01574
1749261958,0.01565000,762848.00000000,0.01574
1749261958,0.01564000,383477.00000000,0.01574
1749261958,0.01563000,290263.00000000,0.01574
1749261958,0.01562000,207107.00000000,0.01574
1749261958,0.01561000,2587569.00000000,0.01574
1749261958,0.01560000,147408.00000000,0.01574
1749261958,0.01559000,336608.00000000,0.01574
1749261958,0.01558000,135530.00000000,0.01574
1749261958,0.01557000,127598.00000000,0.01574
1749261958,0.01556000,504626.00000000,0.01574
1749261958,0.01555000,110442.00000000,0.01574
1749261958,0.01554000,64127.00000000,0.01574
1749261958,0.01553000,86737.00000000,0.01574
1749261958,0.01552000,1169523.00000000,0.01574
1749261958,0.01551000,66306.00000000,0.01574
1749261958,0.01550000,130984.00000000,0.01574
1749261958,0.01549000,64130.00000000,0.01574
1749261958,0.01548000,345799.00000000,0.01574
1749261958,0.01547000,123641.00000000,0.01574
1749261958,0.01546000,275222.00000000,0.01574
1749261958,0.01545000,100475.00000000,0.01574
1749261958,0.01544000,64133.00000000,0.01574
1749261958,0.01543000,64134.00000000,0.01574
1749261958,0.01542000,84415.00000000,0.01574
1749261958,0.01541000,1373992.00000000,0.01574
1749261958,0.01540000,493094.00000000,0.01574
1749261958,0.01539000,636.00000000,0.01574
1749261958,0.01538000,202956.00000000,0.01574
1749261958,0.01537000,636.00000000,0.01574
1749261958,0.01536000,1268.00000000,0.01574
1749261958,0.01535000,636.00000000,0.01574
1749261958,0.01534000,1342.00000000,0.01574
1749261958,0.01533000,1543.00000000,0.01574
1749261958,0.01532000,1320.00000000,0.01574
1749261958,0.01531000,2149.00000000,0.01574
1749261958,0.01530000,299656.00000000,0.01574
1749261958,0.01529000,636.00000000,0.01574
1749261958,0.01528000,411511.00000000,0.01574
1749261958,0.01527000,1564.00000000,0.01574
1749261958,0.01526000,4919.00000000,0.01574
1749261958,0.01525000,50977.00000000,0.01574
1749261958,0.01524000,1752.00000000,0.01574
1749261958,0.01523000,636.00000000,0.01574
1749261958,0.01522000,26672.00000000,0.01574
1749261958,0.01521000,4713.00000000,0.01574
1749261958,0.01520000,94787.00000000,0.01574
1749261958,0.01519000,3382.00000000,0.01574
1749261958,0.01518000,636.00000000,0.01574
1749261958,0.01517000,215996.00000000,0.01574
1749261958,0.01516000,64458.00000000,0.01574
1749261958,0.01515000,10368.00000000,0.01574
1749261958,0.01514000,1180.00000000,0.01574
1749261958,0.01513000,119205.00000000,0.01574
1749261958,0.01512000,1929.00000000,0.01574
1749261958,0.01511000,1201.00000000,0.01574
1749261958,0.01510000,23229.00000000,0.01574
1749261958,0.01509000,1342.00000000,0.01574
1749261958,0.01508000,636.00000000,0.01574
1749261958,0.01507000,1084.00000000,0.01574
1749261958,0.01506000,13912.00000000,0.01574
1749261958,0.01505000,773530.00000000,0.01574
1749261958,0.01504000,75929.00000000,0.01574
1749261958,0.01503000,2896.00000000,0.01574
1749261958,0.01502000,1505.00000000,0.01574
1749261958,0.01501000,18400.00000000,0.01574
1749261958,0.01500000,1453186.00000000,0.01574
1749261958,0.01499000,2977.00000000,0.01574
1749261958,0.01498000,823644.00000000,0.01574
1749261958,0.01497000,21460.00000000,0.01574
1749261958,0.01496000,1858.00000000,0.01574
1749261958,0.01495000,31927.00000000,0.01574
1749261958,0.01494000,1420.00000000,0.01574
1749261958,0.01493000,33447.00000000,0.01574
1749261958,0.01492000,67024.00000000,0.01574
1749261958,0.01491000,706.00000000,0.01574
1749261958,0.01490000,106662.00000000,0.01574
1749261958,0.01489000,19741.00000000,0.01574
1749261958,0.01488000,51297.00000000,0.01574
1749261958,0.01486000,9493.00000000,0.01574
1749261958,0.01485000,706.00000000,0.01574
1749261958,0.01484000,14069.00000000,0.01574
1749261958,0.01482000,19389.00000000,0.01574
1749261958,0.01481000,5400.00000000,0.01574
1749261958,0.01480000,30075.00000000,0.01574
1749261958,0.01479000,10665.00000000,0.01574
1749261958,0.01478000,397.00000000,0.01574
1749261958,0.01477000,72135.00000000,0.01574
1749261958,0.01476000,2087.00000000,0.01574
1749261958,0.01475000,56134.00000000,0.01574
1749261958,0.01474000,183875.00000000,0.01574
1749261958,0.01473000,14643.00000000,0.01574
1749262259,0.01580000,593754.00000000,0.0158
1749262259,0.01579000,1481883.00000000,0.0158
1749262259,0.01578000,2462392.00000000,0.0158
1749262259,0.01577000,1422528.00000000,0.0158
1749262259,0.01576000,1487116.00000000,0.0158
1749262259,0.01575000,1450165.00000000,0.0158
1749262259,0.01574000,741125.00000000,0.0158
1749262259,0.01573000,1295639.00000000,0.0158
1749262259,0.01572000,1841143.00000000,0.0158
1749262259,0.01571000,578905.00000000,0.0158
1749262259,0.01570000,2718027.00000000,0.0158
1749262259,0.01569000,727437.00000000,0.0158
1749262259,0.01568000,2325171.00000000,0.0158
1749262259,0.01567000,356244.00000000,0.0158
1749262259,0.01566000,326608.00000000,0.0158
1749262259,0.01565000,213708.00000000,0.0158
1749262259,0.01564000,197437.00000000,0.0158
1749262259,0.01563000,404807.00000000,0.0158
1749262259,0.01562000,816971.00000000,0.0158
1749262259,0.01561000,2235718.00000000,0.0158
1749262259,0.01560000,147754.00000000,0.0158
1749262259,0.01559000,127979.00000000,0.0158
1749262259,0.01558000,176858.00000000,0.0158
1749262259,0.01557000,128025.00000000,0.0158
1749262259,0.01556000,64125.00000000,0.0158
1749262259,0.01555000,138849.00000000,0.0158
1749262259,0.01554000,64127.00000000,0.0158
1749262259,0.01553000,64833.00000000,0.0158
1749262259,0.01552000,1421701.00000000,0.0158
1749262259,0.01551000,66306.00000000,0.0158
1749262259,0.01550000,130984.00000000,0.0158
1749262259,0.01549000,64130.00000000,0.0158
1749262259,0.01548000,65246.00000000,0.0158
1749262259,0.01547000,123641.00000000,0.0158
1749262259,0.01546000,275222.00000000,0.0158
1749262259,0.01545000,100475.00000000,0.0158
1749262259,0.01544000,64133.00000000,0.0158
1749262259,0.01543000,64134.00000000,0.0158
1749262259,0.01542000,64949.00000000,0.0158
1749262259,0.01541000,1373992.00000000,0.0158
1749262259,0.01540000,493094.00000000,0.0158
1749262259,0.01539000,636.00000000,0.0158
1749262259,0.01538000,139956.00000000,0.0158
1749262259,0.01537000,636.00000000,0.0158
1749262259,0.01536000,1268.00000000,0.0158
1749262259,0.01535000,636.00000000,0.0158
1749262259,0.01534000,1342.00000000,0.0158
1749262259,0.01533000,1543.00000000,0.0158
1749262259,0.01532000,1320.00000000,0.0158
1749262259,0.01531000,2149.00000000,0.0158
1749262259,0.01530000,299656.00000000,0.0158
1749262259,0.01529000,636.00000000,0.0158
1749262259,0.01528000,411511.00000000,0.0158
1749262259,0.01527000,1564.00000000,0.0158
1749262259,0.01526000,4919.00000000,0.0158
1749262259,0.01525000,50977.00000000,0.0158
1749262259,0.01524000,1752.00000000,0.0158
1749262259,0.01523000,636.00000000,0.0158
1749262259,0.01522000,26672.00000000,0.0158
1749262259,0.01521000,4713.00000000,0.0158
1749262259,0.01520000,94787.00000000,0.0158
1749262259,0.01519000,3382.00000000,0.0158
1749262259,0.01518000,636.00000000,0.0158
1749262259,0.01517000,215996.00000000,0.0158
1749262259,0.01516000,64458.00000000,0.0158
1749262259,0.01515000,10368.00000000,0.0158
1749262259,0.01514000,1180.00000000,0.0158
1749262259,0.01513000,119205.00000000,0.0158
1749262259,0.01512000,1929.00000000,0.0158
1749262259,0.01511000,1201.00000000,0.0158
1749262259,0.01510000,23229.00000000,0.0158
1749262259,0.01509000,1342.00000000,0.0158
1749262259,0.01508000,636.00000000,0.0158
1749262259,0.01507000,1084.00000000,0.0158
1749262259,0.01506000,13912.00000000,0.0158
1749262259,0.01505000,773530.00000000,0.0158
1749262259,0.01504000,75296.00000000,0.0158
1749262259,0.01503000,2263.00000000,0.0158
1749262259,0.01502000,871.00000000,0.0158
1749262259,0.01501000,17766.00000000,0.0158
1749262259,0.01500000,1453885.00000000,0.0158
1749262259,0.01499000,341.00000000,0.0158
1749262259,0.01498000,822976.00000000,0.0158
1749262259,0.01497000,21460.00000000,0.0158
1749262259,0.01496000,1189.00000000,0.0158
1749262259,0.01495000,33934.00000000,0.0158
1749262259,0.01494000,1420.00000000,0.0158
1749262259,0.01493000,33447.00000000,0.0158
1749262259,0.01492000,67024.00000000,0.0158
1749262259,0.01491000,706.00000000,0.0158
1749262259,0.01490000,106662.00000000,0.0158
1749262259,0.01489000,19741.00000000,0.0158
1749262259,0.01488000,51297.00000000,0.0158
1749262259,0.01486000,9493.00000000,0.0158
1749262259,0.01485000,706.00000000,0.0158
1749262259,0.01484000,14069.00000000,0.0158
1749262259,0.01482000,19389.00000000,0.0158
1749262259,0.01481000,5400.00000000,0.0158
1749262259,0.01480000,30075.00000000,0.0158
1749262259,0.01479000,10665.00000000,0.0158
1749262561,0.01584000,778121.00000000,0.01584
1749262561,0.01583000,1398793.00000000,0.01584
1749262561,0.01582000,2216703.00000000,0.01584
1749262561,0.01581000,2217945.00000000,0.01584
1749262561,0.01580000,914618.00000000,0.01584
1749262561,0.01579000,684608.00000000,0.01584
1749262561,0.01578000,436582.00000000,0.01584
1749262561,0.01577000,1473442.00000000,0.01584
1749262561,0.01576000,536479.00000000,0.01584
1749262561,0.01575000,1782863.00000000,0.01584
1749262561,0.01574000,2492782.00000000,0.01584
1749262561,0.01573000,212995.00000000,0.01584
1749262561,0.01572000,214333.00000000,0.01584
1749262561,0.01571000,2326642.00000000,0.01584
1749262561,0.01570000,278769.00000000,0.01584
1749262561,0.01569000,257830.00000000,0.01584
1749262561,0.01568000,335177.00000000,0.01584
1749262561,0.01567000,213219.00000000,0.01584
1749262561,0.01566000,1859251.00000000,0.01584
1749262561,0.01565000,1189277.00000000,0.01584
1749262561,0.01564000,159880.00000000,0.01584
1749262561,0.01563000,126544.00000000,0.01584
1749262561,0.01562000,157307.00000000,0.01584
1749262561,0.01561000,198287.00000000,0.01584
1749262561,0.01560000,1184327.00000000,0.01584
1749262561,0.01559000,127979.00000000,0.01584
1749262561,0.01558000,146740.00000000,0.01584
1749262561,0.01557000,64447.00000000,0.01584
1749262561,0.01556000,343598.00000000,0.01584
1749262561,0.01555000,70555.00000000,0.01584
1749262561,0.01554000,64127.00000000,0.01584
1749262561,0.01553000,1325073.00000000,0.01584
1749262561,0.01552000,106894.00000000,0.01584
1749262561,0.01551000,66306.00000000,0.01584
1749262561,0.01550000,340825.00000000,0.01584
1749262561,0.01549000,64130.00000000,0.01584
1749262561,0.01548000,65246.00000000,0.01584
1749262561,0.01547000,122041.00000000,0.01584
1749262561,0.01546000,64838.00000000,0.01584
1749262561,0.01545000,99990.00000000,0.01584
1749262561,0.01544000,63647.00000000,0.01584
1749262561,0.01543000,982.00000000,0.01584
1749262561,0.01542000,1463.00000000,0.01584
1749262561,0.01541000,50265.00000000,0.01584
1749262561,0.01540000,430094.00000000,0.01584
1749262561,0.01539000,636.00000000,0.01584
1749262561,0.01538000,139956.00000000,0.01584
1749262561,0.01537000,636.00000000,0.01584
1749262561,0.01536000,1268.00000000,0.01584
1749262561,0.01535000,636.00000000,0.01584
1749262561,0.01534000,1342.00000000,0.01584
1749262561,0.01533000,1543.00000000,0.01584
1749262561,0.01532000,1320.00000000,0.01584
1749262561,0.01531000,2149.00000000,0.01584
1749262561,0.01530000,299656.00000000,0.01584
1749262561,0.01529000,636.00000000,0.01584
1749262561,0.01528000,411511.00000000,0.01584
1749262561,0.01527000,9377.00000000,0.01584
1749262561,0.01526000,4919.00000000,0.01584
1749262561,0.01525000,50977.00000000,0.01584
1749262561,0.01524000,1752.00000000,0.01584
1749262561,0.01523000,636.00000000,0.01584
1749262561,0.01522000,26672.00000000,0.01584
1749262561,0.01521000,4713.00000000,0.01584
1749262561,0.01520000,94787.00000000,0.01584
1749262561,0.01519000,3382.00000000,0.01584
1749262561,0.01518000,636.00000000,0.01584
1749262561,0.01517000,215996.00000000,0.01584
1749262561,0.01516000,64458.00000000,0.01584
1749262561,0.01515000,10368.00000000,0.01584
1749262561,0.01514000,1180.00000000,0.01584
1749262561,0.01513000,111320.00000000,0.01584
1749262561,0.01512000,1929.00000000,0.01584
1749262561,0.01511000,1201.00000000,0.01584
1749262561,0.01510000,23224.00000000,0.01584
1749262561,0.01509000,1337.00000000,0.01584
1749262561,0.01507000,448.00000000,0.01584
1749262561,0.01506000,14608.00000000,0.01584
1749262561,0.01505000,774227.00000000,0.01584
1749262561,0.01504000,75296.00000000,0.01584
1749262561,0.01503000,2263.00000000,0.01584
1749262561,0.01502000,871.00000000,0.01584
1749262561,0.01501000,18432.00000000,0.01584
1749262561,0.01500000,1452551.00000000,0.01584
1749262561,0.01499000,341.00000000,0.01584
1749262561,0.01498000,822976.00000000,0.01584
1749262561,0.01497000,21460.00000000,0.01584
1749262561,0.01496000,1189.00000000,0.01584
1749262561,0.01495000,31927.00000000,0.01584
1749262561,0.01494000,1420.00000000,0.01584
1749262561,0.01493000,33447.00000000,0.01584
1749262561,0.01492000,67024.00000000,0.01584
1749262561,0.01491000,706.00000000,0.01584
1749262561,0.01490000,106662.00000000,0.01584
1749262561,0.01489000,19741.00000000,0.01584
1749262561,0.01488000,51297.00000000,0.01584
1749262561,0.01486000,9493.00000000,0.01584
1749262561,0.01485000,706.00000000,0.01584
1749262561,0.01484000,14069.00000000,0.01584
1749262561,0.01482000,19389.00000000,0.01584
1749262870,0.01585000,537903.00000000,0.01586
1749262870,0.01584000,1690321.00000000,0.01586
1749262870,0.01583000,2575892.00000000,0.01586
1749262870,0.01582000,2660889.00000000,0.01586
1749262870,0.01581000,1494533.00000000,0.01586
1749262870,0.01580000,1729632.00000000,0.01586
1749262870,0.01579000,1910803.00000000,0.01586
1749262870,0.01578000,2430438.00000000,0.01586
1749262870,0.01577000,531115.00000000,0.01586
1749262870,0.01576000,2448938.00000000,0.01586
1749262870,0.01575000,922840.00000000,0.01586
1749262870,0.01574000,402751.00000000,0.01586
1749262870,0.01573000,324141.00000000,0.01586
1749262870,0.01572000,435764.00000000,0.01586
1749262870,0.01571000,1865779.00000000,0.01586
1749262870,0.01570000,149398.00000000,0.01586
1749262870,0.01569000,134106.00000000,0.01586
1749262870,0.01568000,337042.00000000,0.01586
1749262870,0.01567000,1117702.00000000,0.01586
1749262870,0.01566000,135487.00000000,0.01586
1749262870,0.01565000,127975.00000000,0.01586
1749262870,0.01564000,195985.00000000,0.01586
1749262870,0.01563000,1200707.00000000,0.01586
1749262870,0.01562000,149051.00000000,0.01586
1749262870,0.01561000,370591.00000000,0.01586
1749262870,0.01560000,116598.00000000,0.01586
1749262870,0.01559000,134772.00000000,0.01586
1749262870,0.01558000,83589.00000000,0.01586
1749262870,0.01557000,64447.00000000,0.01586
1749262870,0.01556000,64488.00000000,0.01586
1749262870,0.01555000,128168.00000000,0.01586
1749262870,0.01554000,125650.00000000,0.01586
1749262870,0.01553000,64833.00000000,0.01586
1749262870,0.01552000,1326359.00000000,0.01586
1749262870,0.01551000,482902.00000000,0.01586
1749262870,0.01550000,130984.00000000,0.01586
1749262870,0.01549000,64130.00000000,0.01586
1749262870,0.01548000,65246.00000000,0.01586
1749262870,0.01547000,63646.00000000,0.01586
1749262870,0.01546000,96637.00000000,0.01586
1749262870,0.01545000,69295.00000000,0.01586
1749262870,0.01544000,647.00000000,0.01586
1749262870,0.01543000,982.00000000,0.01586
1749262870,0.01542000,1463.00000000,0.01586
1749262870,0.01541000,50265.00000000,0.01586
1749262870,0.01540000,3829.00000000,0.01586
1749262870,0.01539000,409245.00000000,0.01586
1749262870,0.01538000,172408.00000000,0.01586
1749262870,0.01537000,636.00000000,0.01586
1749262870,0.01536000,33763.00000000,0.01586
1749262870,0.01535000,636.00000000,0.01586
1749262870,0.01534000,1342.00000000,0.01586
1749262870,0.01533000,1543.00000000,0.01586
1749262870,0.01532000,1320.00000000,0.01586
1749262870,0.01531000,2149.00000000,0.01586
1749262870,0.01530000,299656.00000000,0.01586
1749262870,0.01529000,636.00000000,0.01586
1749262870,0.01528000,1809.00000000,0.01586
1749262870,0.01527000,214186.00000000,0.01586
1749262870,0.01526000,4919.00000000,0.01586
1749262870,0.01525000,50977.00000000,0.01586
1749262870,0.01524000,1752.00000000,0.01586
1749262870,0.01523000,636.00000000,0.01586
1749262870,0.01522000,26672.00000000,0.01586
1749262870,0.01521000,4713.00000000,0.01586
1749262870,0.01520000,94787.00000000,0.01586
1749262870,0.01519000,3382.00000000,0.01586
1749262870,0.01518000,636.00000000,0.01586
1749262870,0.01517000,636.00000000,0.01586
1749262870,0.01516000,64458.00000000,0.01586
1749262870,0.01515000,10368.00000000,0.01586
1749262870,0.01514000,1180.00000000,0.01586
1749262870,0.01513000,111320.00000000,0.01586
1749262870,0.01512000,1924.00000000,0.01586
1749262870,0.01511000,1195.00000000,0.01586
1749262870,0.01510000,23224.00000000,0.01586
1749262870,0.01509000,706.00000000,0.01586
1749262870,0.01507000,448.00000000,0.01586
1749262870,0.01506000,13280.00000000,0.01586
1749262870,0.01505000,774892.00000000,0.01586
1749262870,0.01504000,75961.00000000,0.01586
1749262870,0.01503000,3593.00000000,0.01586
1749262870,0.01502000,871.00000000,0.01586
1749262870,0.01501000,17766.00000000,0.01586
1749262870,0.01500000,1451884.00000000,0.01586
1749262870,0.01499000,341.00000000,0.01586
1749262870,0.01498000,822976.00000000,0.01586
1749262870,0.01497000,21460.00000000,0.01586
1749262870,0.01496000,1189.00000000,0.01586
1749262870,0.01495000,31927.00000000,0.01586
1749262870,0.01494000,1420.00000000,0.01586
1749262870,0.01493000,33447.00000000,0.01586
1749262870,0.01492000,67024.00000000,0.01586
1749262870,0.01491000,706.00000000,0.01586
1749262870,0.01490000,106662.00000000,0.01586
1749262870,0.01489000,19741.00000000,0.01586
1749262870,0.01488000,51297.00000000,0.01586
1749262870,0.01486000,9493.00000000,0.01586
1749262870,0.01485000,706.00000000,0.01586
1749262870,0.01484000,14069.00000000,0.01586
1749263172,0.01590000,411374.00000000,0.01591
1749263172,0.01589000,2362184.00000000,0.01591
1749263172,0.01588000,3433115.00000000,0.01591
1749263172,0.01587000,2366474.00000000,0.01591
1749263172,0.01586000,1192922.00000000,0.01591
1749263172,0.01585000,851842.00000000,0.01591
1749263172,0.01584000,342372.00000000,0.01591
1749263172,0.01583000,691837.00000000,0.01591
1749263172,0.01582000,1453066.00000000,0.01591
1749263172,0.01581000,442336.00000000,0.01591
1749263172,0.01580000,3928218.00000000,0.01591
1749263172,0.01579000,614716.00000000,0.01591
1749263172,0.01578000,213695.00000000,0.01591
1749263172,0.01577000,218184.00000000,0.01591
1749263172,0.01576000,2332479.00000000,0.01591
1749263172,0.01575000,330402.00000000,0.01591
1749263172,0.01574000,165632.00000000,0.01591
1749263172,0.01573000,165632.00000000,0.01591
1749263172,0.01572000,1003277.00000000,0.01591
1749263172,0.01571000,2301507.00000000,0.01591
1749263172,0.01570000,157594.00000000,0.01591
1749263172,0.01569000,127266.00000000,0.01591
1749263172,0.01568000,127267.00000000,0.01591
1749263172,0.01567000,216779.00000000,0.01591
1749263172,0.01566000,127269.00000000,0.01591
1749263172,0.01565000,335805.00000000,0.01591
1749263172,0.01564000,128084.00000000,0.01591
1749263172,0.01563000,1194321.00000000,0.01591
1749263172,0.01562000,197080.00000000,0.01591
1749263172,0.01561000,130255.00000000,0.01591
1749263172,0.01560000,84603.00000000,0.01591
1749263172,0.01559000,64828.00000000,0.01591
1749263172,0.01558000,83589.00000000,0.01591
1749263172,0.01557000,66037.00000000,0.01591
1749263172,0.01556000,64488.00000000,0.01591
1749263172,0.01555000,128168.00000000,0.01591
1749263172,0.01554000,125650.00000000,0.01591
1749263172,0.01553000,64833.00000000,0.01591
1749263172,0.01552000,1324764.00000000,0.01591
1749263172,0.01551000,482902.00000000,0.01591
1749263172,0.01550000,130984.00000000,0.01591
1749263172,0.01549000,63646.00000000,0.01591
1749263172,0.01548000,1761.00000000,0.01591
1749263172,0.01547000,646.00000000,0.01591
1749263172,0.01546000,1353.00000000,0.01591
1749263172,0.01545000,36990.00000000,0.01591
1749263172,0.01544000,647.00000000,0.01591
1749263172,0.01543000,982.00000000,0.01591
1749263172,0.01542000,1463.00000000,0.01591
1749263172,0.01541000,50265.00000000,0.01591
1749263172,0.01540000,412438.00000000,0.01591
1749263172,0.01539000,636.00000000,0.01591
1749263172,0.01538000,139956.00000000,0.01591
1749263172,0.01537000,636.00000000,0.01591
1749263172,0.01536000,1268.00000000,0.01591
1749263172,0.01535000,636.00000000,0.01591
1749263172,0.01534000,1342.00000000,0.01591
1749263172,0.01533000,1543.00000000,0.01591
1749263172,0.01532000,1320.00000000,0.01591
1749263172,0.01531000,2149.00000000,0.01591
1749263172,0.01530000,299656.00000000,0.01591
1749263172,0.01529000,636.00000000,0.01591
1749263172,0.01528000,206618.00000000,0.01591
1749263172,0.01527000,9377.00000000,0.01591
1749263172,0.01526000,4919.00000000,0.01591
1749263172,0.01525000,50977.00000000,0.01591
1749263172,0.01524000,1752.00000000,0.01591
1749263172,0.01523000,636.00000000,0.01591
1749263172,0.01522000,26672.00000000,0.01591
1749263172,0.01521000,4713.00000000,0.01591
1749263172,0.01520000,94787.00000000,0.01591
1749263172,0.01519000,3382.00000000,0.01591
1749263172,0.01518000,636.00000000,0.01591
1749263172,0.01517000,636.00000000,0.01591
1749263172,0.01516000,64458.00000000,0.01591
1749263172,0.01515000,10361.00000000,0.01591
1749263172,0.01514000,544.00000000,0.01591
1749263172,0.01513000,110684.00000000,0.01591
1749263172,0.01512000,1293.00000000,0.01591
1749263172,0.01511000,565.00000000,0.01591
1749263172,0.01510000,22593.00000000,0.01591
1749263172,0.01509000,4684.00000000,0.01591
1749263172,0.01507000,448.00000000,0.01591
1749263172,0.01506000,13280.00000000,0.01591
1749263172,0.01505000,772897.00000000,0.01591
1749263172,0.01504000,75296.00000000,0.01591
1749263172,0.01503000,2263.00000000,0.01591
1749263172,0.01502000,871.00000000,0.01591
1749263172,0.01501000,17766.00000000,0.01591
1749263172,0.01500000,1451884.00000000,0.01591
1749263172,0.01499000,341.00000000,0.01591
1749263172,0.01498000,822976.00000000,0.01591
1749263172,0.01497000,21460.00000000,0.01591
1749263172,0.01496000,1189.00000000,0.01591
1749263172,0.01495000,31927.00000000,0.01591
1749263172,0.01494000,1420.00000000,0.01591
1749263172,0.01493000,33447.00000000,0.01591
1749263172,0.01492000,67024.00000000,0.01591
1749263172,0.01491000,706.00000000,0.01591
1749263172,0.01490000,106662.00000000,0.01591
1749263478,0.01593000,797165.00000000,0.01594
1749263478,0.01592000,2052210.00000000,0.01594
1749263478,0.01591000,2009811.00000000,0.01594
1749263478,0.01590000,1756962.00000000,0.01594
1749263478,0.01589000,2265506.00000000,0.01594
1749263478,0.01588000,1701935.00000000,0.01594
1749263478,0.01587000,632111.00000000,0.01594
1749263478,0.01586000,1864984.00000000,0.01594
1749263478,0.01585000,2022377.00000000,0.01594
1749263478,0.01584000,2579947.00000000,0.01594
1749263478,0.01583000,393551.00000000,0.01594
1749263478,0.01582000,712387.00000000,0.01594
1749263478,0.01581000,176560.00000000,0.01594
1749263478,0.01580000,377187.00000000,0.01594
1749263478,0.01579000,223465.00000000,0.01594
1749263478,0.01578000,228286.00000000,0.01594
1749263478,0.01577000,1888174.00000000,0.01594
1749263478,0.01576000,640856.00000000,0.01594
1749263478,0.01575000,105176.00000000,0.01594
1749263478,0.01574000,72289.00000000,0.01594
1749263478,0.01573000,67605.00000000,0.01594
1749263478,0.01572000,65934.00000000,0.01594
1749263478,0.01571000,168028.00000000,0.01594
1749263478,0.01570000,736857.00000000,0.01594
1749263478,0.01569000,1168188.00000000,0.01594
1749263478,0.01568000,64116.00000000,0.01594
1749263478,0.01567000,64117.00000000,0.01594
1749263478,0.01566000,64118.00000000,0.01594
1749263478,0.01565000,342329.00000000,0.01594
1749263478,0.01564000,122214.00000000,0.01594
1749263478,0.01563000,61387.00000000,0.01594
1749263478,0.01562000,179789.00000000,0.01594
1749263478,0.01561000,69854.00000000,0.01594
1749263478,0.01560000,84603.00000000,0.01594
1749263478,0.01559000,64828.00000000,0.01594
1749263478,0.01558000,1552592.00000000,0.01594
1749263478,0.01557000,512776.00000000,0.01594
1749263478,0.01556000,64006.00000000,0.01594
1749263478,0.01555000,70073.00000000,0.01594
1749263478,0.01554000,95762.00000000,0.01594
1749263478,0.01553000,64350.00000000,0.01594
1749263478,0.01552000,64041.00000000,0.01594
1749263478,0.01551000,2822.00000000,0.01594
1749263478,0.01550000,67500.00000000,0.01594
1749263478,0.01549000,646.00000000,0.01594
1749263478,0.01548000,34004.00000000,0.01594
1749263478,0.01547000,32910.00000000,0.01594
1749263478,0.01546000,1353.00000000,0.01594
1749263478,0.01545000,445599.00000000,0.01594
1749263478,0.01544000,647.00000000,0.01594
1749263478,0.01543000,982.00000000,0.01594
1749263478,0.01542000,1463.00000000,0.01594
1749263478,0.01541000,50265.00000000,0.01594
1749263478,0.01540000,3829.00000000,0.01594
1749263478,0.01539000,130363.00000000,0.01594
1749263478,0.01538000,139956.00000000,0.01594
1749263478,0.01537000,636.00000000,0.01594
1749263478,0.01536000,1268.00000000,0.01594
1749263478,0.01535000,63668.00000000,0.01594
1749263478,0.01534000,1342.00000000,0.01594
1749263478,0.01533000,206352.00000000,0.01594
1749263478,0.01532000,1320.00000000,0.01594
1749263478,0.01531000,2149.00000000,0.01594
1749263478,0.01530000,303265.00000000,0.01594
1749263478,0.01529000,636.00000000,0.01594
1749263478,0.01528000,1809.00000000,0.01594
1749263478,0.01527000,9377.00000000,0.01594
1749263478,0.01526000,4919.00000000,0.01594
1749263478,0.01525000,50977.00000000,0.01594
1749263478,0.01524000,1752.00000000,0.01594
1749263478,0.01523000,636.00000000,0.01594
1749263478,0.01522000,26672.00000000,0.01594
1749263478,0.01521000,4703.00000000,0.01594
1749263478,0.01520000,94778.00000000,0.01594
1749263478,0.01519000,3373.00000000,0.01594
1749263478,0.01518000,627.00000000,0.01594
1749263478,0.01515000,9732.00000000,0.01594
1749263478,0.01514000,544.00000000,0.01594
1749263478,0.01513000,110684.00000000,0.01594
1749263478,0.01512000,1293.00000000,0.01594
1749263478,0.01511000,565.00000000,0.01594
1749263478,0.01510000,22593.00000000,0.01594
1749263478,0.01509000,4684.00000000,0.01594
1749263478,0.01507000,448.00000000,0.01594
1749263478,0.01506000,13280.00000000,0.01594
1749263478,0.01505000,772897.00000000,0.01594
1749263478,0.01504000,75296.00000000,0.01594
1749263478,0.01503000,2263.00000000,0.01594
1749263478,0.01502000,871.00000000,0.01594
1749263478,0.01501000,17766.00000000,0.01594
1749263478,0.01500000,1451884.00000000,0.01594
1749263478,0.01499000,341.00000000,0.01594
1749263478,0.01498000,822976.00000000,0.01594
1749263478,0.01497000,21460.00000000,0.01594
1749263478,0.01496000,70655.00000000,0.01594
1749263478,0.01495000,31927.00000000,0.01594
1749263478,0.01494000,1420.00000000,0.01594
1749263478,0.01493000,33447.00000000,0.01594
1749263478,0.01492000,67024.00000000,0.01594
1749263478,0.01491000,706.00000000,0.01594
1749263785,0.01597000,643079.00000000,0.01597
1749263785,0.01596000,1806083.00000000,0.01597
1749263785,0.01595000,2401458.00000000,0.01597
1749263785,0.01594000,2007700.00000000,0.01597
1749263785,0.01593000,2600346.00000000,0.01597
1749263785,0.01592000,776923.00000000,0.01597
1749263785,0.01591000,615843.00000000,0.01597
1749263785,0.01590000,1376696.00000000,0.01597
1749263785,0.01589000,442511.00000000,0.01597
1749263785,0.01588000,1592860.00000000,0.01597
1749263785,0.01587000,2008715.00000000,0.01597
1749263785,0.01586000,609743.00000000,0.01597
1749263785,0.01585000,398537.00000000,0.01597
1749263785,0.01584000,2376203.00000000,0.01597
1749263785,0.01583000,642565.00000000,0.01597
1749263785,0.01582000,307590.00000000,0.01597
1749263785,0.01581000,225607.00000000,0.01597
1749263785,0.01580000,224812.00000000,0.01597
1749263785,0.01579000,195731.00000000,0.01597
1749263785,0.01578000,752126.00000000,0.01597
1749263785,0.01577000,2149973.00000000,0.01597
1749263785,0.01576000,270489.00000000,0.01597
1749263785,0.01575000,64111.00000000,0.01597
1749263785,0.01574000,154384.00000000,0.01597
1749263785,0.01573000,99228.00000000,0.01597
1749263785,0.01572000,65934.00000000,0.01597
1749263785,0.01571000,65588.00000000,0.01597
1749263785,0.01570000,92127.00000000,0.01597
1749263785,0.01569000,1136377.00000000,0.01597
1749263785,0.01568000,133658.00000000,0.01597
1749263785,0.01567000,65697.00000000,0.01597
1749263785,0.01566000,64118.00000000,0.01597
1749263785,0.01565000,272654.00000000,0.01597
1749263785,0.01564000,122214.00000000,0.01597
1749263785,0.01563000,61387.00000000,0.01597
1749263785,0.01562000,64120.00000000,0.01597
1749263785,0.01561000,67104.00000000,0.01597
1749263785,0.01560000,84603.00000000,0.01597
1749263785,0.01559000,64828.00000000,0.01597
1749263785,0.01558000,1552592.00000000,0.01597
1749263785,0.01557000,512294.00000000,0.01597
1749263785,0.01556000,96083.00000000,0.01597
1749263785,0.01555000,70073.00000000,0.01597
1749263785,0.01554000,67435.00000000,0.01597
1749263785,0.01553000,64350.00000000,0.01597
1749263785,0.01552000,1041.00000000,0.01597
1749263785,0.01551000,2822.00000000,0.01597
1749263785,0.01550000,67500.00000000,0.01597
1749263785,0.01549000,32868.00000000,0.01597
1749263785,0.01548000,34004.00000000,0.01597
1749263785,0.01547000,646.00000000,0.01597
1749263785,0.01546000,1353.00000000,0.01597
1749263785,0.01545000,445599.00000000,0.01597
1749263785,0.01544000,647.00000000,0.01597
1749263785,0.01543000,982.00000000,0.01597
1749263785,0.01542000,1463.00000000,0.01597
1749263785,0.01541000,50265.00000000,0.01597
1749263785,0.01540000,3829.00000000,0.01597
1749263785,0.01539000,636.00000000,0.01597
1749263785,0.01538000,139956.00000000,0.01597
1749263785,0.01537000,636.00000000,0.01597
1749263785,0.01536000,1268.00000000,0.01597
1749263785,0.01535000,63668.00000000,0.01597
1749263785,0.01534000,1342.00000000,0.01597
1749263785,0.01533000,206352.00000000,0.01597
1749263785,0.01532000,1320.00000000,0.01597
1749263785,0.01531000,2149.00000000,0.01597
1749263785,0.01530000,303265.00000000,0.01597
1749263785,0.01529000,636.00000000,0.01597
1749263785,0.01528000,1809.00000000,0.01597
1749263785,0.01527000,9377.00000000,0.01597
1749263785,0.01526000,4919.00000000,0.01597
1749263785,0.01525000,50977.00000000,0.01597
1749263785,0.01524000,1752.00000000,0.01597
1749263785,0.01523000,636.00000000,0.01597
1749263785,0.01522000,26672.00000000,0.01597
1749263785,0.01521000,4077.00000000,0.01597
1749263785,0.01520000,94151.00000000,0.01597
1749263785,0.01519000,2746.00000000,0.01597
1749263785,0.01515000,11712.00000000,0.01597
1749263785,0.01514000,1866.00000000,0.01597
1749263785,0.01513000,111345.00000000,0.01597
1749263785,0.01512000,1293.00000000,0.01597
1749263785,0.01511000,565.00000000,0.01597
1749263785,0.01510000,22593.00000000,0.01597
1749263785,0.01509000,706.00000000,0.01597
1749263785,0.01507000,448.00000000,0.01597
1749263785,0.01506000,13280.00000000,0.01597
1749263785,0.01505000,772897.00000000,0.01597
1749263785,0.01504000,75296.00000000,0.01597
1749263785,0.01503000,2263.00000000,0.01597
1749263785,0.01502000,871.00000000,0.01597
1749263785,0.01501000,17766.00000000,0.01597
1749263785,0.01500000,1451884.00000000,0.01597
1749263785,0.01499000,341.00000000,0.01597
1749263785,0.01498000,822976.00000000,0.01597
1749263785,0.01497000,21460.00000000,0.01597
1749263785,0.01496000,70655.00000000,0.01597
1749263785,0.01495000,31927.00000000,0.01597
1749263785,0.01494000,1420.00000000,0.01597
1749264086,0.01596000,533642.00000000,0.01597
1749264086,0.01595000,1928403.00000000,0.01597
1749264086,0.01594000,2735654.00000000,0.01597
1749264086,0.01593000,2369728.00000000,0.01597
1749264086,0.01592000,1894161.00000000,0.01597
1749264086,0.01591000,2778673.00000000,0.01597
1749264086,0.01590000,494699.00000000,0.01597
1749264086,0.01589000,499143.00000000,0.01597
1749264086,0.01588000,504839.00000000,0.01597
1749264086,0.01587000,2626043.00000000,0.01597
1749264086,0.01586000,613794.00000000,0.01597
1749264086,0.01585000,213688.00000000,0.01597
1749264086,0.01584000,634383.00000000,0.01597
1749264086,0.01583000,285406.00000000,0.01597
1749264086,0.01582000,1922062.00000000,0.01597
1749264086,0.01581000,141474.00000000,0.01597
1749264086,0.01580000,333934.00000000,0.01597
1749264086,0.01579000,1184112.00000000,0.01597
1749264086,0.01578000,178767.00000000,0.01597
1749264086,0.01577000,127261.00000000,0.01597
1749264086,0.01576000,67170.00000000,0.01597
1749264086,0.01575000,64111.00000000,0.01597
1749264086,0.01574000,122444.00000000,0.01597
1749264086,0.01573000,158869.00000000,0.01597
1749264086,0.01572000,65934.00000000,0.01597
1749264086,0.01571000,65588.00000000,0.01597
1749264086,0.01570000,292937.00000000,0.01597
1749264086,0.01569000,2396617.00000000,0.01597
1749264086,0.01568000,64116.00000000,0.01597
1749264086,0.01567000,65697.00000000,0.01597
1749264086,0.01566000,64118.00000000,0.01597
1749264086,0.01565000,64824.00000000,0.01597
1749264086,0.01564000,64933.00000000,0.01597
1749264086,0.01563000,61387.00000000,0.01597
1749264086,0.01562000,272349.00000000,0.01597
1749264086,0.01561000,67104.00000000,0.01597
1749264086,0.01560000,86959.00000000,0.01597
1749264086,0.01559000,64347.00000000,0.01597
1749264086,0.01558000,63642.00000000,0.01597
1749264086,0.01557000,480238.00000000,0.01597
1749264086,0.01556000,66280.00000000,0.01597
1749264086,0.01555000,7073.00000000,0.01597
1749264086,0.01554000,644.00000000,0.01597
1749264086,0.01553000,1350.00000000,0.01597
1749264086,0.01552000,1041.00000000,0.01597
1749264086,0.01551000,2822.00000000,0.01597
1749264086,0.01550000,67500.00000000,0.01597
1749264086,0.01549000,646.00000000,0.01597
1749264086,0.01548000,1761.00000000,0.01597
1749264086,0.01547000,646.00000000,0.01597
1749264086,0.01546000,1353.00000000,0.01597
1749264086,0.01545000,445599.00000000,0.01597
1749264086,0.01544000,647.00000000,0.01597
1749264086,0.01543000,982.00000000,0.01597
1749264086,0.01542000,1463.00000000,0.01597
1749264086,0.01541000,58007.00000000,0.01597
1749264086,0.01540000,3829.00000000,0.01597
1749264086,0.01539000,636.00000000,0.01597
1749264086,0.01538000,139956.00000000,0.01597
1749264086,0.01537000,636.00000000,0.01597
1749264086,0.01536000,1268.00000000,0.01597
1749264086,0.01535000,52654.00000000,0.01597
1749264086,0.01534000,1342.00000000,0.01597
1749264086,0.01533000,206352.00000000,0.01597
1749264086,0.01532000,1320.00000000,0.01597
1749264086,0.01531000,2149.00000000,0.01597
1749264086,0.01530000,303265.00000000,0.01597
1749264086,0.01529000,636.00000000,0.01597
1749264086,0.01528000,1809.00000000,0.01597
1749264086,0.01527000,1564.00000000,0.01597
1749264086,0.01526000,4919.00000000,0.01597
1749264086,0.01525000,50966.00000000,0.01597
1749264086,0.01524000,1741.00000000,0.01597
1749264086,0.01523000,625.00000000,0.01597
1749264086,0.01522000,26662.00000000,0.01597
1749264086,0.01521000,4703.00000000,0.01597
1749264086,0.01520000,94151.00000000,0.01597
1749264086,0.01519000,2746.00000000,0.01597
1749264086,0.01517000,1318.00000000,0.01597
1749264086,0.01515000,11712.00000000,0.01597
1749264086,0.01514000,1205.00000000,0.01597
1749264086,0.01513000,110684.00000000,0.01597
1749264086,0.01512000,1293.00000000,0.01597
1749264086,0.01511000,565.00000000,0.01597
1749264086,0.01510000,19662.00000000,0.01597
1749264086,0.01509000,706.00000000,0.01597
1749264086,0.01507000,448.00000000,0.01597
1749264086,0.01506000,13280.00000000,0.01597
1749264086,0.01505000,772897.00000000,0.01597
1749264086,0.01504000,75296.00000000,0.01597
1749264086,0.01503000,2263.00000000,0.01597
1749264086,0.01502000,871.00000000,0.01597
1749264086,0.01501000,17766.00000000,0.01597
1749264086,0.01500000,1451884.00000000,0.01597
1749264086,0.01499000,341.00000000,0.01597
1749264086,0.01498000,822976.00000000,0.01597
1749264086,0.01497000,21460.00000000,0.01597
1749264086,0.01496000,58516.00000000,0.01597
1749264086,0.01495000,31927.00000000,0.01597
1749264086,0.01494000,1420.00000000,0.01597
1749264388,0.01598000,616464.00000000,0.01598
1749264388,0.01597000,1718857.00000000,0.01598
1749264388,0.01596000,2566646.00000000,0.01598
1749264388,0.01595000,2197381.00000000,0.01598
1749264388,0.01594000,1002590.00000000,0.01598
1749264388,0.01593000,915607.00000000,0.01598
1749264388,0.01592000,2760502.00000000,0.01598
1749264388,0.01591000,2086799.00000000,0.01598
1749264388,0.01590000,559734.00000000,0.01598
1749264388,0.01589000,597217.00000000,0.01598
1749264388,0.01588000,492288.00000000,0.01598
1749264388,0.01587000,2841692.00000000,0.01598
1749264388,0.01586000,212982.00000000,0.01598
1749264388,0.01585000,213688.00000000,0.01598
1749264388,0.01584000,276539.00000000,0.01598
1749264388,0.01583000,482143.00000000,0.01598
1749264388,0.01582000,1884217.00000000,0.01598
1749264388,0.01581000,140843.00000000,0.01598
1749264388,0.01580000,233326.00000000,0.01598
1749264388,0.01579000,134399.00000000,0.01598
1749264388,0.01578000,184985.00000000,0.01598
1749264388,0.01577000,750314.00000000,0.01598
1749264388,0.01576000,641537.00000000,0.01598
1749264388,0.01575000,64111.00000000,0.01598
1749264388,0.01574000,86913.00000000,0.01598
1749264388,0.01573000,83898.00000000,0.01598
1749264388,0.01572000,122978.00000000,0.01598
1749264388,0.01571000,115984.00000000,0.01598
1749264388,0.01570000,127200.00000000,0.01598
1749264388,0.01569000,2396617.00000000,0.01598
1749264388,0.01568000,64116.00000000,0.01598
1749264388,0.01567000,65697.00000000,0.01598
1749264388,0.01566000,64118.00000000,0.01598
1749264388,0.01565000,272654.00000000,0.01598
1749264388,0.01564000,64933.00000000,0.01598
1749264388,0.01563000,61387.00000000,0.01598
1749264388,0.01562000,272349.00000000,0.01598
1749264388,0.01561000,67104.00000000,0.01598
1749264388,0.01560000,86959.00000000,0.01598
1749264388,0.01559000,64347.00000000,0.01598
1749264388,0.01558000,63642.00000000,0.01598
1749264388,0.01557000,480238.00000000,0.01598
1749264388,0.01556000,72695.00000000,0.01598
1749264388,0.01555000,7073.00000000,0.01598
1749264388,0.01554000,644.00000000,0.01598
1749264388,0.01553000,1350.00000000,0.01598
1749264388,0.01552000,1041.00000000,0.01598
1749264388,0.01551000,2822.00000000,0.01598
1749264388,0.01550000,67500.00000000,0.01598
1749264388,0.01549000,646.00000000,0.01598
1749264388,0.01548000,1761.00000000,0.01598
1749264388,0.01547000,646.00000000,0.01598
1749264388,0.01546000,1353.00000000,0.01598
1749264388,0.01545000,445599.00000000,0.01598
1749264388,0.01544000,647.00000000,0.01598
1749264388,0.01543000,982.00000000,0.01598
1749264388,0.01542000,1463.00000000,0.01598
1749264388,0.01541000,58007.00000000,0.01598
1749264388,0.01540000,3829.00000000,0.01598
1749264388,0.01539000,636.00000000,0.01598
1749264388,0.01538000,139956.00000000,0.01598
1749264388,0.01537000,20102.00000000,0.01598
1749264388,0.01536000,1268.00000000,0.01598
1749264388,0.01535000,46402.00000000,0.01598
1749264388,0.01534000,1342.00000000,0.01598
1749264388,0.01533000,206352.00000000,0.01598
1749264388,0.01532000,1320.00000000,0.01598
1749264388,0.01531000,2149.00000000,0.01598
1749264388,0.01530000,303265.00000000,0.01598
1749264388,0.01529000,636.00000000,0.01598
1749264388,0.01528000,1809.00000000,0.01598
1749264388,0.01527000,1564.00000000,0.01598
1749264388,0.01526000,4919.00000000,0.01598
1749264388,0.01525000,50966.00000000,0.01598
1749264388,0.01524000,1741.00000000,0.01598
1749264388,0.01523000,625.00000000,0.01598
1749264388,0.01522000,6570.00000000,0.01598
1749264388,0.01521000,4077.00000000,0.01598
1749264388,0.01520000,94151.00000000,0.01598
1749264388,0.01519000,2746.00000000,0.01598
1749264388,0.01517000,1977.00000000,0.01598
1749264388,0.01516000,1980.00000000,0.01598
1749264388,0.01515000,9732.00000000,0.01598
1749264388,0.01514000,544.00000000,0.01598
1749264388,0.01513000,110684.00000000,0.01598
1749264388,0.01512000,1293.00000000,0.01598
1749264388,0.01511000,565.00000000,0.01598
1749264388,0.01510000,19662.00000000,0.01598
1749264388,0.01509000,706.00000000,0.01598
1749264388,0.01507000,448.00000000,0.01598
1749264388,0.01506000,13280.00000000,0.01598
1749264388,0.01505000,772897.00000000,0.01598
1749264388,0.01504000,75296.00000000,0.01598
1749264388,0.01503000,2263.00000000,0.01598
1749264388,0.01502000,871.00000000,0.01598
1749264388,0.01501000,17766.00000000,0.01598
1749264388,0.01500000,1451884.00000000,0.01598
1749264388,0.01499000,341.00000000,0.01598
1749264388,0.01498000,822976.00000000,0.01598
1749264388,0.01497000,21460.00000000,0.01598
1749264689,0.01596000,578514.00000000,0.01597
1749264689,0.01595000,2589465.00000000,0.01597
1749264689,0.01594000,2536377.00000000,0.01597
1749264689,0.01593000,2675604.00000000,0.01597
1749264689,0.01592000,2996808.00000000,0.01597
1749264689,0.01591000,2439835.00000000,0.01597
1749264689,0.01590000,494768.00000000,0.01597
1749264689,0.01589000,665732.00000000,0.01597
1749264689,0.01588000,771777.00000000,0.01597
1749264689,0.01587000,2446539.00000000,0.01597
1749264689,0.01586000,801793.00000000,0.01597
1749264689,0.01585000,213688.00000000,0.01597
1749264689,0.01584000,367790.00000000,0.01597
1749264689,0.01583000,223086.00000000,0.01597
1749264689,0.01582000,1884217.00000000,0.01597
1749264689,0.01581000,129197.00000000,0.01597
1749264689,0.01580000,171994.00000000,0.01597
1749264689,0.01579000,134399.00000000,0.01597
1749264689,0.01578000,169399.00000000,0.01597
1749264689,0.01577000,1137001.00000000,0.01597
1749264689,0.01576000,270489.00000000,0.01597
1749264689,0.01575000,67173.00000000,0.01597
1749264689,0.01574000,65273.00000000,0.01597
1749264689,0.01573000,105531.00000000,0.01597
1749264689,0.01572000,119910.00000000,0.01597
1749264689,0.01571000,99910.00000000,0.01597
1749264689,0.01570000,113985.00000000,0.01597
1749264689,0.01569000,1343677.00000000,0.01597
1749264689,0.01568000,64116.00000000,0.01597
1749264689,0.01567000,65697.00000000,0.01597
1749264689,0.01566000,64118.00000000,0.01597
1749264689,0.01565000,64824.00000000,0.01597
1749264689,0.01564000,64933.00000000,0.01597
1749264689,0.01563000,61387.00000000,0.01597
1749264689,0.01562000,272349.00000000,0.01597
1749264689,0.01561000,67104.00000000,0.01597
1749264689,0.01560000,86959.00000000,0.01597
1749264689,0.01559000,234442.00000000,0.01597
1749264689,0.01558000,1323882.00000000,0.01597
1749264689,0.01557000,480238.00000000,0.01597
1749264689,0.01556000,72695.00000000,0.01597
1749264689,0.01555000,7073.00000000,0.01597
1749264689,0.01554000,153474.00000000,0.01597
1749264689,0.01553000,1350.00000000,0.01597
1749264689,0.01552000,1041.00000000,0.01597
1749264689,0.01551000,2822.00000000,0.01597
1749264689,0.01550000,67500.00000000,0.01597
1749264689,0.01549000,646.00000000,0.01597
1749264689,0.01548000,1761.00000000,0.01597
1749264689,0.01547000,646.00000000,0.01597
1749264689,0.01546000,1353.00000000,0.01597
1749264689,0.01545000,445599.00000000,0.01597
1749264689,0.01544000,647.00000000,0.01597
1749264689,0.01543000,982.00000000,0.01597
1749264689,0.01542000,1463.00000000,0.01597
1749264689,0.01541000,58007.00000000,0.01597
1749264689,0.01540000,3829.00000000,0.01597
1749264689,0.01539000,636.00000000,0.01597
1749264689,0.01538000,139956.00000000,0.01597
1749264689,0.01537000,20102.00000000,0.01597
1749264689,0.01536000,1268.00000000,0.01597
1749264689,0.01535000,31804.00000000,0.01597
1749264689,0.01534000,1342.00000000,0.01597
1749264689,0.01533000,206352.00000000,0.01597
1749264689,0.01532000,1320.00000000,0.01597
1749264689,0.01531000,2149.00000000,0.01597
1749264689,0.01530000,303265.00000000,0.01597
1749264689,0.01529000,636.00000000,0.01597
1749264689,0.01528000,1809.00000000,0.01597
1749264689,0.01527000,1564.00000000,0.01597
1749264689,0.01526000,4919.00000000,0.01597
1749264689,0.01525000,50966.00000000,0.01597
1749264689,0.01524000,1741.00000000,0.01597
1749264689,0.01523000,626.00000000,0.01597
1749264689,0.01522000,7196.00000000,0.01597
1749264689,0.01521000,4703.00000000,0.01597
1749264689,0.01520000,94151.00000000,0.01597
1749264689,0.01519000,2746.00000000,0.01597
1749264689,0.01518000,2636.00000000,0.01597
1749264689,0.01516000,1320.00000000,0.01597
1749264689,0.01515000,9732.00000000,0.01597
1749264689,0.01514000,544.00000000,0.01597
1749264689,0.01513000,110684.00000000,0.01597
1749264689,0.01512000,1293.00000000,0.01597
1749264689,0.01511000,565.00000000,0.01597
1749264689,0.01510000,19662.00000000,0.01597
1749264689,0.01509000,706.00000000,0.01597
1749264689,0.01507000,448.00000000,0.01597
1749264689,0.01506000,13280.00000000,0.01597
1749264689,0.01505000,772897.00000000,0.01597
1749264689,0.01504000,75296.00000000,0.01597
1749264689,0.01503000,2263.00000000,0.01597
1749264689,0.01502000,871.00000000,0.01597
1749264689,0.01501000,17766.00000000,0.01597
1749264689,0.01500000,1451884.00000000,0.01597
1749264689,0.01499000,341.00000000,0.01597
1749264689,0.01498000,822976.00000000,0.01597
1749264689,0.01497000,21460.00000000,0.01597
1749264689,0.01496000,35539.00000000,0.01597
1749264689,0.01495000,31927.00000000,0.01597
1749264991,0.01600000,739380.00000000,0.016
1749264991,0.01599000,1960656.00000000,0.016
1749264991,0.01598000,3182920.00000000,0.016
1749264991,0.01597000,2058084.00000000,0.016
1749264991,0.01596000,1227878.00000000,0.016
1749264991,0.01595000,795915.00000000,0.016
1749264991,0.01594000,1368183.00000000,0.016
1749264991,0.01593000,608768.00000000,0.016
1749264991,0.01592000,1737361.00000000,0.016
1749264991,0.01591000,2250338.00000000,0.016
1749264991,0.01590000,785705.00000000,0.016
1749264991,0.01589000,397175.00000000,0.016
1749264991,0.01588000,239326.00000000,0.016
1749264991,0.01587000,2343887.00000000,0.016
1749264991,0.01586000,237925.00000000,0.016
1749264991,0.01585000,371532.00000000,0.016
1749264991,0.01584000,252167.00000000,0.016
1749264991,0.01583000,190801.00000000,0.016
1749264991,0.01582000,2515405.00000000,0.016
1749264991,0.01581000,541869.00000000,0.016
1749264991,0.01580000,171473.00000000,0.016
1749264991,0.01579000,134399.00000000,0.016
1749264991,0.01578000,334083.00000000,0.016
1749264991,0.01577000,228660.00000000,0.016
1749264991,0.01576000,64110.00000000,0.016
1749264991,0.01575000,67173.00000000,0.016
1749264991,0.01574000,128694.00000000,0.016
1749264991,0.01573000,83898.00000000,0.016
1749264991,0.01572000,65934.00000000,0.016
1749264991,0.01571000,65588.00000000,0.016
1749264991,0.01570000,1367851.00000000,0.016
1749264991,0.01569000,1136377.00000000,0.016
1749264991,0.01568000,64116.00000000,0.016
1749264991,0.01567000,65697.00000000,0.016
1749264991,0.01566000,271815.00000000,0.016
1749264991,0.01565000,64824.00000000,0.016
1749264991,0.01564000,64933.00000000,0.016
1749264991,0.01563000,61387.00000000,0.016
1749264991,0.01562000,64120.00000000,0.016
1749264991,0.01561000,66624.00000000,0.016
1749264991,0.01560000,86959.00000000,0.016
1749264991,0.01559000,234442.00000000,0.016
1749264991,0.01558000,63642.00000000,0.016
1749264991,0.01557000,417238.00000000,0.016
1749264991,0.01556000,9695.00000000,0.016
1749264991,0.01555000,7073.00000000,0.016
1749264991,0.01554000,153474.00000000,0.016
1749264991,0.01553000,1350.00000000,0.016
1749264991,0.01552000,1041.00000000,0.016
1749264991,0.01551000,2822.00000000,0.016
1749264991,0.01550000,67500.00000000,0.016
1749264991,0.01549000,646.00000000,0.016
1749264991,0.01548000,1761.00000000,0.016
1749264991,0.01547000,646.00000000,0.016
1749264991,0.01546000,1353.00000000,0.016
1749264991,0.01545000,445599.00000000,0.016
1749264991,0.01544000,647.00000000,0.016
1749264991,0.01543000,982.00000000,0.016
1749264991,0.01542000,1463.00000000,0.016
1749264991,0.01541000,58007.00000000,0.016
1749264991,0.01540000,3829.00000000,0.016
1749264991,0.01539000,636.00000000,0.016
1749264991,0.01538000,139956.00000000,0.016
1749264991,0.01537000,20102.00000000,0.016
1749264991,0.01536000,1268.00000000,0.016
1749264991,0.01535000,24763.00000000,0.016
1749264991,0.01534000,1342.00000000,0.016
1749264991,0.01533000,206352.00000000,0.016
1749264991,0.01532000,1320.00000000,0.016
1749264991,0.01531000,2149.00000000,0.016
1749264991,0.01530000,303265.00000000,0.016
1749264991,0.01529000,636.00000000,0.016
1749264991,0.01528000,1809.00000000,0.016
1749264991,0.01527000,1564.00000000,0.016
1749264991,0.01526000,4907.00000000,0.016
1749264991,0.01525000,50966.00000000,0.016
1749264991,0.01524000,1116.00000000,0.016
1749264991,0.01522000,6570.00000000,0.016
1749264991,0.01521000,4077.00000000,0.016
1749264991,0.01520000,94151.00000000,0.016
1749264991,0.01519000,2746.00000000,0.016
1749264991,0.01518000,2636.00000000,0.016
1749264991,0.01516000,1320.00000000,0.016
1749264991,0.01515000,9732.00000000,0.016
1749264991,0.01514000,544.00000000,0.016
1749264991,0.01513000,110684.00000000,0.016
1749264991,0.01512000,1293.00000000,0.016
1749264991,0.01511000,565.00000000,0.016
1749264991,0.01510000,19662.00000000,0.016
1749264991,0.01509000,706.00000000,0.016
1749264991,0.01507000,448.00000000,0.016
1749264991,0.01506000,13280.00000000,0.016
1749264991,0.01505000,772897.00000000,0.016
1749264991,0.01504000,75296.00000000,0.016
1749264991,0.01503000,2263.00000000,0.016
1749264991,0.01502000,871.00000000,0.016
1749264991,0.01501000,17766.00000000,0.016
1749264991,0.01500000,1451884.00000000,0.016
1749264991,0.01499000,341.00000000,0.016
1749264991,0.01498000,822976.00000000,0.016
1749265297,0.01598000,585207.00000000,0.01599
1749265297,0.01597000,2470168.00000000,0.01599
1749265297,0.01596000,3101521.00000000,0.01599
1749265297,0.01595000,3390982.00000000,0.01599
1749265297,0.01594000,2801251.00000000,0.01599
1749265297,0.01593000,2518347.00000000,0.01599
1749265297,0.01592000,445505.00000000,0.01599
1749265297,0.01591000,826707.00000000,0.01599
1749265297,0.01590000,2456787.00000000,0.01599
1749265297,0.01589000,357290.00000000,0.01599
1749265297,0.01588000,439243.00000000,0.01599
1749265297,0.01587000,868641.00000000,0.01599
1749265297,0.01586000,165619.00000000,0.01599
1749265297,0.01585000,371532.00000000,0.01599
1749265297,0.01584000,295504.00000000,0.01599
1749265297,0.01583000,211425.00000000,0.01599
1749265297,0.01582000,2275846.00000000,0.01599
1749265297,0.01581000,128723.00000000,0.01599
1749265297,0.01580000,128077.00000000,0.01599
1749265297,0.01579000,757452.00000000,0.01599
1749265297,0.01578000,149224.00000000,0.01599
1749265297,0.01577000,1197044.00000000,0.01599
1749265297,0.01576000,64110.00000000,0.01599
1749265297,0.01575000,85714.00000000,0.01599
1749265297,0.01574000,338399.00000000,0.01599
1749265297,0.01573000,105795.00000000,0.01599
1749265297,0.01572000,65934.00000000,0.01599
1749265297,0.01571000,65588.00000000,0.01599
1749265297,0.01570000,103794.00000000,0.01599
1749265297,0.01569000,66594.00000000,0.01599
1749265297,0.01568000,64116.00000000,0.01599
1749265297,0.01567000,65697.00000000,0.01599
1749265297,0.01566000,271815.00000000,0.01599
1749265297,0.01565000,64824.00000000,0.01599
1749265297,0.01564000,64933.00000000,0.01599
1749265297,0.01563000,61387.00000000,0.01599
1749265297,0.01562000,64120.00000000,0.01599
1749265297,0.01561000,66624.00000000,0.01599
1749265297,0.01560000,86959.00000000,0.01599
1749265297,0.01559000,234442.00000000,0.01599
1749265297,0.01558000,1323882.00000000,0.01599
1749265297,0.01557000,417238.00000000,0.01599
1749265297,0.01556000,3280.00000000,0.01599
1749265297,0.01555000,7073.00000000,0.01599
1749265297,0.01554000,153474.00000000,0.01599
1749265297,0.01553000,1350.00000000,0.01599
1749265297,0.01552000,1041.00000000,0.01599
1749265297,0.01551000,2822.00000000,0.01599
1749265297,0.01550000,67500.00000000,0.01599
1749265297,0.01549000,646.00000000,0.01599
1749265297,0.01548000,1761.00000000,0.01599
1749265297,0.01547000,646.00000000,0.01599
1749265297,0.01546000,1353.00000000,0.01599
1749265297,0.01545000,445599.00000000,0.01599
1749265297,0.01544000,647.00000000,0.01599
1749265297,0.01543000,982.00000000,0.01599
1749265297,0.01542000,1463.00000000,0.01599
1749265297,0.01541000,58007.00000000,0.01599
1749265297,0.01540000,3829.00000000,0.01599
1749265297,0.01539000,636.00000000,0.01599
1749265297,0.01538000,139956.00000000,0.01599
1749265297,0.01537000,20102.00000000,0.01599
1749265297,0.01536000,1268.00000000,0.01599
1749265297,0.01535000,20547.00000000,0.01599
1749265297,0.01534000,1342.00000000,0.01599
1749265297,0.01533000,206352.00000000,0.01599
1749265297,0.01532000,1320.00000000,0.01599
1749265297,0.01531000,2149.00000000,0.01599
1749265297,0.01530000,303265.00000000,0.01599
1749265297,0.01529000,636.00000000,0.01599
1749265297,0.01528000,1809.00000000,0.01599
1749265297,0.01527000,1564.00000000,0.01599
1749265297,0.01526000,4907.00000000,0.01599
1749265297,0.01525000,50966.00000000,0.01599
1749265297,0.01524000,1741.00000000,0.01599
1749265297,0.01523000,625.00000000,0.01599
1749265297,0.01522000,6570.00000000,0.01599
1749265297,0.01521000,6709.00000000,0.01599
1749265297,0.01520000,94151.00000000,0.01599
1749265297,0.01519000,2746.00000000,0.01599
1749265297,0.01518000,1318.00000000,0.01599
1749265297,0.01515000,9732.00000000,0.01599
1749265297,0.01514000,544.00000000,0.01599
1749265297,0.01513000,110684.00000000,0.01599
1749265297,0.01512000,1293.00000000,0.01599
1749265297,0.01511000,565.00000000,0.01599
1749265297,0.01510000,19662.00000000,0.01599
1749265297,0.01509000,706.00000000,0.01599
1749265297,0.01507000,448.00000000,0.01599
1749265297,0.01506000,13280.00000000,0.01599
1749265297,0.01505000,772897.00000000,0.01599
1749265297,0.01504000,75296.00000000,0.01599
1749265297,0.01503000,2263.00000000,0.01599
1749265297,0.01502000,871.00000000,0.01599
1749265297,0.01501000,17766.00000000,0.01599
1749265297,0.01500000,1451884.00000000,0.01599
1749265297,0.01499000,341.00000000,0.01599
1749265297,0.01498000,822976.00000000,0.01599
1749265297,0.01497000,21460.00000000,0.01599
1749265297,0.01496000,23132.00000000,0.01599
1749265599,0.01604000,653633.00000000,0.01605
1749265599,0.01603000,1635056.00000000,0.01605
1749265599,0.01602000,1578415.00000000,0.01605
1749265599,0.01601000,2241752.00000000,0.01605
1749265599,0.01600000,1170625.00000000,0.01605
1749265599,0.01599000,678428.00000000,0.01605
1749265599,0.01598000,431498.00000000,0.01605
1749265599,0.01597000,589332.00000000,0.01605
1749265599,0.01596000,1322019.00000000,0.01605
1749265599,0.01595000,1282471.00000000,0.01605
1749265599,0.01594000,1565924.00000000,0.01605
1749265599,0.01593000,1992577.00000000,0.01605
1749265599,0.01592000,139782.00000000,0.01605
1749265599,0.01591000,293047.00000000,0.01605
1749265599,0.01590000,2277523.00000000,0.01605
1749265599,0.01589000,184551.00000000,0.01605
1749265599,0.01588000,284369.00000000,0.01605
1749265599,0.01587000,1859035.00000000,0.01605
1749265599,0.01586000,127728.00000000,0.01605
1749265599,0.01585000,1294960.00000000,0.01605
1749265599,0.01584000,176900.00000000,0.01605
1749265599,0.01583000,190327.00000000,0.01605
1749265599,0.01582000,198462.00000000,0.01605
1749265599,0.01581000,150269.00000000,0.01605
1749265599,0.01580000,172321.00000000,0.01605
1749265599,0.01579000,472377.00000000,0.01605
1749265599,0.01578000,127966.00000000,0.01605
1749265599,0.01577000,1197441.00000000,0.01605
1749265599,0.01576000,64110.00000000,0.01605
1749265599,0.01575000,90699.00000000,0.01605
1749265599,0.01574000,65273.00000000,0.01605
1749265599,0.01573000,83898.00000000,0.01605
1749265599,0.01572000,67509.00000000,0.01605
1749265599,0.01571000,65588.00000000,0.01605
1749265599,0.01570000,307812.00000000,0.01605
1749265599,0.01569000,66594.00000000,0.01605
1749265599,0.01568000,64116.00000000,0.01605
1749265599,0.01567000,64117.00000000,0.01605
1749265599,0.01566000,64118.00000000,0.01605
1749265599,0.01565000,64824.00000000,0.01605
1749265599,0.01564000,64453.00000000,0.01605
1749265599,0.01563000,60907.00000000,0.01605
1749265599,0.01562000,63640.00000000,0.01605
1749265599,0.01561000,3624.00000000,0.01605
1749265599,0.01560000,24607.00000000,0.01605
1749265599,0.01559000,171442.00000000,0.01605
1749265599,0.01558000,1260882.00000000,0.01605
1749265599,0.01557000,417238.00000000,0.01605
1749265599,0.01556000,3280.00000000,0.01605
1749265599,0.01555000,7073.00000000,0.01605
1749265599,0.01554000,153474.00000000,0.01605
1749265599,0.01553000,1350.00000000,0.01605
1749265599,0.01552000,1041.00000000,0.01605
1749265599,0.01551000,2822.00000000,0.01605
1749265599,0.01550000,68418.00000000,0.01605
1749265599,0.01549000,646.00000000,0.01605
1749265599,0.01548000,1761.00000000,0.01605
1749265599,0.01547000,646.00000000,0.01605
1749265599,0.01546000,1353.00000000,0.01605
1749265599,0.01545000,445599.00000000,0.01605
1749265599,0.01544000,647.00000000,0.01605
1749265599,0.01543000,982.00000000,0.01605
1749265599,0.01542000,1463.00000000,0.01605
1749265599,0.01541000,58007.00000000,0.01605
1749265599,0.01540000,3829.00000000,0.01605
1749265599,0.01539000,636.00000000,0.01605
1749265599,0.01538000,139956.00000000,0.01605
1749265599,0.01537000,20102.00000000,0.01605
1749265599,0.01536000,1268.00000000,0.01605
1749265599,0.01535000,17067.00000000,0.01605
1749265599,0.01534000,1342.00000000,0.01605
1749265599,0.01533000,206352.00000000,0.01605
1749265599,0.01532000,1320.00000000,0.01605
1749265599,0.01531000,2149.00000000,0.01605
1749265599,0.01530000,303265.00000000,0.01605
1749265599,0.01529000,623.00000000,0.01605
1749265599,0.01528000,1173.00000000,0.01605
1749265599,0.01527000,928.00000000,0.01605
1749265599,0.01526000,4283.00000000,0.01605
1749265599,0.01525000,50341.00000000,0.01605
1749265599,0.01524000,2428.00000000,0.01605
1749265599,0.01522000,6570.00000000,0.01605
1749265599,0.01521000,6709.00000000,0.01605
1749265599,0.01520000,94151.00000000,0.01605
1749265599,0.01519000,2746.00000000,0.01605
1749265599,0.01515000,9732.00000000,0.01605
1749265599,0.01514000,544.00000000,0.01605
1749265599,0.01513000,110684.00000000,0.01605
1749265599,0.01512000,1293.00000000,0.01605
1749265599,0.01511000,565.00000000,0.01605
1749265599,0.01510000,19662.00000000,0.01605
1749265599,0.01509000,706.00000000,0.01605
1749265599,0.01507000,448.00000000,0.01605
1749265599,0.01506000,13280.00000000,0.01605
1749265599,0.01505000,772897.00000000,0.01605
1749265599,0.01504000,75296.00000000,0.01605
1749265599,0.01503000,2263.00000000,0.01605
1749265599,0.01502000,871.00000000,0.01605
1749265599,0.01501000,17766.00000000,0.01605
1749265599,0.01500000,1451884.00000000,0.01605
1749265901,0.01610000,816407.00000000,0.0161
1749265901,0.01609000,1841694.00000000,0.0161
1749265901,0.01608000,1657840.00000000,0.0161
1749265901,0.01607000,1501651.00000000,0.0161
1749265901,0.01606000,1096620.00000000,0.0161
1749265901,0.01605000,1146520.00000000,0.0161
1749265901,0.01604000,642545.00000000,0.0161
1749265901,0.01603000,735042.00000000,0.0161
1749265901,0.01602000,1489293.00000000,0.0161
1749265901,0.01601000,2140102.00000000,0.0161
1749265901,0.01600000,953785.00000000,0.0161
1749265901,0.01599000,2371072.00000000,0.0161
1749265901,0.01598000,329515.00000000,0.0161
1749265901,0.01597000,422484.00000000,0.0161
1749265901,0.01596000,2383369.00000000,0.0161
1749265901,0.01595000,286562.00000000,0.0161
1749265901,0.01594000,212370.00000000,0.0161
1749265901,0.01593000,1851685.00000000,0.0161
1749265901,0.01592000,64721.00000000,0.0161
1749265901,0.01591000,1152455.00000000,0.0161
1749265901,0.01590000,156398.00000000,0.0161
1749265901,0.01589000,334608.00000000,0.0161
1749265901,0.01588000,130731.00000000,0.0161
1749265901,0.01587000,180156.00000000,0.0161
1749265901,0.01586000,135369.00000000,0.0161
1749265901,0.01585000,140231.00000000,0.0161
1749265901,0.01584000,275048.00000000,0.0161
1749265901,0.01583000,364258.00000000,0.0161
1749265901,0.01582000,158792.00000000,0.0161
1749265901,0.01581000,153333.00000000,0.0161
1749265901,0.01580000,2398001.00000000,0.0161
1749265901,0.01579000,69247.00000000,0.0161
1749265901,0.01578000,64815.00000000,0.0161
1749265901,0.01577000,66077.00000000,0.0161
1749265901,0.01576000,64110.00000000,0.0161
1749265901,0.01575000,64111.00000000,0.0161
1749265901,0.01574000,271914.00000000,0.0161
1749265901,0.01573000,64432.00000000,0.0161
1749265901,0.01572000,65934.00000000,0.0161
1749265901,0.01571000,97359.00000000,0.0161
1749265901,0.01570000,117082.00000000,0.0161
1749265901,0.01569000,66116.00000000,0.0161
1749265901,0.01568000,480234.00000000,0.0161
1749265901,0.01567000,83104.00000000,0.0161
1749265901,0.01566000,639.00000000,0.0161
1749265901,0.01565000,1345.00000000,0.0161
1749265901,0.01564000,1453.00000000,0.0161
1749265901,0.01563000,32573.00000000,0.0161
1749265901,0.01562000,1167.00000000,0.0161
1749265901,0.01561000,3624.00000000,0.0161
1749265901,0.01560000,24607.00000000,0.0161
1749265901,0.01559000,171442.00000000,0.0161
1749265901,0.01558000,642.00000000,0.0161
1749265901,0.01557000,642.00000000,0.0161
1749265901,0.01556000,411889.00000000,0.0161
1749265901,0.01555000,7073.00000000,0.0161
1749265901,0.01554000,163842.00000000,0.0161
1749265901,0.01553000,1350.00000000,0.0161
1749265901,0.01552000,1041.00000000,0.0161
1749265901,0.01551000,2822.00000000,0.0161
1749265901,0.01550000,76179.00000000,0.0161
1749265901,0.01549000,646.00000000,0.0161
1749265901,0.01548000,1761.00000000,0.0161
1749265901,0.01547000,646.00000000,0.0161
1749265901,0.01546000,1353.00000000,0.0161
1749265901,0.01545000,36990.00000000,0.0161
1749265901,0.01544000,205456.00000000,0.0161
1749265901,0.01543000,982.00000000,0.0161
1749265901,0.01542000,1463.00000000,0.0161
1749265901,0.01541000,50265.00000000,0.0161
1749265901,0.01540000,3829.00000000,0.0161
1749265901,0.01539000,636.00000000,0.0161
1749265901,0.01538000,139956.00000000,0.0161
1749265901,0.01537000,20102.00000000,0.0161
1749265901,0.01536000,1268.00000000,0.0161
1749265901,0.01535000,621.00000000,0.0161
1749265901,0.01534000,706.00000000,0.0161
1749265901,0.01533000,907.00000000,0.0161
1749265901,0.01532000,684.00000000,0.0161
1749265901,0.01531000,1513.00000000,0.0161
1749265901,0.01530000,302629.00000000,0.0161
1749265901,0.01528000,1828.00000000,0.0161
1749265901,0.01527000,928.00000000,0.0161
1749265901,0.01526000,4283.00000000,0.0161
1749265901,0.01525000,50341.00000000,0.0161
1749265901,0.01524000,2428.00000000,0.0161
1749265901,0.01522000,6570.00000000,0.0161
1749265901,0.01521000,6051.00000000,0.0161
1749265901,0.01520000,94151.00000000,0.0161
1749265901,0.01519000,2746.00000000,0.0161
1749265901,0.01515000,21155.00000000,0.0161
1749265901,0.01514000,544.00000000,0.0161
1749265901,0.01513000,110684.00000000,0.0161
1749265901,0.01512000,1293.00000000,0.0161
1749265901,0.01511000,565.00000000,0.0161
1749265901,0.01510000,19662.00000000,0.0161
1749265901,0.01509000,706.00000000,0.0161
1749265901,0.01507000,448.00000000,0.0161
1749265901,0.01506000,13280.00000000,0.0161
1749265901,0.01505000,772897.00000000,0.0161
1749266202,0.01613000,627679.00000000,0.01614
1749266202,0.01612000,1824738.00000000,0.01614
1749266202,0.01611000,1505596.00000000,0.01614
1749266202,0.01610000,1072570.00000000,0.01614
1749266202,0.01609000,959774.00000000,0.01614
1749266202,0.01608000,866132.00000000,0.01614
1749266202,0.01607000,1576195.00000000,0.01614
1749266202,0.01606000,576397.00000000,0.01614
1749266202,0.01605000,1942730.00000000,0.01614
1749266202,0.01604000,862334.00000000,0.01614
1749266202,0.01603000,2078552.00000000,0.01614
1749266202,0.01602000,2382026.00000000,0.01614
1749266202,0.01601000,398355.00000000,0.01614
1749266202,0.01600000,220993.00000000,0.01614
1749266202,0.01599000,256727.00000000,0.01614
1749266202,0.01598000,1873942.00000000,0.01614
1749266202,0.01597000,281276.00000000,0.01614
1749266202,0.01596000,128350.00000000,0.01614
1749266202,0.01595000,751174.00000000,0.01614
1749266202,0.01594000,639358.00000000,0.01614
1749266202,0.01593000,78575.00000000,0.01614
1749266202,0.01592000,64250.00000000,0.01614
1749266202,0.01591000,336721.00000000,0.01614
1749266202,0.01590000,168494.00000000,0.01614
1749266202,0.01589000,274607.00000000,0.01614
1749266202,0.01588000,1240247.00000000,0.01614
1749266202,0.01587000,127255.00000000,0.01614
1749266202,0.01586000,142382.00000000,0.01614
1749266202,0.01585000,128775.00000000,0.01614
1749266202,0.01584000,178889.00000000,0.01614
1749266202,0.01583000,95641.00000000,0.01614
1749266202,0.01582000,97206.00000000,0.01614
1749266202,0.01581000,72423.00000000,0.01614
1749266202,0.01580000,64926.00000000,0.01614
1749266202,0.01579000,69247.00000000,0.01614
1749266202,0.01578000,270932.00000000,0.01614
1749266202,0.01577000,64507.00000000,0.01614
1749266202,0.01576000,64110.00000000,0.01614
1749266202,0.01575000,64111.00000000,0.01614
1749266202,0.01574000,65273.00000000,0.01614
1749266202,0.01573000,95685.00000000,0.01614
1749266202,0.01572000,97207.00000000,0.01614
1749266202,0.01571000,65111.00000000,0.01614
1749266202,0.01570000,85291.00000000,0.01614
1749266202,0.01569000,1326356.00000000,0.01614
1749266202,0.01568000,417234.00000000,0.01614
1749266202,0.01567000,638.00000000,0.01614
1749266202,0.01566000,639.00000000,0.01614
1749266202,0.01565000,33238.00000000,0.01614
1749266202,0.01564000,33366.00000000,0.01614
1749266202,0.01563000,640.00000000,0.01614
1749266202,0.01562000,1167.00000000,0.01614
1749266202,0.01561000,3624.00000000,0.01614
1749266202,0.01560000,24607.00000000,0.01614
1749266202,0.01559000,1347.00000000,0.01614
1749266202,0.01558000,642.00000000,0.01614
1749266202,0.01557000,642.00000000,0.01614
1749266202,0.01556000,411889.00000000,0.01614
1749266202,0.01555000,7073.00000000,0.01614
1749266202,0.01554000,161002.00000000,0.01614
1749266202,0.01553000,1350.00000000,0.01614
1749266202,0.01552000,20507.00000000,0.01614
1749266202,0.01551000,2822.00000000,0.01614
1749266202,0.01550000,75261.00000000,0.01614
1749266202,0.01549000,646.00000000,0.01614
1749266202,0.01548000,1761.00000000,0.01614
1749266202,0.01547000,646.00000000,0.01614
1749266202,0.01546000,1353.00000000,0.01614
1749266202,0.01545000,36990.00000000,0.01614
1749266202,0.01544000,205456.00000000,0.01614
1749266202,0.01543000,982.00000000,0.01614
1749266202,0.01542000,1463.00000000,0.01614
1749266202,0.01541000,50265.00000000,0.01614
1749266202,0.01540000,3829.00000000,0.01614
1749266202,0.01539000,619.00000000,0.01614
1749266202,0.01538000,139940.00000000,0.01614
1749266202,0.01536000,632.00000000,0.01614
1749266202,0.01534000,706.00000000,0.01614
1749266202,0.01533000,907.00000000,0.01614
1749266202,0.01532000,684.00000000,0.01614
1749266202,0.01531000,1513.00000000,0.01614
1749266202,0.01530000,302629.00000000,0.01614
1749266202,0.01528000,1828.00000000,0.01614
1749266202,0.01527000,928.00000000,0.01614
1749266202,0.01526000,4283.00000000,0.01614
1749266202,0.01525000,50341.00000000,0.01614
1749266202,0.01524000,2428.00000000,0.01614
1749266202,0.01522000,6570.00000000,0.01614
1749266202,0.01521000,6051.00000000,0.01614
1749266202,0.01520000,95141.00000000,0.01614
1749266202,0.01519000,2746.00000000,0.01614
1749266202,0.01515000,18026.00000000,0.01614
1749266202,0.01514000,544.00000000,0.01614
1749266202,0.01513000,110684.00000000,0.01614
1749266202,0.01512000,1293.00000000,0.01614
1749266202,0.01511000,565.00000000,0.01614
1749266202,0.01510000,19662.00000000,0.01614
1749266202,0.01509000,706.00000000,0.01614
1749266202,0.01507000,448.00000000,0.01614
1749266202,0.01506000,13280.00000000,0.01614
1749266504,0.01604000,1191234.00000000,0.01605
1749266504,0.01603000,2090163.00000000,0.01605
1749266504,0.01602000,2016694.00000000,0.01605
1749266504,0.01601000,1873693.00000000,0.01605
1749266504,0.01600000,4049091.00000000,0.01605
1749266504,0.01599000,762079.00000000,0.01605
1749266504,0.01598000,770344.00000000,0.01605
1749266504,0.01597000,774895.00000000,0.01605
1749266504,0.01596000,2554763.00000000,0.01605
1749266504,0.01595000,1106225.00000000,0.01605
1749266504,0.01594000,2008840.00000000,0.01605
1749266504,0.01593000,170335.00000000,0.01605
1749266504,0.01592000,205110.00000000,0.01605
1749266504,0.01591000,313534.00000000,0.01605
1749266504,0.01590000,146752.00000000,0.01605
1749266504,0.01589000,332943.00000000,0.01605
1749266504,0.01588000,1828926.00000000,0.01605
1749266504,0.01587000,127255.00000000,0.01605
1749266504,0.01586000,504671.00000000,0.01605
1749266504,0.01585000,129296.00000000,0.01605
1749266504,0.01584000,384226.00000000,0.01605
1749266504,0.01583000,154323.00000000,0.01605
1749266504,0.01582000,95641.00000000,0.01605
1749266504,0.01581000,155390.00000000,0.01605
1749266504,0.01580000,69254.00000000,0.01605
1749266504,0.01579000,69247.00000000,0.01605
1749266504,0.01578000,64815.00000000,0.01605
1749266504,0.01577000,64507.00000000,0.01605
1749266504,0.01576000,64110.00000000,0.01605
1749266504,0.01575000,64111.00000000,0.01605
1749266504,0.01574000,271914.00000000,0.01605
1749266504,0.01573000,63636.00000000,0.01605
1749266504,0.01572000,65457.00000000,0.01605
1749266504,0.01571000,66687.00000000,0.01605
1749266504,0.01570000,84948.00000000,0.01605
1749266504,0.01569000,1326356.00000000,0.01605
1749266504,0.01568000,480234.00000000,0.01605
1749266504,0.01567000,638.00000000,0.01605
1749266504,0.01566000,639.00000000,0.01605
1749266504,0.01565000,1345.00000000,0.01605
1749266504,0.01564000,1453.00000000,0.01605
1749266504,0.01563000,640.00000000,0.01605
1749266504,0.01562000,170943.00000000,0.01605
1749266504,0.01561000,3624.00000000,0.01605
1749266504,0.01560000,24261.00000000,0.01605
1749266504,0.01559000,1347.00000000,0.01605
1749266504,0.01558000,642.00000000,0.01605
1749266504,0.01557000,642.00000000,0.01605
1749266504,0.01556000,411889.00000000,0.01605
1749266504,0.01555000,7073.00000000,0.01605
1749266504,0.01554000,158601.00000000,0.01605
1749266504,0.01553000,1350.00000000,0.01605
1749266504,0.01552000,20507.00000000,0.01605
1749266504,0.01551000,2822.00000000,0.01605
1749266504,0.01550000,75261.00000000,0.01605
1749266504,0.01549000,646.00000000,0.01605
1749266504,0.01548000,1761.00000000,0.01605
1749266504,0.01547000,646.00000000,0.01605
1749266504,0.01546000,1353.00000000,0.01605
1749266504,0.01545000,36990.00000000,0.01605
1749266504,0.01544000,205456.00000000,0.01605
1749266504,0.01543000,982.00000000,0.01605
1749266504,0.01542000,1463.00000000,0.01605
1749266504,0.01541000,50265.00000000,0.01605
1749266504,0.01540000,3829.00000000,0.01605
1749266504,0.01539000,619.00000000,0.01605
1749266504,0.01538000,139940.00000000,0.01605
1749266504,0.01537000,620.00000000,0.01605
1749266504,0.01536000,1252.00000000,0.01605
1749266504,0.01535000,621.00000000,0.01605
1749266504,0.01534000,1327.00000000,0.01605
1749266504,0.01533000,1529.00000000,0.01605
1749266504,0.01532000,1306.00000000,0.01605
1749266504,0.01531000,2135.00000000,0.01605
1749266504,0.01530000,303252.00000000,0.01605
1749266504,0.01529000,623.00000000,0.01605
1749266504,0.01528000,1828.00000000,0.01605
1749266504,0.01527000,928.00000000,0.01605
1749266504,0.01526000,4283.00000000,0.01605
1749266504,0.01525000,50341.00000000,0.01605
1749266504,0.01524000,2428.00000000,0.01605
1749266504,0.01522000,6570.00000000,0.01605
1749266504,0.01521000,6051.00000000,0.01605
1749266504,0.01520000,95141.00000000,0.01605
1749266504,0.01519000,2746.00000000,0.01605
1749266504,0.01515000,15380.00000000,0.01605
1749266504,0.01514000,544.00000000,0.01605
1749266504,0.01513000,110684.00000000,0.01605
1749266504,0.01512000,1293.00000000,0.01605
1749266504,0.01511000,565.00000000,0.01605
1749266504,0.01510000,19662.00000000,0.01605
1749266504,0.01509000,706.00000000,0.01605
1749266504,0.01507000,448.00000000,0.01605
1749266504,0.01506000,13280.00000000,0.01605
1749266504,0.01505000,772897.00000000,0.01605
1749266504,0.01504000,75296.00000000,0.01605
1749266504,0.01503000,2263.00000000,0.01605
1749266504,0.01502000,871.00000000,0.01605
1749266504,0.01501000,17766.00000000,0.01605
1749266504,0.01500000,1452884.00000000,0.01605
1749266805,0.01614000,962514.00000000,0.01614
1749266805,0.01613000,1191633.00000000,0.01614
1749266805,0.01612000,1841751.00000000,0.01614
1749266805,0.01611000,1111625.00000000,0.01614
1749266805,0.01610000,1073441.00000000,0.01614
1749266805,0.01609000,1035347.00000000,0.01614
1749266805,0.01608000,554121.00000000,0.01614
1749266805,0.01607000,517028.00000000,0.01614
1749266805,0.01606000,650579.00000000,0.01614
1749266805,0.01605000,528060.00000000,0.01614
1749266805,0.01604000,1008449.00000000,0.01614
1749266805,0.01603000,1326154.00000000,0.01614
1749266805,0.01602000,405703.00000000,0.01614
1749266805,0.01601000,1635149.00000000,0.01614
1749266805,0.01600000,1877650.00000000,0.01614
1749266805,0.01599000,2265767.00000000,0.01614
1749266805,0.01598000,150924.00000000,0.01614
1749266805,0.01597000,364387.00000000,0.01614
1749266805,0.01596000,128350.00000000,0.01614
1749266805,0.01595000,799583.00000000,0.01614
1749266805,0.01594000,2025185.00000000,0.01614
1749266805,0.01593000,502303.00000000,0.01614
1749266805,0.01592000,127250.00000000,0.01614
1749266805,0.01591000,132288.00000000,0.01614
1749266805,0.01590000,172836.00000000,0.01614
1749266805,0.01589000,128252.00000000,0.01614
1749266805,0.01588000,1458324.00000000,0.01614
1749266805,0.01587000,189636.00000000,0.01614
1749266805,0.01586000,127255.00000000,0.01614
1749266805,0.01585000,128775.00000000,0.01614
1749266805,0.01584000,178889.00000000,0.01614
1749266805,0.01583000,95641.00000000,0.01614
1749266805,0.01582000,95641.00000000,0.01614
1749266805,0.01581000,98763.00000000,0.01614
1749266805,0.01580000,64585.00000000,0.01614
1749266805,0.01579000,69247.00000000,0.01614
1749266805,0.01578000,270932.00000000,0.01614
1749266805,0.01577000,68367.00000000,0.01614
1749266805,0.01576000,64110.00000000,0.01614
1749266805,0.01575000,64111.00000000,0.01614
1749266805,0.01574000,65273.00000000,0.01614
1749266805,0.01573000,63636.00000000,0.01614
1749266805,0.01572000,2457.00000000,0.01614
1749266805,0.01571000,2111.00000000,0.01614
1749266805,0.01570000,21948.00000000,0.01614
1749266805,0.01569000,1263356.00000000,0.01614
1749266805,0.01568000,417234.00000000,0.01614
1749266805,0.01567000,638.00000000,0.01614
1749266805,0.01566000,639.00000000,0.01614
1749266805,0.01565000,1345.00000000,0.01614
1749266805,0.01564000,1453.00000000,0.01614
1749266805,0.01563000,640.00000000,0.01614
1749266805,0.01562000,170943.00000000,0.01614
1749266805,0.01561000,3624.00000000,0.01614
1749266805,0.01560000,24261.00000000,0.01614
1749266805,0.01559000,1347.00000000,0.01614
1749266805,0.01558000,642.00000000,0.01614
1749266805,0.01557000,642.00000000,0.01614
1749266805,0.01556000,411889.00000000,0.01614
1749266805,0.01555000,7073.00000000,0.01614
1749266805,0.01554000,157705.00000000,0.01614
1749266805,0.01553000,1350.00000000,0.01614
1749266805,0.01552000,20507.00000000,0.01614
1749266805,0.01551000,2822.00000000,0.01614
1749266805,0.01550000,75261.00000000,0.01614
1749266805,0.01549000,646.00000000,0.01614
1749266805,0.01548000,1761.00000000,0.01614
1749266805,0.01547000,646.00000000,0.01614
1749266805,0.01546000,1353.00000000,0.01614
1749266805,0.01545000,36990.00000000,0.01614
1749266805,0.01544000,205456.00000000,0.01614
1749266805,0.01543000,982.00000000,0.01614
1749266805,0.01542000,1463.00000000,0.01614
1749266805,0.01541000,6645.00000000,0.01614
1749266805,0.01540000,3829.00000000,0.01614
1749266805,0.01539000,619.00000000,0.01614
1749266805,0.01538000,139320.00000000,0.01614
1749266805,0.01536000,632.00000000,0.01614
1749266805,0.01534000,706.00000000,0.01614
1749266805,0.01533000,907.00000000,0.01614
1749266805,0.01532000,1990.00000000,0.01614
1749266805,0.01531000,2166.00000000,0.01614
1749266805,0.01530000,302629.00000000,0.01614
1749266805,0.01528000,1828.00000000,0.01614
1749266805,0.01527000,1583.00000000,0.01614
1749266805,0.01526000,4283.00000000,0.01614
1749266805,0.01525000,50341.00000000,0.01614
1749266805,0.01524000,1772.00000000,0.01614
1749266805,0.01522000,6570.00000000,0.01614
1749266805,0.01521000,4077.00000000,0.01614
1749266805,0.01520000,95141.00000000,0.01614
1749266805,0.01519000,2746.00000000,0.01614
1749266805,0.01515000,14393.00000000,0.01614
1749266805,0.01514000,544.00000000,0.01614
1749266805,0.01513000,110684.00000000,0.01614
1749266805,0.01512000,1293.00000000,0.01614
1749266805,0.01511000,565.00000000,0.01614
1749266805,0.01510000,19662.00000000,0.01614
1749266805,0.01509000,706.00000000,0.01614
1749266805,0.01507000,448.00000000,0.01614
1749267107,0.01612000,646361.00000000,0.01612
1749267107,0.01611000,1737337.00000000,0.01612
1749267107,0.01610000,1965509.00000000,0.01612
1749267107,0.01609000,1122835.00000000,0.01612
1749267107,0.01608000,2023920.00000000,0.01612
1749267107,0.01607000,1038926.00000000,0.01612
1749267107,0.01606000,1893931.00000000,0.01612
1749267107,0.01605000,711402.00000000,0.01612
1749267107,0.01604000,2140448.00000000,0.01612
1749267107,0.01603000,737524.00000000,0.01612
1749267107,0.01602000,2720766.00000000,0.01612
1749267107,0.01601000,410576.00000000,0.01612
1749267107,0.01600000,401301.00000000,0.01612
1749267107,0.01599000,256767.00000000,0.01612
1749267107,0.01598000,150924.00000000,0.01612
1749267107,0.01597000,342988.00000000,0.01612
1749267107,0.01596000,134604.00000000,0.01612
1749267107,0.01595000,128121.00000000,0.01612
1749267107,0.01594000,2692632.00000000,0.01612
1749267107,0.01593000,507178.00000000,0.01612
1749267107,0.01592000,131502.00000000,0.01612
1749267107,0.01591000,132288.00000000,0.01612
1749267107,0.01590000,138659.00000000,0.01612
1749267107,0.01589000,149690.00000000,0.01612
1749267107,0.01588000,1458324.00000000,0.01612
1749267107,0.01587000,194016.00000000,0.01612
1749267107,0.01586000,127255.00000000,0.01612
1749267107,0.01585000,128775.00000000,0.01612
1749267107,0.01584000,115738.00000000,0.01612
1749267107,0.01583000,95641.00000000,0.01612
1749267107,0.01582000,95641.00000000,0.01612
1749267107,0.01581000,98763.00000000,0.01612
1749267107,0.01580000,64585.00000000,0.01612
1749267107,0.01579000,69247.00000000,0.01612
1749267107,0.01578000,270932.00000000,0.01612
1749267107,0.01577000,68128.00000000,0.01612
1749267107,0.01576000,64110.00000000,0.01612
1749267107,0.01575000,64111.00000000,0.01612
1749267107,0.01574000,65273.00000000,0.01612
1749267107,0.01573000,63636.00000000,0.01612
1749267107,0.01572000,2457.00000000,0.01612
1749267107,0.01571000,2111.00000000,0.01612
1749267107,0.01570000,21948.00000000,0.01612
1749267107,0.01569000,1263356.00000000,0.01612
1749267107,0.01568000,417234.00000000,0.01612
1749267107,0.01567000,638.00000000,0.01612
1749267107,0.01566000,639.00000000,0.01612
1749267107,0.01565000,1345.00000000,0.01612
1749267107,0.01564000,1453.00000000,0.01612
1749267107,0.01563000,640.00000000,0.01612
1749267107,0.01562000,170943.00000000,0.01612
1749267107,0.01561000,3624.00000000,0.01612
1749267107,0.01560000,24261.00000000,0.01612
1749267107,0.01559000,1347.00000000,0.01612
1749267107,0.01558000,642.00000000,0.01612
1749267107,0.01557000,642.00000000,0.01612
1749267107,0.01556000,411889.00000000,0.01612
1749267107,0.01555000,7073.00000000,0.01612
1749267107,0.01554000,157443.00000000,0.01612
1749267107,0.01553000,1350.00000000,0.01612
1749267107,0.01552000,20507.00000000,0.01612
1749267107,0.01551000,2822.00000000,0.01612
1749267107,0.01550000,75261.00000000,0.01612
1749267107,0.01549000,646.00000000,0.01612
1749267107,0.01548000,1761.00000000,0.01612
1749267107,0.01547000,646.00000000,0.01612
1749267107,0.01546000,1353.00000000,0.01612
1749267107,0.01545000,36990.00000000,0.01612
1749267107,0.01544000,205456.00000000,0.01612
1749267107,0.01543000,982.00000000,0.01612
1749267107,0.01542000,1463.00000000,0.01612
1749267107,0.01541000,6645.00000000,0.01612
1749267107,0.01540000,3829.00000000,0.01612
1749267107,0.01539000,619.00000000,0.01612
1749267107,0.01538000,139940.00000000,0.01612
1749267107,0.01537000,620.00000000,0.01612
1749267107,0.01536000,632.00000000,0.01612
1749267107,0.01534000,706.00000000,0.01612
1749267107,0.01533000,907.00000000,0.01612
1749267107,0.01532000,1990.00000000,0.01612
