timestamp,price,volume,current_price
1749260862,2.94200000,69.80000000,2.941
1749260862,2.94100000,446.80000000,2.941
1749260862,2.94000000,529.30000000,2.941
1749260862,2.93900000,984.10000000,2.941
1749260862,2.93800000,834.90000000,2.941
1749260862,2.93700000,1774.60000000,2.941
1749260862,2.93600000,477.50000000,2.941
1749260862,2.93500000,1516.20000000,2.941
1749260862,2.93400000,1819.30000000,2.941
1749260862,2.93300000,691.20000000,2.941
1749260862,2.93200000,279.40000000,2.941
1749260862,2.93100000,389.90000000,2.941
1749260862,2.93000000,322.60000000,2.941
1749260862,2.92900000,425.10000000,2.941
1749260862,2.92800000,211.40000000,2.941
1749260862,2.92700000,304.40000000,2.941
1749260862,2.92600000,81.00000000,2.941
1749260862,2.92500000,424.60000000,2.941
1749260862,2.92400000,81.00000000,2.941
1749260862,2.92300000,724.90000000,2.941
1749260862,2.92200000,535.70000000,2.941
1749260862,2.92100000,356.00000000,2.941
1749260862,2.92000000,81.00000000,2.941
1749260862,2.91900000,356.00000000,2.941
1749260862,2.91800000,81.00000000,2.941
1749260862,2.91700000,364.00000000,2.941
1749260862,2.91600000,81.00000000,2.941
1749260862,2.91500000,252.90000000,2.941
1749260862,2.91400000,81.00000000,2.941
1749260862,2.91300000,626.50000000,2.941
1749260862,2.91100000,252.90000000,2.941
1749260862,2.90900000,520.90000000,2.941
1749260862,2.90700000,171.90000000,2.941
1749260862,2.90500000,259.50000000,2.941
1749260862,2.90300000,171.90000000,2.941
1749260862,2.90100000,739.40000000,2.941
1749260862,2.90000000,5.50000000,2.941
1749260862,2.89900000,171.90000000,2.941
1749260862,2.89700000,177.40000000,2.941
1749260862,2.89500000,177.40000000,2.941
1749260862,2.89400000,22.00000000,2.941
1749260862,2.89300000,188.40000000,2.941
1749260862,2.89200000,5.50000000,2.941
1749260862,2.89100000,187.70000000,2.941
1749260862,2.88900000,359.10000000,2.941
1749260862,2.88700000,171.90000000,2.941
1749260862,2.88200000,176.50000000,2.941
1749260862,2.88100000,5.50000000,2.941
1749260862,2.87800000,11.00000000,2.941
1749260862,2.87600000,687.30000000,2.941
1749260862,2.87500000,5.50000000,2.941
1749260862,2.87400000,11.00000000,2.941
1749260862,2.86600000,100.10000000,2.941
1749260862,2.86500000,1076.80000000,2.941
1749260862,2.86000000,40.00000000,2.941
1749260862,2.85900000,2.00000000,2.941
1749260862,2.85000000,40.00000000,2.941
1749260862,2.84000000,40.00000000,2.941
1749260862,2.83400000,27.00000000,2.941
1749260862,2.83300000,16.80000000,2.941
1749260862,2.83200000,5.60000000,2.941
1749260862,2.83100000,11.20000000,2.941
1749260862,2.83000000,40.00000000,2.941
1749260862,2.82800000,4.80000000,2.941
1749260862,2.82000000,40.00000000,2.941
1749260862,2.81400000,2.50000000,2.941
1749260862,2.81300000,4.90000000,2.941
1749260862,2.81100000,27.80000000,2.941
1749260862,2.81000000,1279.90000000,2.941
1749260862,2.80500000,4.00000000,2.941
1749260862,2.80200000,3.20000000,2.941
1749260862,2.80000000,152.10000000,2.941
1749260862,2.79800000,1.90000000,2.941
1749260862,2.79700000,3.60000000,2.941
1749260862,2.79600000,5.80000000,2.941
1749260862,2.79500000,2.00000000,2.941
1749260862,2.79100000,3.80000000,2.941
1749260862,2.79000000,45.70000000,2.941
1749260862,2.78600000,179.40000000,2.941
1749260862,2.78300000,2.70000000,2.941
1749260862,2.78000000,40.00000000,2.941
1749260862,2.77000000,40.00000000,2.941
1749260862,2.76800000,76.50000000,2.941
1749260862,2.76700000,4.80000000,2.941
1749260862,2.76300000,16.20000000,2.941
1749260862,2.76000000,40.00000000,2.941
1749260862,2.75900000,2.60000000,2.941
1749260862,2.75000000,94.50000000,2.941
1749260862,2.74000000,40.00000000,2.941
1749260862,2.73000000,40.00000000,2.941
1749260862,2.72500000,11.70000000,2.941
1749260862,2.72000000,42.00000000,2.941
1749260862,2.71200000,10.70000000,2.941
1749260862,2.71000000,45.60000000,2.941
1749260862,2.70700000,9.70000000,2.941
1749260862,2.70300000,7.00000000,2.941
1749260862,2.70000000,164.70000000,2.941
1749260862,2.69300000,16.70000000,2.941
1749260862,2.69000000,40.00000000,2.941
1749260862,2.68000000,40.00000000,2.941
1749261188,2.93900000,253.20000000,2.941
1749261188,2.93800000,843.20000000,2.941
1749261188,2.93700000,1261.70000000,2.941
1749261188,2.93600000,1210.50000000,2.941
1749261188,2.93500000,1998.40000000,2.941
1749261188,2.93400000,809.60000000,2.941
1749261188,2.93300000,334.20000000,2.941
1749261188,2.93200000,1246.20000000,2.941
1749261188,2.93100000,686.10000000,2.941
1749261188,2.93000000,406.50000000,2.941
1749261188,2.92900000,459.00000000,2.941
1749261188,2.92800000,211.40000000,2.941
1749261188,2.92700000,304.40000000,2.941
1749261188,2.92600000,81.00000000,2.941
1749261188,2.92500000,356.00000000,2.941
1749261188,2.92400000,81.00000000,2.941
1749261188,2.92300000,356.00000000,2.941
1749261188,2.92200000,421.60000000,2.941
1749261188,2.92100000,725.10000000,2.941
1749261188,2.92000000,194.70000000,2.941
1749261188,2.91900000,356.00000000,2.941
1749261188,2.91800000,351.80000000,2.941
1749261188,2.91700000,364.00000000,2.941
1749261188,2.91600000,81.00000000,2.941
1749261188,2.91500000,252.90000000,2.941
1749261188,2.91400000,81.00000000,2.941
1749261188,2.91300000,356.00000000,2.941
1749261188,2.91100000,252.90000000,2.941
1749261188,2.90900000,252.90000000,2.941
1749261188,2.90800000,349.00000000,2.941
1749261188,2.90700000,216.10000000,2.941
1749261188,2.90500000,259.50000000,2.941
1749261188,2.90300000,171.90000000,2.941
1749261188,2.90100000,739.40000000,2.941
1749261188,2.90000000,5.50000000,2.941
1749261188,2.89900000,171.90000000,2.941
1749261188,2.89700000,177.40000000,2.941
1749261188,2.89500000,177.40000000,2.941
1749261188,2.89400000,22.00000000,2.941
1749261188,2.89300000,188.40000000,2.941
1749261188,2.89200000,5.50000000,2.941
1749261188,2.89100000,275.70000000,2.941
1749261188,2.88900000,271.00000000,2.941
1749261188,2.88700000,171.90000000,2.941
1749261188,2.88100000,5.50000000,2.941
1749261188,2.87900000,170.60000000,2.941
1749261188,2.87800000,11.00000000,2.941
1749261188,2.87600000,687.30000000,2.941
1749261188,2.87500000,5.50000000,2.941
1749261188,2.87400000,11.00000000,2.941
1749261188,2.86600000,127.90000000,2.941
1749261188,2.86500000,1076.80000000,2.941
1749261188,2.86000000,40.00000000,2.941
1749261188,2.85900000,2.00000000,2.941
1749261188,2.85000000,40.00000000,2.941
1749261188,2.84000000,40.00000000,2.941
1749261188,2.83400000,27.00000000,2.941
1749261188,2.83300000,16.80000000,2.941
1749261188,2.83200000,5.60000000,2.941
1749261188,2.83100000,11.20000000,2.941
1749261188,2.83000000,40.00000000,2.941
1749261188,2.82800000,4.80000000,2.941
1749261188,2.82000000,40.00000000,2.941
1749261188,2.81400000,2.50000000,2.941
1749261188,2.81300000,4.90000000,2.941
1749261188,2.81000000,1279.90000000,2.941
1749261188,2.80500000,4.00000000,2.941
1749261188,2.80200000,3.20000000,2.941
1749261188,2.80000000,152.10000000,2.941
1749261188,2.79800000,1.90000000,2.941
1749261188,2.79700000,3.60000000,2.941
1749261188,2.79600000,5.80000000,2.941
1749261188,2.79500000,2.00000000,2.941
1749261188,2.79100000,3.80000000,2.941
1749261188,2.79000000,45.70000000,2.941
1749261188,2.78600000,179.40000000,2.941
1749261188,2.78300000,2.70000000,2.941
1749261188,2.78000000,40.00000000,2.941
1749261188,2.77000000,40.00000000,2.941
1749261188,2.76800000,76.50000000,2.941
1749261188,2.76700000,4.80000000,2.941
1749261188,2.76300000,16.20000000,2.941
1749261188,2.76000000,40.00000000,2.941
1749261188,2.75900000,2.60000000,2.941
1749261188,2.75000000,94.50000000,2.941
1749261188,2.74000000,40.00000000,2.941
1749261188,2.73000000,40.00000000,2.941
1749261188,2.72500000,11.70000000,2.941
1749261188,2.72000000,42.00000000,2.941
1749261188,2.71200000,10.70000000,2.941
1749261188,2.71000000,45.60000000,2.941
1749261188,2.70700000,9.70000000,2.941
1749261188,2.70300000,7.00000000,2.941
1749261188,2.70000000,164.70000000,2.941
1749261188,2.69300000,16.70000000,2.941
1749261188,2.69000000,40.00000000,2.941
1749261188,2.68000000,40.00000000,2.941
1749261188,2.67700000,2.00000000,2.941
1749261188,2.67300000,179.00000000,2.941
1749261188,2.67000000,40.00000000,2.941
1749261502,2.93900000,81.00000000,2.941
1749261502,2.93800000,313.10000000,2.941
1749261502,2.93700000,563.30000000,2.941
1749261502,2.93600000,736.20000000,2.941
1749261502,2.93500000,2350.30000000,2.941
1749261502,2.93400000,1156.40000000,2.941
1749261502,2.93300000,961.70000000,2.941
1749261502,2.93200000,338.70000000,2.941
1749261502,2.93100000,1133.60000000,2.941
1749261502,2.93000000,406.30000000,2.941
1749261502,2.92900000,389.90000000,2.941
1749261502,2.92800000,211.40000000,2.941
1749261502,2.92700000,304.40000000,2.941
1749261502,2.92600000,1117.80000000,2.941
1749261502,2.92500000,356.00000000,2.941
1749261502,2.92400000,81.00000000,2.941
1749261502,2.92300000,356.00000000,2.941
1749261502,2.92200000,421.60000000,2.941
1749261502,2.92100000,725.10000000,2.941
1749261502,2.92000000,194.70000000,2.941
1749261502,2.91900000,356.00000000,2.941
1749261502,2.91800000,81.00000000,2.941
1749261502,2.91700000,364.00000000,2.941
1749261502,2.91600000,81.00000000,2.941
1749261502,2.91500000,252.90000000,2.941
1749261502,2.91400000,81.00000000,2.941
1749261502,2.91300000,629.40000000,2.941
1749261502,2.91100000,252.90000000,2.941
1749261502,2.90900000,252.90000000,2.941
1749261502,2.90700000,252.90000000,2.941
1749261502,2.90600000,349.00000000,2.941
1749261502,2.90500000,259.50000000,2.941
1749261502,2.90300000,171.90000000,2.941
1749261502,2.90100000,739.40000000,2.941
1749261502,2.90000000,5.50000000,2.941
1749261502,2.89900000,171.90000000,2.941
1749261502,2.89700000,177.40000000,2.941
1749261502,2.89500000,177.40000000,2.941
1749261502,2.89400000,22.00000000,2.941
1749261502,2.89300000,188.40000000,2.941
1749261502,2.89200000,5.50000000,2.941
1749261502,2.89100000,275.70000000,2.941
1749261502,2.88900000,271.00000000,2.941
1749261502,2.88700000,171.90000000,2.941
1749261502,2.88100000,5.50000000,2.941
1749261502,2.87800000,11.00000000,2.941
1749261502,2.87600000,858.70000000,2.941
1749261502,2.87500000,5.50000000,2.941
1749261502,2.87400000,11.00000000,2.941
1749261502,2.86600000,127.90000000,2.941
1749261502,2.86500000,1076.80000000,2.941
1749261502,2.86000000,40.00000000,2.941
1749261502,2.85900000,2.00000000,2.941
1749261502,2.85000000,40.00000000,2.941
1749261502,2.84000000,40.00000000,2.941
1749261502,2.83400000,27.00000000,2.941
1749261502,2.83300000,16.80000000,2.941
1749261502,2.83200000,5.60000000,2.941
1749261502,2.83100000,11.20000000,2.941
1749261502,2.83000000,40.00000000,2.941
1749261502,2.82800000,4.80000000,2.941
1749261502,2.82000000,40.00000000,2.941
1749261502,2.81400000,2.50000000,2.941
1749261502,2.81300000,4.90000000,2.941
1749261502,2.81000000,1279.90000000,2.941
1749261502,2.80500000,4.00000000,2.941
1749261502,2.80200000,3.20000000,2.941
1749261502,2.80000000,152.10000000,2.941
1749261502,2.79900000,3.60000000,2.941
1749261502,2.79800000,1.90000000,2.941
1749261502,2.79600000,5.80000000,2.941
1749261502,2.79500000,2.00000000,2.941
1749261502,2.79100000,3.80000000,2.941
1749261502,2.79000000,45.70000000,2.941
1749261502,2.78600000,179.40000000,2.941
1749261502,2.78300000,2.70000000,2.941
1749261502,2.78000000,40.00000000,2.941
1749261502,2.77000000,40.00000000,2.941
1749261502,2.76800000,76.50000000,2.941
1749261502,2.76700000,4.80000000,2.941
1749261502,2.76300000,16.20000000,2.941
1749261502,2.76000000,40.00000000,2.941
1749261502,2.75900000,2.60000000,2.941
1749261502,2.75000000,94.50000000,2.941
1749261502,2.74000000,40.00000000,2.941
1749261502,2.73000000,40.00000000,2.941
1749261502,2.72500000,11.70000000,2.941
1749261502,2.72000000,42.00000000,2.941
1749261502,2.71200000,10.70000000,2.941
1749261502,2.71000000,45.60000000,2.941
1749261502,2.70700000,9.70000000,2.941
1749261502,2.70300000,7.00000000,2.941
1749261502,2.70000000,164.70000000,2.941
1749261502,2.69300000,16.70000000,2.941
1749261502,2.69000000,40.00000000,2.941
1749261502,2.68000000,40.00000000,2.941
1749261502,2.67700000,2.00000000,2.941
1749261502,2.67300000,179.00000000,2.941
1749261502,2.67000000,40.00000000,2.941
1749261502,2.66600000,4.30000000,2.941
1749261813,2.94100000,81.00000000,2.94
1749261813,2.94000000,565.80000000,2.94
1749261813,2.93900000,1016.00000000,2.94
1749261813,2.93800000,789.10000000,2.94
1749261813,2.93700000,1388.90000000,2.94
1749261813,2.93600000,1422.60000000,2.94
1749261813,2.93500000,555.90000000,2.94
1749261813,2.93400000,1734.80000000,2.94
1749261813,2.93300000,665.60000000,2.94
1749261813,2.93200000,371.60000000,2.94
1749261813,2.93100000,356.00000000,2.94
1749261813,2.93000000,81.00000000,2.94
1749261813,2.92900000,624.50000000,2.94
1749261813,2.92800000,62.00000000,2.94
1749261813,2.92700000,304.40000000,2.94
1749261813,2.92600000,81.00000000,2.94
1749261813,2.92500000,356.00000000,2.94
1749261813,2.92400000,81.00000000,2.94
1749261813,2.92300000,724.90000000,2.94
1749261813,2.92200000,535.40000000,2.94
1749261813,2.92100000,356.00000000,2.94
1749261813,2.92000000,81.00000000,2.94
1749261813,2.91900000,356.00000000,2.94
1749261813,2.91800000,353.20000000,2.94
1749261813,2.91700000,364.00000000,2.94
1749261813,2.91600000,81.00000000,2.94
1749261813,2.91500000,252.90000000,2.94
1749261813,2.91400000,81.00000000,2.94
1749261813,2.91300000,356.00000000,2.94
1749261813,2.91100000,171.90000000,2.94
1749261813,2.90900000,171.90000000,2.94
1749261813,2.90700000,216.10000000,2.94
1749261813,2.90500000,259.50000000,2.94
1749261813,2.90300000,520.90000000,2.94
1749261813,2.90100000,739.40000000,2.94
1749261813,2.90000000,5.50000000,2.94
1749261813,2.89900000,171.90000000,2.94
1749261813,2.89700000,177.40000000,2.94
1749261813,2.89500000,177.40000000,2.94
1749261813,2.89400000,22.00000000,2.94
1749261813,2.89300000,188.40000000,2.94
1749261813,2.89200000,5.50000000,2.94
1749261813,2.89100000,275.70000000,2.94
1749261813,2.88900000,271.00000000,2.94
1749261813,2.88700000,171.90000000,2.94
1749261813,2.88100000,5.50000000,2.94
1749261813,2.87900000,172.40000000,2.94
1749261813,2.87800000,11.00000000,2.94
1749261813,2.87600000,687.30000000,2.94
1749261813,2.87500000,5.50000000,2.94
1749261813,2.87400000,11.00000000,2.94
1749261813,2.86600000,100.10000000,2.94
1749261813,2.86500000,1076.80000000,2.94
1749261813,2.86000000,40.00000000,2.94
1749261813,2.85900000,2.00000000,2.94
1749261813,2.85000000,40.00000000,2.94
1749261813,2.84000000,40.00000000,2.94
1749261813,2.83400000,27.00000000,2.94
1749261813,2.83300000,16.80000000,2.94
1749261813,2.83200000,5.60000000,2.94
1749261813,2.83100000,11.20000000,2.94
1749261813,2.83000000,40.00000000,2.94
1749261813,2.82800000,4.80000000,2.94
1749261813,2.82000000,40.00000000,2.94
1749261813,2.81400000,2.50000000,2.94
1749261813,2.81300000,4.90000000,2.94
1749261813,2.81100000,27.80000000,2.94
1749261813,2.81000000,1279.90000000,2.94
1749261813,2.80500000,4.00000000,2.94
1749261813,2.80200000,3.20000000,2.94
1749261813,2.80000000,152.10000000,2.94
1749261813,2.79900000,3.60000000,2.94
1749261813,2.79800000,1.90000000,2.94
1749261813,2.79600000,5.80000000,2.94
1749261813,2.79500000,2.00000000,2.94
1749261813,2.79100000,3.80000000,2.94
1749261813,2.79000000,45.70000000,2.94
1749261813,2.78600000,179.40000000,2.94
1749261813,2.78300000,2.70000000,2.94
1749261813,2.78000000,40.00000000,2.94
1749261813,2.77000000,40.00000000,2.94
1749261813,2.76800000,76.50000000,2.94
1749261813,2.76700000,4.80000000,2.94
1749261813,2.76300000,16.20000000,2.94
1749261813,2.76000000,40.00000000,2.94
1749261813,2.75900000,2.60000000,2.94
1749261813,2.75000000,94.50000000,2.94
1749261813,2.74000000,40.00000000,2.94
1749261813,2.73000000,40.00000000,2.94
1749261813,2.72500000,11.70000000,2.94
1749261813,2.72000000,42.00000000,2.94
1749261813,2.71200000,10.70000000,2.94
1749261813,2.71000000,45.60000000,2.94
1749261813,2.70700000,9.70000000,2.94
1749261813,2.70300000,7.00000000,2.94
1749261813,2.70000000,164.70000000,2.94
1749261813,2.69300000,16.70000000,2.94
1749261813,2.69000000,40.00000000,2.94
1749261813,2.68000000,40.00000000,2.94
1749261813,2.67700000,2.00000000,2.94
1749262115,2.94100000,226.10000000,2.942
1749262115,2.94000000,422.00000000,2.942
1749262115,2.93900000,1241.10000000,2.942
1749262115,2.93800000,1297.00000000,2.942
1749262115,2.93700000,1109.30000000,2.942
1749262115,2.93600000,1201.60000000,2.942
1749262115,2.93500000,442.40000000,2.942
1749262115,2.93400000,709.20000000,2.942
1749262115,2.93300000,665.60000000,2.942
1749262115,2.93200000,81.00000000,2.942
1749262115,2.93100000,389.90000000,2.942
1749262115,2.93000000,81.00000000,2.942
1749262115,2.92900000,590.20000000,2.942
1749262115,2.92800000,62.00000000,2.942
1749262115,2.92700000,304.40000000,2.942
1749262115,2.92600000,81.00000000,2.942
1749262115,2.92500000,1325.10000000,2.942
1749262115,2.92400000,81.00000000,2.942
1749262115,2.92300000,356.00000000,2.942
1749262115,2.92200000,563.90000000,2.942
1749262115,2.92100000,356.00000000,2.942
1749262115,2.92000000,81.00000000,2.942
1749262115,2.91900000,356.00000000,2.942
1749262115,2.91800000,353.20000000,2.942
1749262115,2.91700000,364.00000000,2.942
1749262115,2.91600000,422.40000000,2.942
1749262115,2.91500000,252.90000000,2.942
1749262115,2.91300000,356.00000000,2.942
1749262115,2.91100000,252.90000000,2.942
1749262115,2.90900000,171.90000000,2.942
1749262115,2.90800000,349.00000000,2.942
1749262115,2.90700000,738.00000000,2.942
1749262115,2.90500000,171.90000000,2.942
1749262115,2.90300000,171.90000000,2.942
1749262115,2.90100000,171.90000000,2.942
1749262115,2.90000000,5.50000000,2.942
1749262115,2.89900000,259.70000000,2.942
1749262115,2.89700000,177.40000000,2.942
1749262115,2.89500000,177.40000000,2.942
1749262115,2.89400000,22.00000000,2.942
1749262115,2.89300000,188.40000000,2.942
1749262115,2.89200000,5.50000000,2.942
1749262115,2.89100000,275.70000000,2.942
1749262115,2.88900000,271.00000000,2.942
1749262115,2.88700000,171.90000000,2.942
1749262115,2.88100000,176.40000000,2.942
1749262115,2.87800000,11.00000000,2.942
1749262115,2.87600000,687.30000000,2.942
1749262115,2.87500000,5.50000000,2.942
1749262115,2.87400000,11.00000000,2.942
1749262115,2.87100000,27.80000000,2.942
1749262115,2.87000000,1076.70000000,2.942
1749262115,2.86600000,100.10000000,2.942
1749262115,2.86000000,40.00000000,2.942
1749262115,2.85900000,2.00000000,2.942
1749262115,2.85000000,40.00000000,2.942
1749262115,2.84000000,40.00000000,2.942
1749262115,2.83400000,27.00000000,2.942
1749262115,2.83300000,16.80000000,2.942
1749262115,2.83200000,5.60000000,2.942
1749262115,2.83100000,11.20000000,2.942
1749262115,2.83000000,40.00000000,2.942
1749262115,2.82800000,4.80000000,2.942
1749262115,2.82000000,40.00000000,2.942
1749262115,2.81400000,2.50000000,2.942
1749262115,2.81300000,4.90000000,2.942
1749262115,2.81000000,1279.90000000,2.942
1749262115,2.80500000,4.00000000,2.942
1749262115,2.80200000,3.20000000,2.942
1749262115,2.80000000,152.10000000,2.942
1749262115,2.79900000,3.60000000,2.942
1749262115,2.79800000,1.90000000,2.942
1749262115,2.79600000,5.80000000,2.942
1749262115,2.79500000,2.00000000,2.942
1749262115,2.79100000,3.80000000,2.942
1749262115,2.79000000,45.70000000,2.942
1749262115,2.78600000,179.40000000,2.942
1749262115,2.78300000,2.70000000,2.942
1749262115,2.78000000,40.00000000,2.942
1749262115,2.77000000,40.00000000,2.942
1749262115,2.76800000,76.50000000,2.942
1749262115,2.76700000,4.80000000,2.942
1749262115,2.76300000,16.20000000,2.942
1749262115,2.76000000,40.00000000,2.942
1749262115,2.75900000,2.60000000,2.942
1749262115,2.75000000,94.50000000,2.942
1749262115,2.74000000,40.00000000,2.942
1749262115,2.73000000,40.00000000,2.942
1749262115,2.72500000,11.70000000,2.942
1749262115,2.72000000,42.00000000,2.942
1749262115,2.71200000,10.70000000,2.942
1749262115,2.71000000,45.60000000,2.942
1749262115,2.70700000,9.70000000,2.942
1749262115,2.70300000,7.00000000,2.942
1749262115,2.70000000,164.70000000,2.942
1749262115,2.69300000,16.70000000,2.942
1749262115,2.69000000,40.00000000,2.942
1749262115,2.68000000,40.00000000,2.942
1749262115,2.67700000,2.00000000,2.942
1749262115,2.67300000,179.00000000,2.942
1749262417,2.94100000,249.40000000,2.94
1749262417,2.94000000,352.80000000,2.94
1749262417,2.93900000,898.70000000,2.94
1749262417,2.93800000,1053.50000000,2.94
1749262417,2.93700000,2046.40000000,2.94
1749262417,2.93600000,1484.30000000,2.94
1749262417,2.93500000,924.80000000,2.94
1749262417,2.93400000,709.20000000,2.94
1749262417,2.93300000,818.10000000,2.94
1749262417,2.93200000,258.50000000,2.94
1749262417,2.93100000,389.90000000,2.94
1749262417,2.93000000,81.00000000,2.94
1749262417,2.92900000,590.20000000,2.94
1749262417,2.92800000,137.20000000,2.94
1749262417,2.92700000,1272.80000000,2.94
1749262417,2.92600000,149.50000000,2.94
1749262417,2.92500000,431.20000000,2.94
1749262417,2.92400000,155.30000000,2.94
1749262417,2.92300000,724.90000000,2.94
1749262417,2.92200000,194.90000000,2.94
1749262417,2.92100000,356.00000000,2.94
1749262417,2.92000000,81.00000000,2.94
1749262417,2.91900000,356.00000000,2.94
1749262417,2.91800000,353.20000000,2.94
1749262417,2.91700000,364.00000000,2.94
1749262417,2.91600000,422.40000000,2.94
1749262417,2.91500000,252.90000000,2.94
1749262417,2.91300000,356.00000000,2.94
1749262417,2.91100000,252.90000000,2.94
1749262417,2.90900000,252.90000000,2.94
1749262417,2.90800000,81.00000000,2.94
1749262417,2.90700000,782.20000000,2.94
1749262417,2.90500000,520.90000000,2.94
1749262417,2.90300000,171.90000000,2.94
1749262417,2.90100000,171.90000000,2.94
1749262417,2.90000000,5.50000000,2.94
1749262417,2.89900000,259.70000000,2.94
1749262417,2.89700000,177.40000000,2.94
1749262417,2.89500000,177.40000000,2.94
1749262417,2.89400000,22.00000000,2.94
1749262417,2.89300000,188.40000000,2.94
1749262417,2.89200000,5.50000000,2.94
1749262417,2.89100000,275.70000000,2.94
1749262417,2.88900000,271.00000000,2.94
1749262417,2.88700000,171.90000000,2.94
1749262417,2.88100000,176.40000000,2.94
1749262417,2.87800000,11.00000000,2.94
1749262417,2.87600000,687.30000000,2.94
1749262417,2.87500000,5.50000000,2.94
1749262417,2.87400000,11.00000000,2.94
1749262417,2.87100000,27.80000000,2.94
1749262417,2.87000000,1076.70000000,2.94
1749262417,2.86600000,100.10000000,2.94
1749262417,2.86000000,40.00000000,2.94
1749262417,2.85900000,2.00000000,2.94
1749262417,2.85000000,40.00000000,2.94
1749262417,2.84000000,40.00000000,2.94
1749262417,2.83400000,27.00000000,2.94
1749262417,2.83300000,16.80000000,2.94
1749262417,2.83200000,5.60000000,2.94
1749262417,2.83100000,11.20000000,2.94
1749262417,2.83000000,40.00000000,2.94
1749262417,2.82800000,4.80000000,2.94
1749262417,2.82000000,40.00000000,2.94
1749262417,2.81400000,2.50000000,2.94
1749262417,2.81300000,4.90000000,2.94
1749262417,2.81000000,1279.90000000,2.94
1749262417,2.80500000,4.00000000,2.94
1749262417,2.80200000,3.20000000,2.94
1749262417,2.80000000,152.10000000,2.94
1749262417,2.79800000,5.50000000,2.94
1749262417,2.79600000,5.80000000,2.94
1749262417,2.79500000,2.00000000,2.94
1749262417,2.79100000,3.80000000,2.94
1749262417,2.79000000,45.70000000,2.94
1749262417,2.78600000,179.40000000,2.94
1749262417,2.78300000,2.70000000,2.94
1749262417,2.78000000,40.00000000,2.94
1749262417,2.77000000,40.00000000,2.94
1749262417,2.76800000,76.50000000,2.94
1749262417,2.76700000,4.80000000,2.94
1749262417,2.76300000,16.20000000,2.94
1749262417,2.76000000,40.00000000,2.94
1749262417,2.75900000,2.60000000,2.94
1749262417,2.75000000,94.50000000,2.94
1749262417,2.74000000,40.00000000,2.94
1749262417,2.73000000,40.00000000,2.94
1749262417,2.72500000,11.70000000,2.94
1749262417,2.72000000,42.00000000,2.94
1749262417,2.71200000,10.70000000,2.94
1749262417,2.71000000,45.60000000,2.94
1749262417,2.70700000,9.70000000,2.94
1749262417,2.70300000,7.00000000,2.94
1749262417,2.70000000,164.70000000,2.94
1749262417,2.69300000,16.70000000,2.94
1749262417,2.69000000,40.00000000,2.94
1749262417,2.68000000,40.00000000,2.94
1749262417,2.67700000,2.00000000,2.94
1749262417,2.67300000,179.00000000,2.94
1749262417,2.67000000,40.00000000,2.94
1749262723,2.94100000,532.80000000,2.941
1749262723,2.94000000,149.20000000,2.941
1749262723,2.93900000,765.50000000,2.941
1749262723,2.93800000,1431.30000000,2.941
1749262723,2.93700000,1812.80000000,2.941
1749262723,2.93600000,1242.10000000,2.941
1749262723,2.93500000,2006.90000000,2.941
1749262723,2.93400000,109.20000000,2.941
1749262723,2.93300000,427.50000000,2.941
1749262723,2.93200000,274.90000000,2.941
1749262723,2.93100000,465.10000000,2.941
1749262723,2.93000000,81.00000000,2.941
1749262723,2.92900000,498.60000000,2.941
1749262723,2.92800000,62.00000000,2.941
1749262723,2.92700000,304.40000000,2.941
1749262723,2.92600000,149.50000000,2.941
1749262723,2.92500000,431.20000000,2.941
1749262723,2.92400000,421.40000000,2.941
1749262723,2.92300000,724.90000000,2.941
1749262723,2.92200000,194.90000000,2.941
1749262723,2.92100000,356.00000000,2.941
1749262723,2.92000000,81.00000000,2.941
1749262723,2.91900000,356.00000000,2.941
1749262723,2.91800000,353.20000000,2.941
1749262723,2.91700000,364.00000000,2.941
1749262723,2.91600000,81.00000000,2.941
1749262723,2.91500000,252.90000000,2.941
1749262723,2.91300000,356.00000000,2.941
1749262723,2.91100000,252.90000000,2.941
1749262723,2.90900000,601.90000000,2.941
1749262723,2.90700000,738.00000000,2.941
1749262723,2.90600000,87.60000000,2.941
1749262723,2.90500000,171.90000000,2.941
1749262723,2.90300000,171.90000000,2.941
1749262723,2.90100000,171.90000000,2.941
1749262723,2.90000000,5.50000000,2.941
1749262723,2.89900000,171.90000000,2.941
1749262723,2.89700000,177.40000000,2.941
1749262723,2.89500000,177.40000000,2.941
1749262723,2.89400000,22.00000000,2.941
1749262723,2.89300000,188.40000000,2.941
1749262723,2.89200000,5.50000000,2.941
1749262723,2.89100000,275.70000000,2.941
1749262723,2.88900000,271.00000000,2.941
1749262723,2.88700000,171.90000000,2.941
1749262723,2.88100000,176.40000000,2.941
1749262723,2.87800000,11.00000000,2.941
1749262723,2.87600000,687.30000000,2.941
1749262723,2.87500000,5.50000000,2.941
1749262723,2.87400000,11.00000000,2.941
1749262723,2.87100000,42.00000000,2.941
1749262723,2.87000000,1076.70000000,2.941
1749262723,2.86600000,100.10000000,2.941
1749262723,2.86000000,40.00000000,2.941
1749262723,2.85900000,2.00000000,2.941
1749262723,2.85000000,40.00000000,2.941
1749262723,2.84000000,40.00000000,2.941
1749262723,2.83400000,27.00000000,2.941
1749262723,2.83300000,16.80000000,2.941
1749262723,2.83200000,5.60000000,2.941
1749262723,2.83100000,11.20000000,2.941
1749262723,2.83000000,40.00000000,2.941
1749262723,2.82800000,4.80000000,2.941
1749262723,2.82000000,40.00000000,2.941
1749262723,2.81400000,2.50000000,2.941
1749262723,2.81300000,4.90000000,2.941
1749262723,2.81000000,1279.90000000,2.941
1749262723,2.80500000,4.00000000,2.941
1749262723,2.80200000,3.20000000,2.941
1749262723,2.80000000,152.10000000,2.941
1749262723,2.79800000,5.50000000,2.941
1749262723,2.79600000,5.80000000,2.941
1749262723,2.79500000,2.00000000,2.941
1749262723,2.79100000,3.80000000,2.941
1749262723,2.79000000,45.70000000,2.941
1749262723,2.78600000,179.40000000,2.941
1749262723,2.78300000,2.70000000,2.941
1749262723,2.78000000,40.00000000,2.941
1749262723,2.77000000,40.00000000,2.941
1749262723,2.76800000,76.50000000,2.941
1749262723,2.76700000,4.80000000,2.941
1749262723,2.76300000,16.20000000,2.941
1749262723,2.76000000,40.00000000,2.941
1749262723,2.75900000,2.60000000,2.941
1749262723,2.75000000,94.50000000,2.941
1749262723,2.74000000,40.00000000,2.941
1749262723,2.73000000,40.00000000,2.941
1749262723,2.72500000,11.70000000,2.941
1749262723,2.72000000,42.00000000,2.941
1749262723,2.71200000,10.70000000,2.941
1749262723,2.71000000,45.60000000,2.941
1749262723,2.70700000,9.70000000,2.941
1749262723,2.70300000,7.00000000,2.941
1749262723,2.70000000,164.70000000,2.941
1749262723,2.69300000,16.70000000,2.941
1749262723,2.69000000,40.00000000,2.941
1749262723,2.68000000,40.00000000,2.941
1749262723,2.67700000,2.00000000,2.941
1749262723,2.67300000,179.00000000,2.941
1749262723,2.67000000,40.00000000,2.941
1749263032,2.94200000,478.90000000,2.942
1749263032,2.94100000,246.30000000,2.942
1749263032,2.94000000,674.80000000,2.942
1749263032,2.93900000,1630.30000000,2.942
1749263032,2.93800000,2014.10000000,2.942
1749263032,2.93700000,1265.30000000,2.942
1749263032,2.93600000,400.30000000,2.942
1749263032,2.93500000,1100.20000000,2.942
1749263032,2.93400000,286.50000000,2.942
1749263032,2.93300000,427.50000000,2.942
1749263032,2.93200000,81.00000000,2.942
1749263032,2.93100000,465.10000000,2.942
1749263032,2.93000000,314.30000000,2.942
1749263032,2.92900000,430.20000000,2.942
1749263032,2.92800000,62.00000000,2.942
1749263032,2.92700000,1272.90000000,2.942
1749263032,2.92600000,149.50000000,2.942
1749263032,2.92500000,431.20000000,2.942
1749263032,2.92400000,535.40000000,2.942
1749263032,2.92300000,724.90000000,2.942
1749263032,2.92200000,81.00000000,2.942
1749263032,2.92100000,356.00000000,2.942
1749263032,2.92000000,81.00000000,2.942
1749263032,2.91900000,356.00000000,2.942
1749263032,2.91800000,81.00000000,2.942
1749263032,2.91700000,364.00000000,2.942
1749263032,2.91600000,351.40000000,2.942
1749263032,2.91500000,252.90000000,2.942
1749263032,2.91300000,356.00000000,2.942
1749263032,2.91100000,252.90000000,2.942
1749263032,2.90900000,252.90000000,2.942
1749263032,2.90800000,349.00000000,2.942
1749263032,2.90700000,738.00000000,2.942
1749263032,2.90600000,87.60000000,2.942
1749263032,2.90500000,171.90000000,2.942
1749263032,2.90300000,171.90000000,2.942
1749263032,2.90100000,171.90000000,2.942
1749263032,2.90000000,5.50000000,2.942
1749263032,2.89900000,171.90000000,2.942
1749263032,2.89700000,265.20000000,2.942
1749263032,2.89500000,177.40000000,2.942
1749263032,2.89400000,22.00000000,2.942
1749263032,2.89300000,188.40000000,2.942
1749263032,2.89200000,5.50000000,2.942
1749263032,2.89100000,187.70000000,2.942
1749263032,2.88900000,271.00000000,2.942
1749263032,2.88700000,171.90000000,2.942
1749263032,2.88100000,175.10000000,2.942
1749263032,2.88000000,676.00000000,2.942
1749263032,2.87800000,11.00000000,2.942
1749263032,2.87600000,11.00000000,2.942
1749263032,2.87500000,5.50000000,2.942
1749263032,2.87400000,11.00000000,2.942
1749263032,2.87100000,35.90000000,2.942
1749263032,2.87000000,1076.70000000,2.942
1749263032,2.86600000,100.10000000,2.942
1749263032,2.86000000,40.00000000,2.942
1749263032,2.85900000,2.00000000,2.942
1749263032,2.85000000,40.00000000,2.942
1749263032,2.84000000,40.00000000,2.942
1749263032,2.83400000,27.00000000,2.942
1749263032,2.83300000,16.80000000,2.942
1749263032,2.83200000,5.60000000,2.942
1749263032,2.83100000,11.20000000,2.942
1749263032,2.83000000,40.00000000,2.942
1749263032,2.82800000,4.80000000,2.942
1749263032,2.82000000,40.00000000,2.942
1749263032,2.81400000,1241.80000000,2.942
1749263032,2.81300000,4.90000000,2.942
1749263032,2.81100000,27.80000000,2.942
1749263032,2.81000000,40.00000000,2.942
1749263032,2.80500000,4.00000000,2.942
1749263032,2.80200000,3.20000000,2.942
1749263032,2.80000000,152.10000000,2.942
1749263032,2.79800000,5.50000000,2.942
1749263032,2.79600000,5.80000000,2.942
1749263032,2.79500000,2.00000000,2.942
1749263032,2.79100000,3.80000000,2.942
1749263032,2.79000000,45.70000000,2.942
1749263032,2.78600000,179.40000000,2.942
1749263032,2.78300000,2.70000000,2.942
1749263032,2.78000000,40.00000000,2.942
1749263032,2.77000000,40.00000000,2.942
1749263032,2.76800000,76.50000000,2.942
1749263032,2.76700000,4.80000000,2.942
1749263032,2.76300000,16.20000000,2.942
1749263032,2.76000000,40.00000000,2.942
1749263032,2.75900000,2.60000000,2.942
1749263032,2.75000000,94.50000000,2.942
1749263032,2.74000000,40.00000000,2.942
1749263032,2.73000000,40.00000000,2.942
1749263032,2.72500000,11.70000000,2.942
1749263032,2.72000000,42.00000000,2.942
1749263032,2.71200000,10.70000000,2.942
1749263032,2.71000000,45.60000000,2.942
1749263032,2.70700000,9.70000000,2.942
1749263032,2.70300000,7.00000000,2.942
1749263032,2.70000000,164.70000000,2.942
1749263032,2.69300000,16.70000000,2.942
1749263032,2.69000000,40.00000000,2.942
1749263340,2.94500000,698.60000000,2.947
1749263340,2.94400000,492.10000000,2.947
1749263340,2.94300000,1288.10000000,2.947
1749263340,2.94200000,1129.90000000,2.947
1749263340,2.94100000,1409.20000000,2.947
1749263340,2.94000000,1425.30000000,2.947
1749263340,2.93900000,754.10000000,2.947
1749263340,2.93800000,681.00000000,2.947
1749263340,2.93700000,663.50000000,2.947
1749263340,2.93600000,365.30000000,2.947
1749263340,2.93500000,516.10000000,2.947
1749263340,2.93400000,81.00000000,2.947
1749263340,2.93300000,412.40000000,2.947
1749263340,2.93200000,81.00000000,2.947
1749263340,2.93100000,1397.80000000,2.947
1749263340,2.93000000,156.10000000,2.947
1749263340,2.92900000,356.00000000,2.947
1749263340,2.92800000,62.00000000,2.947
1749263340,2.92700000,672.80000000,2.947
1749263340,2.92600000,195.20000000,2.947
1749263340,2.92500000,696.50000000,2.947
1749263340,2.92400000,81.00000000,2.947
1749263340,2.92300000,356.00000000,2.947
1749263340,2.92200000,81.00000000,2.947
1749263340,2.92100000,628.70000000,2.947
1749263340,2.92000000,81.00000000,2.947
1749263340,2.91900000,356.00000000,2.947
1749263340,2.91800000,81.00000000,2.947
1749263340,2.91700000,364.00000000,2.947
1749263340,2.91600000,81.00000000,2.947
1749263340,2.91500000,252.90000000,2.947
1749263340,2.91400000,349.00000000,2.947
1749263340,2.91300000,275.00000000,2.947
1749263340,2.91200000,131.50000000,2.947
1749263340,2.91100000,171.90000000,2.947
1749263340,2.90900000,171.90000000,2.947
1749263340,2.90700000,738.00000000,2.947
1749263340,2.90500000,171.90000000,2.947
1749263340,2.90300000,171.90000000,2.947
1749263340,2.90100000,171.90000000,2.947
1749263340,2.90000000,5.50000000,2.947
1749263340,2.89900000,171.90000000,2.947
1749263340,2.89700000,265.20000000,2.947
1749263340,2.89500000,177.40000000,2.947
1749263340,2.89400000,22.00000000,2.947
1749263340,2.89300000,188.40000000,2.947
1749263340,2.89200000,5.50000000,2.947
1749263340,2.89100000,187.70000000,2.947
1749263340,2.88900000,271.00000000,2.947
1749263340,2.88700000,171.90000000,2.947
1749263340,2.88100000,182.90000000,2.947
1749263340,2.88000000,676.00000000,2.947
1749263340,2.87800000,11.00000000,2.947
1749263340,2.87600000,11.00000000,2.947
1749263340,2.87500000,5.50000000,2.947
1749263340,2.87400000,11.00000000,2.947
1749263340,2.87100000,51.50000000,2.947
1749263340,2.87000000,1076.70000000,2.947
1749263340,2.86600000,100.10000000,2.947
1749263340,2.86000000,40.00000000,2.947
1749263340,2.85900000,2.00000000,2.947
1749263340,2.85000000,40.00000000,2.947
1749263340,2.84000000,40.00000000,2.947
1749263340,2.83400000,27.00000000,2.947
1749263340,2.83300000,16.80000000,2.947
1749263340,2.83200000,5.60000000,2.947
1749263340,2.83100000,11.20000000,2.947
1749263340,2.83000000,40.00000000,2.947
1749263340,2.82800000,4.80000000,2.947
1749263340,2.82000000,40.00000000,2.947
1749263340,2.81500000,44.10000000,2.947
1749263340,2.81400000,1241.80000000,2.947
1749263340,2.81300000,4.90000000,2.947
1749263340,2.81100000,27.80000000,2.947
1749263340,2.81000000,40.00000000,2.947
1749263340,2.80500000,4.00000000,2.947
1749263340,2.80200000,6.80000000,2.947
1749263340,2.80000000,152.10000000,2.947
1749263340,2.79600000,5.80000000,2.947
1749263340,2.79500000,2.00000000,2.947
1749263340,2.79000000,40.00000000,2.947
1749263340,2.78600000,179.40000000,2.947
1749263340,2.78300000,2.70000000,2.947
1749263340,2.78000000,40.00000000,2.947
1749263340,2.77000000,40.00000000,2.947
1749263340,2.76800000,76.50000000,2.947
1749263340,2.76700000,4.80000000,2.947
1749263340,2.76300000,16.20000000,2.947
1749263340,2.76000000,40.00000000,2.947
1749263340,2.75900000,2.60000000,2.947
1749263340,2.75000000,94.50000000,2.947
1749263340,2.74000000,40.00000000,2.947
1749263340,2.73000000,40.00000000,2.947
1749263340,2.72500000,11.70000000,2.947
1749263340,2.72000000,42.00000000,2.947
1749263340,2.71200000,10.70000000,2.947
1749263340,2.71000000,45.60000000,2.947
1749263340,2.70700000,9.70000000,2.947
1749263340,2.70300000,7.00000000,2.947
1749263340,2.70000000,164.70000000,2.947
1749263641,2.94200000,866.90000000,2.947
1749263641,2.94100000,1155.60000000,2.947
1749263641,2.94000000,1586.50000000,2.947
1749263641,2.93900000,1277.30000000,2.947
1749263641,2.93800000,521.20000000,2.947
1749263641,2.93700000,443.40000000,2.947
1749263641,2.93600000,311.10000000,2.947
1749263641,2.93500000,1041.00000000,2.947
1749263641,2.93400000,109.20000000,2.947
1749263641,2.93300000,593.00000000,2.947
1749263641,2.93200000,114.90000000,2.947
1749263641,2.93100000,520.80000000,2.947
1749263641,2.93000000,225.10000000,2.947
1749263641,2.92900000,424.50000000,2.947
1749263641,2.92800000,1030.30000000,2.947
1749263641,2.92700000,304.40000000,2.947
1749263641,2.92600000,81.00000000,2.947
1749263641,2.92500000,1065.10000000,2.947
1749263641,2.92400000,81.00000000,2.947
1749263641,2.92300000,469.90000000,2.947
1749263641,2.92200000,81.00000000,2.947
1749263641,2.92100000,628.70000000,2.947
1749263641,2.92000000,81.00000000,2.947
1749263641,2.91900000,356.00000000,2.947
1749263641,2.91800000,81.00000000,2.947
1749263641,2.91700000,364.00000000,2.947
1749263641,2.91600000,81.00000000,2.947
1749263641,2.91500000,252.90000000,2.947
1749263641,2.91400000,81.00000000,2.947
1749263641,2.91300000,275.00000000,2.947
1749263641,2.91100000,171.90000000,2.947
1749263641,2.90900000,565.10000000,2.947
1749263641,2.90700000,738.00000000,2.947
1749263641,2.90600000,87.60000000,2.947
1749263641,2.90500000,171.90000000,2.947
1749263641,2.90300000,171.90000000,2.947
1749263641,2.90100000,171.90000000,2.947
1749263641,2.90000000,5.50000000,2.947
1749263641,2.89900000,171.90000000,2.947
1749263641,2.89700000,265.20000000,2.947
1749263641,2.89500000,177.40000000,2.947
1749263641,2.89400000,22.00000000,2.947
1749263641,2.89300000,188.40000000,2.947
1749263641,2.89200000,5.50000000,2.947
1749263641,2.89100000,187.70000000,2.947
1749263641,2.88900000,271.00000000,2.947
1749263641,2.88700000,171.90000000,2.947
1749263641,2.88100000,5.50000000,2.947
1749263641,2.88000000,676.00000000,2.947
1749263641,2.87800000,181.60000000,2.947
1749263641,2.87600000,11.00000000,2.947
1749263641,2.87500000,5.50000000,2.947
1749263641,2.87400000,11.00000000,2.947
1749263641,2.87100000,73.90000000,2.947
1749263641,2.87000000,1076.70000000,2.947
1749263641,2.86600000,100.10000000,2.947
1749263641,2.86000000,40.00000000,2.947
1749263641,2.85900000,2.00000000,2.947
1749263641,2.85000000,40.00000000,2.947
1749263641,2.84000000,40.00000000,2.947
1749263641,2.83400000,27.00000000,2.947
1749263641,2.83300000,16.80000000,2.947
1749263641,2.83200000,5.60000000,2.947
1749263641,2.83100000,11.20000000,2.947
1749263641,2.83000000,40.00000000,2.947
1749263641,2.82800000,4.80000000,2.947
1749263641,2.82000000,40.00000000,2.947
1749263641,2.81500000,49.50000000,2.947
1749263641,2.81400000,1241.80000000,2.947
1749263641,2.81300000,4.90000000,2.947
1749263641,2.81000000,40.00000000,2.947
1749263641,2.80500000,4.00000000,2.947
1749263641,2.80200000,6.80000000,2.947
1749263641,2.80000000,152.10000000,2.947
1749263641,2.79600000,5.80000000,2.947
1749263641,2.79500000,2.00000000,2.947
1749263641,2.79000000,40.00000000,2.947
1749263641,2.78600000,179.40000000,2.947
1749263641,2.78300000,2.70000000,2.947
1749263641,2.78000000,40.00000000,2.947
1749263641,2.77000000,40.00000000,2.947
1749263641,2.76800000,76.50000000,2.947
1749263641,2.76700000,4.80000000,2.947
1749263641,2.76300000,16.20000000,2.947
1749263641,2.76000000,40.00000000,2.947
1749263641,2.75900000,2.60000000,2.947
1749263641,2.75000000,94.50000000,2.947
1749263641,2.74000000,40.00000000,2.947
1749263641,2.73000000,40.00000000,2.947
1749263641,2.72500000,11.70000000,2.947
1749263641,2.72000000,42.00000000,2.947
1749263641,2.71200000,10.70000000,2.947
1749263641,2.71000000,45.60000000,2.947
1749263641,2.70700000,9.70000000,2.947
1749263641,2.70300000,7.00000000,2.947
1749263641,2.70000000,164.70000000,2.947
1749263641,2.69300000,16.70000000,2.947
1749263641,2.69000000,40.00000000,2.947
1749263641,2.68000000,40.00000000,2.947
1749263641,2.67700000,2.00000000,2.947
1749263948,2.94600000,777.70000000,2.947
1749263948,2.94500000,355.00000000,2.947
1749263948,2.94400000,738.70000000,2.947
1749263948,2.94300000,979.40000000,2.947
1749263948,2.94200000,1938.10000000,2.947
1749263948,2.94100000,1326.80000000,2.947
1749263948,2.94000000,482.70000000,2.947
1749263948,2.93900000,866.20000000,2.947
1749263948,2.93800000,1129.50000000,2.947
1749263948,2.93700000,713.60000000,2.947
1749263948,2.93600000,315.10000000,2.947
1749263948,2.93500000,356.00000000,2.947
1749263948,2.93400000,252.70000000,2.947
1749263948,2.93300000,1242.10000000,2.947
1749263948,2.93200000,81.00000000,2.947
1749263948,2.93100000,505.30000000,2.947
1749263948,2.93000000,81.00000000,2.947
1749263948,2.92900000,406.90000000,2.947
1749263948,2.92800000,176.20000000,2.947
1749263948,2.92700000,672.80000000,2.947
1749263948,2.92600000,81.00000000,2.947
1749263948,2.92500000,696.50000000,2.947
1749263948,2.92400000,81.00000000,2.947
1749263948,2.92300000,356.00000000,2.947
1749263948,2.92200000,81.00000000,2.947
1749263948,2.92100000,628.70000000,2.947
1749263948,2.92000000,81.00000000,2.947
1749263948,2.91900000,356.00000000,2.947
1749263948,2.91800000,81.00000000,2.947
1749263948,2.91700000,364.00000000,2.947
1749263948,2.91600000,81.00000000,2.947
1749263948,2.91500000,171.90000000,2.947
1749263948,2.91400000,349.00000000,2.947
1749263948,2.91300000,275.00000000,2.947
1749263948,2.91200000,87.40000000,2.947
1749263948,2.91100000,216.10000000,2.947
1749263948,2.90900000,171.90000000,2.947
1749263948,2.90700000,738.00000000,2.947
1749263948,2.90500000,171.90000000,2.947
1749263948,2.90300000,171.90000000,2.947
1749263948,2.90100000,171.90000000,2.947
1749263948,2.90000000,5.50000000,2.947
1749263948,2.89900000,171.90000000,2.947
1749263948,2.89700000,265.20000000,2.947
1749263948,2.89500000,177.40000000,2.947
1749263948,2.89400000,22.00000000,2.947
1749263948,2.89300000,188.40000000,2.947
1749263948,2.89200000,5.50000000,2.947
1749263948,2.89100000,187.70000000,2.947
1749263948,2.88900000,271.00000000,2.947
1749263948,2.88400000,168.70000000,2.947
1749263948,2.88100000,5.50000000,2.947
1749263948,2.88000000,676.00000000,2.947
1749263948,2.87800000,11.00000000,2.947
1749263948,2.87600000,11.00000000,2.947
1749263948,2.87500000,5.50000000,2.947
1749263948,2.87400000,11.00000000,2.947
1749263948,2.87000000,1076.70000000,2.947
1749263948,2.86600000,100.10000000,2.947
1749263948,2.86000000,40.00000000,2.947
1749263948,2.85900000,2.00000000,2.947
1749263948,2.85000000,40.00000000,2.947
1749263948,2.84000000,40.00000000,2.947
1749263948,2.83400000,27.00000000,2.947
1749263948,2.83300000,16.80000000,2.947
1749263948,2.83200000,5.60000000,2.947
1749263948,2.83100000,11.20000000,2.947
1749263948,2.83000000,40.00000000,2.947
1749263948,2.82800000,4.80000000,2.947
1749263948,2.82000000,40.00000000,2.947
1749263948,2.81500000,92.90000000,2.947
1749263948,2.81400000,1241.80000000,2.947
1749263948,2.81300000,4.90000000,2.947
1749263948,2.81000000,40.00000000,2.947
1749263948,2.80500000,4.00000000,2.947
1749263948,2.80200000,6.80000000,2.947
1749263948,2.80000000,152.10000000,2.947
1749263948,2.79600000,5.80000000,2.947
1749263948,2.79500000,2.00000000,2.947
1749263948,2.79000000,40.00000000,2.947
1749263948,2.78600000,179.40000000,2.947
1749263948,2.78300000,2.70000000,2.947
1749263948,2.78000000,40.00000000,2.947
1749263948,2.77000000,40.00000000,2.947
1749263948,2.76800000,76.50000000,2.947
1749263948,2.76700000,4.80000000,2.947
1749263948,2.76300000,16.20000000,2.947
1749263948,2.76000000,40.00000000,2.947
1749263948,2.75900000,2.60000000,2.947
1749263948,2.75000000,94.50000000,2.947
1749263948,2.74000000,40.00000000,2.947
1749263948,2.73000000,40.00000000,2.947
1749263948,2.72500000,11.70000000,2.947
1749263948,2.72000000,42.00000000,2.947
1749263948,2.71200000,10.70000000,2.947
1749263948,2.71000000,45.60000000,2.947
1749263948,2.70700000,9.70000000,2.947
1749263948,2.70300000,7.00000000,2.947
1749263948,2.70000000,164.70000000,2.947
1749263948,2.69300000,16.70000000,2.947
1749264250,2.94700000,81.00000000,2.947
1749264250,2.94600000,316.00000000,2.947
1749264250,2.94500000,622.10000000,2.947
1749264250,2.94400000,1555.30000000,2.947
1749264250,2.94300000,1649.50000000,2.947
1749264250,2.94200000,1323.90000000,2.947
1749264250,2.94100000,877.20000000,2.947
1749264250,2.94000000,109.20000000,2.947
1749264250,2.93900000,361.20000000,2.947
1749264250,2.93800000,1036.60000000,2.947
1749264250,2.93700000,384.20000000,2.947
1749264250,2.93600000,183.60000000,2.947
1749264250,2.93500000,356.00000000,2.947
1749264250,2.93400000,224.50000000,2.947
1749264250,2.93300000,440.50000000,2.947
1749264250,2.93200000,1048.50000000,2.947
1749264250,2.93100000,505.30000000,2.947
1749264250,2.93000000,81.00000000,2.947
1749264250,2.92900000,356.00000000,2.947
1749264250,2.92800000,176.20000000,2.947
1749264250,2.92700000,672.80000000,2.947
1749264250,2.92600000,81.00000000,2.947
1749264250,2.92500000,696.50000000,2.947
1749264250,2.92400000,81.00000000,2.947
1749264250,2.92300000,356.00000000,2.947
1749264250,2.92200000,81.00000000,2.947
1749264250,2.92100000,628.70000000,2.947
1749264250,2.92000000,81.00000000,2.947
1749264250,2.91900000,356.00000000,2.947
1749264250,2.91800000,81.00000000,2.947
1749264250,2.91700000,364.00000000,2.947
1749264250,2.91500000,520.90000000,2.947
1749264250,2.91300000,275.00000000,2.947
1749264250,2.91200000,87.40000000,2.947
1749264250,2.91100000,171.90000000,2.947
1749264250,2.90900000,171.90000000,2.947
1749264250,2.90700000,738.00000000,2.947
1749264250,2.90500000,171.90000000,2.947
1749264250,2.90300000,171.90000000,2.947
1749264250,2.90100000,171.90000000,2.947
1749264250,2.90000000,5.50000000,2.947
1749264250,2.89900000,171.90000000,2.947
1749264250,2.89700000,177.40000000,2.947
1749264250,2.89600000,87.90000000,2.947
1749264250,2.89500000,177.40000000,2.947
1749264250,2.89400000,22.00000000,2.947
1749264250,2.89300000,188.40000000,2.947
1749264250,2.89200000,5.50000000,2.947
1749264250,2.89100000,187.70000000,2.947
1749264250,2.88900000,271.00000000,2.947
1749264250,2.88500000,168.60000000,2.947
1749264250,2.88100000,5.50000000,2.947
1749264250,2.88000000,676.00000000,2.947
1749264250,2.87800000,11.00000000,2.947
1749264250,2.87600000,11.00000000,2.947
1749264250,2.87500000,5.50000000,2.947
1749264250,2.87400000,11.00000000,2.947
1749264250,2.87100000,126.50000000,2.947
1749264250,2.87000000,1076.70000000,2.947
1749264250,2.86600000,100.10000000,2.947
1749264250,2.86000000,40.00000000,2.947
1749264250,2.85900000,2.00000000,2.947
1749264250,2.85000000,40.00000000,2.947
1749264250,2.84000000,40.00000000,2.947
1749264250,2.83400000,27.00000000,2.947
1749264250,2.83300000,16.80000000,2.947
1749264250,2.83200000,5.60000000,2.947
1749264250,2.83100000,11.20000000,2.947
1749264250,2.83000000,40.00000000,2.947
1749264250,2.82800000,4.80000000,2.947
1749264250,2.82000000,40.00000000,2.947
1749264250,2.81400000,1241.80000000,2.947
1749264250,2.81300000,4.90000000,2.947
1749264250,2.81000000,40.00000000,2.947
1749264250,2.80500000,4.00000000,2.947
1749264250,2.80200000,3.20000000,2.947
1749264250,2.80000000,167.10000000,2.947
1749264250,2.79600000,5.80000000,2.947
1749264250,2.79500000,2.00000000,2.947
1749264250,2.79000000,40.00000000,2.947
1749264250,2.78600000,179.40000000,2.947
1749264250,2.78300000,2.70000000,2.947
1749264250,2.78000000,40.00000000,2.947
1749264250,2.77000000,40.00000000,2.947
1749264250,2.76800000,76.50000000,2.947
1749264250,2.76700000,4.80000000,2.947
1749264250,2.76300000,16.20000000,2.947
1749264250,2.76000000,40.00000000,2.947
1749264250,2.75900000,2.60000000,2.947
1749264250,2.75000000,94.50000000,2.947
1749264250,2.74000000,40.00000000,2.947
1749264250,2.73000000,40.00000000,2.947
1749264250,2.72500000,11.70000000,2.947
1749264250,2.72000000,42.00000000,2.947
1749264250,2.71200000,10.70000000,2.947
1749264250,2.71000000,45.60000000,2.947
1749264250,2.70700000,9.70000000,2.947
1749264250,2.70300000,7.00000000,2.947
1749264250,2.70000000,164.70000000,2.947
1749264250,2.69300000,16.70000000,2.947
1749264557,2.94800000,319.00000000,2.949
1749264557,2.94700000,221.70000000,2.949
1749264557,2.94600000,728.90000000,2.949
1749264557,2.94500000,2160.40000000,2.949
1749264557,2.94400000,1592.50000000,2.949
1749264557,2.94300000,1478.50000000,2.949
1749264557,2.94200000,446.10000000,2.949
1749264557,2.94100000,2382.70000000,2.949
1749264557,2.94000000,109.20000000,2.949
1749264557,2.93900000,383.20000000,2.949
1749264557,2.93800000,588.90000000,2.949
1749264557,2.93700000,384.20000000,2.949
1749264557,2.93600000,183.60000000,2.949
1749264557,2.93500000,521.60000000,2.949
1749264557,2.93400000,156.10000000,2.949
1749264557,2.93300000,343.40000000,2.949
1749264557,2.93200000,81.00000000,2.949
1749264557,2.93100000,431.10000000,2.949
1749264557,2.93000000,523.20000000,2.949
1749264557,2.92900000,470.00000000,2.949
1749264557,2.92800000,62.00000000,2.949
1749264557,2.92700000,304.40000000,2.949
1749264557,2.92600000,81.00000000,2.949
1749264557,2.92500000,356.00000000,2.949
1749264557,2.92400000,81.00000000,2.949
1749264557,2.92300000,356.00000000,2.949
1749264557,2.92200000,81.00000000,2.949
1749264557,2.92100000,628.70000000,2.949
1749264557,2.91900000,275.00000000,2.949
1749264557,2.91700000,973.40000000,2.949
1749264557,2.91500000,171.90000000,2.949
1749264557,2.91300000,275.00000000,2.949
1749264557,2.91100000,171.90000000,2.949
1749264557,2.90900000,171.90000000,2.949
1749264557,2.90700000,738.00000000,2.949
1749264557,2.90600000,87.60000000,2.949
1749264557,2.90500000,171.90000000,2.949
1749264557,2.90300000,171.90000000,2.949
1749264557,2.90100000,171.90000000,2.949
1749264557,2.90000000,5.50000000,2.949
1749264557,2.89900000,171.90000000,2.949
1749264557,2.89700000,177.40000000,2.949
1749264557,2.89600000,87.90000000,2.949
1749264557,2.89500000,177.40000000,2.949
1749264557,2.89400000,22.00000000,2.949
1749264557,2.89300000,188.40000000,2.949
1749264557,2.89200000,5.50000000,2.949
1749264557,2.89100000,187.70000000,2.949
1749264557,2.88900000,271.00000000,2.949
1749264557,2.88200000,171.20000000,2.949
1749264557,2.88100000,5.50000000,2.949
1749264557,2.88000000,676.00000000,2.949
1749264557,2.87800000,11.00000000,2.949
1749264557,2.87600000,25.20000000,2.949
1749264557,2.87500000,1080.10000000,2.949
1749264557,2.87400000,11.00000000,2.949
1749264557,2.87100000,49.50000000,2.949
1749264557,2.86600000,100.10000000,2.949
1749264557,2.86000000,40.00000000,2.949
1749264557,2.85900000,2.00000000,2.949
1749264557,2.85000000,40.00000000,2.949
1749264557,2.84000000,40.00000000,2.949
1749264557,2.83400000,27.00000000,2.949
1749264557,2.83300000,16.80000000,2.949
1749264557,2.83200000,5.60000000,2.949
1749264557,2.83100000,11.20000000,2.949
1749264557,2.83000000,40.00000000,2.949
1749264557,2.82800000,4.80000000,2.949
1749264557,2.82000000,40.00000000,2.949
1749264557,2.81500000,56.60000000,2.949
1749264557,2.81400000,1241.80000000,2.949
1749264557,2.81300000,4.90000000,2.949
1749264557,2.81000000,40.00000000,2.949
1749264557,2.80500000,4.00000000,2.949
1749264557,2.80200000,3.20000000,2.949
1749264557,2.80000000,167.10000000,2.949
1749264557,2.79600000,5.80000000,2.949
1749264557,2.79500000,2.00000000,2.949
1749264557,2.79000000,40.00000000,2.949
1749264557,2.78600000,179.40000000,2.949
1749264557,2.78300000,2.70000000,2.949
1749264557,2.78000000,40.00000000,2.949
1749264557,2.77000000,40.00000000,2.949
1749264557,2.76800000,76.50000000,2.949
1749264557,2.76700000,4.80000000,2.949
1749264557,2.76300000,16.20000000,2.949
1749264557,2.76000000,40.00000000,2.949
1749264557,2.75900000,2.60000000,2.949
1749264557,2.75000000,94.50000000,2.949
1749264557,2.74000000,40.00000000,2.949
1749264557,2.73000000,40.00000000,2.949
1749264557,2.72500000,11.70000000,2.949
1749264557,2.72000000,42.00000000,2.949
1749264557,2.71200000,10.70000000,2.949
1749264557,2.71000000,45.60000000,2.949
1749264557,2.70700000,9.70000000,2.949
1749264557,2.70300000,7.00000000,2.949
1749264557,2.70000000,164.70000000,2.949
1749264557,2.69300000,16.70000000,2.949
1749264557,2.69000000,40.00000000,2.949
1749264859,2.95100000,668.90000000,2.952
1749264859,2.95000000,598.80000000,2.952
1749264859,2.94900000,689.20000000,2.952
1749264859,2.94800000,1129.00000000,2.952
1749264859,2.94700000,1301.10000000,2.952
1749264859,2.94600000,1299.20000000,2.952
1749264859,2.94500000,1510.40000000,2.952
1749264859,2.94400000,1114.10000000,2.952
1749264859,2.94300000,1512.20000000,2.952
1749264859,2.94100000,818.00000000,2.952
1749264859,2.94000000,261.40000000,2.952
1749264859,2.93900000,424.90000000,2.952
1749264859,2.93800000,602.00000000,2.952
1749264859,2.93700000,431.00000000,2.952
1749264859,2.93600000,189.90000000,2.952
1749264859,2.93500000,430.10000000,2.952
1749264859,2.93400000,81.00000000,2.952
1749264859,2.93300000,711.00000000,2.952
1749264859,2.93200000,81.00000000,2.952
1749264859,2.93100000,356.00000000,2.952
1749264859,2.93000000,535.00000000,2.952
1749264859,2.92900000,356.00000000,2.952
1749264859,2.92800000,62.00000000,2.952
1749264859,2.92700000,304.40000000,2.952
1749264859,2.92600000,356.90000000,2.952
1749264859,2.92500000,356.00000000,2.952
1749264859,2.92400000,81.00000000,2.952
1749264859,2.92300000,356.00000000,2.952
1749264859,2.92100000,275.00000000,2.952
1749264859,2.91900000,275.00000000,2.952
1749264859,2.91700000,528.90000000,2.952
1749264859,2.91600000,44.10000000,2.952
1749264859,2.91500000,171.90000000,2.952
1749264859,2.91300000,259.20000000,2.952
1749264859,2.91100000,171.90000000,2.952
1749264859,2.90900000,171.90000000,2.952
1749264859,2.90700000,738.00000000,2.952
1749264859,2.90500000,171.90000000,2.952
1749264859,2.90300000,259.50000000,2.952
1749264859,2.90100000,171.90000000,2.952
1749264859,2.90000000,5.50000000,2.952
1749264859,2.89900000,171.90000000,2.952
1749264859,2.89700000,177.40000000,2.952
1749264859,2.89500000,265.30000000,2.952
1749264859,2.89400000,22.00000000,2.952
1749264859,2.89300000,188.40000000,2.952
1749264859,2.89200000,5.50000000,2.952
1749264859,2.89100000,15.80000000,2.952
1749264859,2.88900000,11.00000000,2.952
1749264859,2.88500000,173.10000000,2.952
1749264859,2.88100000,5.50000000,2.952
1749264859,2.88000000,676.00000000,2.952
1749264859,2.87800000,11.00000000,2.952
1749264859,2.87600000,25.20000000,2.952
1749264859,2.87500000,1080.10000000,2.952
1749264859,2.87400000,11.00000000,2.952
1749264859,2.87100000,21.70000000,2.952
1749264859,2.86600000,100.10000000,2.952
1749264859,2.86000000,40.00000000,2.952
1749264859,2.85900000,2.00000000,2.952
1749264859,2.85000000,40.00000000,2.952
1749264859,2.84000000,40.00000000,2.952
1749264859,2.83400000,27.00000000,2.952
1749264859,2.83300000,16.80000000,2.952
1749264859,2.83200000,5.60000000,2.952
1749264859,2.83100000,11.20000000,2.952
1749264859,2.83000000,40.00000000,2.952
1749264859,2.82800000,4.80000000,2.952
1749264859,2.82000000,40.00000000,2.952
1749264859,2.81500000,85.70000000,2.952
1749264859,2.81400000,1241.80000000,2.952
1749264859,2.81300000,4.90000000,2.952
1749264859,2.81000000,40.00000000,2.952
1749264859,2.80500000,4.00000000,2.952
1749264859,2.80200000,3.20000000,2.952
1749264859,2.80000000,167.10000000,2.952
1749264859,2.79600000,5.80000000,2.952
1749264859,2.79500000,2.00000000,2.952
1749264859,2.79000000,40.00000000,2.952
1749264859,2.78600000,179.40000000,2.952
1749264859,2.78300000,2.70000000,2.952
1749264859,2.78000000,40.00000000,2.952
1749264859,2.77000000,40.00000000,2.952
1749264859,2.76800000,76.50000000,2.952
1749264859,2.76700000,4.80000000,2.952
1749264859,2.76300000,16.20000000,2.952
1749264859,2.76000000,40.00000000,2.952
1749264859,2.75900000,2.60000000,2.952
1749264859,2.75000000,94.50000000,2.952
1749264859,2.74000000,40.00000000,2.952
1749264859,2.73000000,40.00000000,2.952
1749264859,2.72500000,11.70000000,2.952
1749264859,2.72000000,42.00000000,2.952
1749264859,2.71200000,10.70000000,2.952
1749264859,2.71000000,45.60000000,2.952
1749264859,2.70700000,9.70000000,2.952
1749264859,2.70300000,7.00000000,2.952
1749264859,2.70000000,164.70000000,2.952
1749264859,2.69300000,16.70000000,2.952
1749264859,2.69000000,40.00000000,2.952
1749265161,2.95200000,573.90000000,2.954
1749265161,2.95100000,222.00000000,2.954
1749265161,2.95000000,491.00000000,2.954
1749265161,2.94900000,1260.60000000,2.954
1749265161,2.94800000,501.20000000,2.954
1749265161,2.94700000,1087.00000000,2.954
1749265161,2.94600000,992.80000000,2.954
1749265161,2.94500000,1883.90000000,2.954
1749265161,2.94400000,857.70000000,2.954
1749265161,2.94300000,371.20000000,2.954
1749265161,2.94200000,335.40000000,2.954
1749265161,2.94100000,596.10000000,2.954
1749265161,2.94000000,109.00000000,2.954
1749265161,2.93900000,424.20000000,2.954
1749265161,2.93800000,81.00000000,2.954
1749265161,2.93700000,356.00000000,2.954
1749265161,2.93600000,156.00000000,2.954
1749265161,2.93500000,797.50000000,2.954
1749265161,2.93400000,81.00000000,2.954
1749265161,2.93300000,695.70000000,2.954
1749265161,2.93200000,195.20000000,2.954
1749265161,2.93100000,356.00000000,2.954
1749265161,2.93000000,81.00000000,2.954
1749265161,2.92900000,356.00000000,2.954
1749265161,2.92800000,62.00000000,2.954
1749265161,2.92700000,304.40000000,2.954
1749265161,2.92600000,356.90000000,2.954
1749265161,2.92500000,356.00000000,2.954
1749265161,2.92300000,275.00000000,2.954
1749265161,2.92100000,275.00000000,2.954
1749265161,2.92000000,349.00000000,2.954
1749265161,2.91900000,215.90000000,2.954
1749265161,2.91700000,179.90000000,2.954
1749265161,2.91500000,171.90000000,2.954
1749265161,2.91300000,824.30000000,2.954
1749265161,2.91100000,171.90000000,2.954
1749265161,2.90900000,259.40000000,2.954
1749265161,2.90700000,171.90000000,2.954
1749265161,2.90500000,171.90000000,2.954
1749265161,2.90300000,171.90000000,2.954
1749265161,2.90100000,171.90000000,2.954
1749265161,2.90000000,5.50000000,2.954
1749265161,2.89900000,171.90000000,2.954
1749265161,2.89700000,177.40000000,2.954
1749265161,2.89500000,265.30000000,2.954
1749265161,2.89400000,22.00000000,2.954
1749265161,2.89300000,16.50000000,2.954
1749265161,2.89200000,697.10000000,2.954
1749265161,2.89100000,15.80000000,2.954
1749265161,2.88900000,11.00000000,2.954
1749265161,2.88800000,178.10000000,2.954
1749265161,2.88100000,5.50000000,2.954
1749265161,2.87800000,11.00000000,2.954
1749265161,2.87600000,190.50000000,2.954
1749265161,2.87500000,1080.10000000,2.954
1749265161,2.87400000,11.00000000,2.954
1749265161,2.86600000,100.10000000,2.954
1749265161,2.86000000,40.00000000,2.954
1749265161,2.85900000,2.00000000,2.954
1749265161,2.85000000,40.00000000,2.954
1749265161,2.84000000,40.00000000,2.954
1749265161,2.83400000,27.00000000,2.954
1749265161,2.83300000,16.80000000,2.954
1749265161,2.83200000,5.60000000,2.954
1749265161,2.83100000,11.20000000,2.954
1749265161,2.83000000,40.00000000,2.954
1749265161,2.82800000,4.80000000,2.954
1749265161,2.82000000,40.00000000,2.954
1749265161,2.81400000,1241.80000000,2.954
1749265161,2.81300000,4.90000000,2.954
1749265161,2.81000000,40.00000000,2.954
1749265161,2.80500000,4.00000000,2.954
1749265161,2.80200000,3.20000000,2.954
1749265161,2.80000000,167.10000000,2.954
1749265161,2.79600000,5.80000000,2.954
1749265161,2.79500000,2.00000000,2.954
1749265161,2.79000000,40.00000000,2.954
1749265161,2.78600000,179.40000000,2.954
1749265161,2.78300000,2.70000000,2.954
1749265161,2.78000000,40.00000000,2.954
1749265161,2.77000000,40.00000000,2.954
1749265161,2.76800000,76.50000000,2.954
1749265161,2.76700000,4.80000000,2.954
1749265161,2.76300000,16.20000000,2.954
1749265161,2.76000000,40.00000000,2.954
1749265161,2.75900000,2.60000000,2.954
1749265161,2.75000000,94.50000000,2.954
1749265161,2.74000000,40.00000000,2.954
1749265161,2.73000000,40.00000000,2.954
1749265161,2.72500000,11.70000000,2.954
1749265161,2.72000000,42.00000000,2.954
1749265161,2.71200000,10.70000000,2.954
1749265161,2.71000000,45.60000000,2.954
1749265161,2.70700000,9.70000000,2.954
1749265161,2.70300000,7.00000000,2.954
1749265161,2.70000000,164.70000000,2.954
1749265161,2.69300000,16.70000000,2.954
1749265161,2.69000000,40.00000000,2.954
1749265161,2.68000000,40.00000000,2.954
1749265161,2.67700000,2.00000000,2.954
1749265463,2.95800000,81.00000000,2.959
1749265463,2.95700000,344.10000000,2.959
1749265463,2.95600000,810.00000000,2.959
1749265463,2.95500000,1517.50000000,2.959
1749265463,2.95400000,1386.50000000,2.959
1749265463,2.95300000,1511.50000000,2.959
1749265463,2.95200000,1134.50000000,2.959
1749265463,2.95100000,429.30000000,2.959
1749265463,2.95000000,108.20000000,2.959
1749265463,2.94900000,772.50000000,2.959
1749265463,2.94800000,302.00000000,2.959
1749265463,2.94700000,664.50000000,2.959
1749265463,2.94600000,463.90000000,2.959
1749265463,2.94500000,464.50000000,2.959
1749265463,2.94400000,1045.70000000,2.959
1749265463,2.94300000,430.80000000,2.959
1749265463,2.94200000,81.00000000,2.959
1749265463,2.94100000,790.80000000,2.959
1749265463,2.94000000,154.90000000,2.959
1749265463,2.93900000,356.00000000,2.959
1749265463,2.93800000,195.10000000,2.959
1749265463,2.93700000,695.30000000,2.959
1749265463,2.93600000,81.00000000,2.959
1749265463,2.93500000,356.00000000,2.959
1749265463,2.93400000,81.00000000,2.959
1749265463,2.93300000,356.00000000,2.959
1749265463,2.93200000,81.00000000,2.959
1749265463,2.93100000,632.60000000,2.959
1749265463,2.93000000,81.00000000,2.959
1749265463,2.92900000,356.00000000,2.959
1749265463,2.92800000,62.00000000,2.959
1749265463,2.92700000,275.00000000,2.959
1749265463,2.92500000,520.90000000,2.959
1749265463,2.92300000,215.90000000,2.959
1749265463,2.92100000,171.90000000,2.959
1749265463,2.92000000,87.10000000,2.959
1749265463,2.91900000,735.80000000,2.959
1749265463,2.91700000,179.90000000,2.959
1749265463,2.91600000,87.30000000,2.959
1749265463,2.91500000,171.90000000,2.959
1749265463,2.91300000,171.90000000,2.959
1749265463,2.91100000,171.90000000,2.959
1749265463,2.90900000,171.90000000,2.959
1749265463,2.90700000,171.90000000,2.959
1749265463,2.90500000,171.90000000,2.959
1749265463,2.90300000,171.90000000,2.959
1749265463,2.90100000,259.60000000,2.959
1749265463,2.90000000,5.50000000,2.959
1749265463,2.89700000,175.90000000,2.959
1749265463,2.89500000,5.50000000,2.959
1749265463,2.89400000,22.00000000,2.959
1749265463,2.89300000,16.50000000,2.959
1749265463,2.89200000,697.10000000,2.959
1749265463,2.89100000,15.80000000,2.959
1749265463,2.88900000,11.00000000,2.959
1749265463,2.88100000,1078.20000000,2.959
1749265463,2.87800000,11.00000000,2.959
1749265463,2.87600000,124.20000000,2.959
1749265463,2.87500000,5.50000000,2.959
1749265463,2.87400000,11.00000000,2.959
1749265463,2.86600000,100.10000000,2.959
1749265463,2.86000000,40.00000000,2.959
1749265463,2.85900000,2.00000000,2.959
1749265463,2.85000000,40.00000000,2.959
1749265463,2.84000000,40.00000000,2.959
1749265463,2.83400000,27.00000000,2.959
1749265463,2.83300000,16.80000000,2.959
1749265463,2.83200000,5.60000000,2.959
1749265463,2.83100000,11.20000000,2.959
1749265463,2.83000000,40.00000000,2.959
1749265463,2.82800000,4.80000000,2.959
1749265463,2.82000000,40.00000000,2.959
1749265463,2.81500000,62.20000000,2.959
1749265463,2.81400000,1241.80000000,2.959
1749265463,2.81300000,4.90000000,2.959
1749265463,2.81000000,40.00000000,2.959
1749265463,2.80500000,4.00000000,2.959
1749265463,2.80200000,3.20000000,2.959
1749265463,2.80000000,167.10000000,2.959
1749265463,2.79600000,5.80000000,2.959
1749265463,2.79500000,2.00000000,2.959
1749265463,2.79000000,40.00000000,2.959
1749265463,2.78600000,179.40000000,2.959
1749265463,2.78300000,2.70000000,2.959
1749265463,2.78000000,40.00000000,2.959
1749265463,2.77000000,40.00000000,2.959
1749265463,2.76800000,76.50000000,2.959
1749265463,2.76700000,4.80000000,2.959
1749265463,2.76300000,16.20000000,2.959
1749265463,2.76000000,40.00000000,2.959
1749265463,2.75900000,2.60000000,2.959
1749265463,2.75000000,94.50000000,2.959
1749265463,2.74000000,40.00000000,2.959
1749265463,2.73000000,40.00000000,2.959
1749265463,2.72500000,11.70000000,2.959
1749265463,2.72000000,42.00000000,2.959
1749265463,2.71200000,10.70000000,2.959
1749265463,2.71000000,45.60000000,2.959
1749265463,2.70700000,9.70000000,2.959
1749265463,2.70300000,7.00000000,2.959
1749265764,2.95700000,268.30000000,2.958
1749265764,2.95600000,243.40000000,2.958
1749265764,2.95500000,565.70000000,2.958
1749265764,2.95400000,882.30000000,2.958
1749265764,2.95300000,1441.90000000,2.958
1749265764,2.95200000,1490.80000000,2.958
1749265764,2.95100000,1720.60000000,2.958
1749265764,2.95000000,2160.50000000,2.958
1749265764,2.94900000,772.50000000,2.958
1749265764,2.94800000,317.40000000,2.958
1749265764,2.94700000,414.90000000,2.958
1749265764,2.94600000,477.30000000,2.958
1749265764,2.94500000,500.00000000,2.958
1749265764,2.94400000,246.10000000,2.958
1749265764,2.94300000,1395.60000000,2.958
1749265764,2.94200000,81.00000000,2.958
1749265764,2.94100000,424.20000000,2.958
1749265764,2.94000000,154.90000000,2.958
1749265764,2.93900000,722.90000000,2.958
1749265764,2.93800000,195.10000000,2.958
1749265764,2.93700000,695.30000000,2.958
1749265764,2.93600000,81.00000000,2.958
1749265764,2.93500000,356.00000000,2.958
1749265764,2.93400000,81.00000000,2.958
1749265764,2.93300000,356.00000000,2.958
1749265764,2.93200000,81.00000000,2.958
1749265764,2.93100000,632.60000000,2.958
1749265764,2.93000000,81.00000000,2.958
1749265764,2.92900000,275.00000000,2.958
1749265764,2.92700000,275.00000000,2.958
1749265764,2.92500000,171.90000000,2.958
1749265764,2.92300000,520.90000000,2.958
1749265764,2.92200000,44.00000000,2.958
1749265764,2.92100000,171.90000000,2.958
1749265764,2.92000000,87.10000000,2.958
1749265764,2.91900000,735.80000000,2.958
1749265764,2.91700000,179.90000000,2.958
1749265764,2.91600000,87.30000000,2.958
1749265764,2.91500000,171.90000000,2.958
1749265764,2.91300000,171.90000000,2.958
1749265764,2.91100000,171.90000000,2.958
1749265764,2.90900000,171.90000000,2.958
1749265764,2.90700000,171.90000000,2.958
1749265764,2.90500000,171.90000000,2.958
1749265764,2.90300000,171.90000000,2.958
1749265764,2.90100000,259.60000000,2.958
1749265764,2.90000000,5.50000000,2.958
1749265764,2.89700000,5.50000000,2.958
1749265764,2.89500000,5.50000000,2.958
1749265764,2.89400000,22.00000000,2.958
1749265764,2.89300000,16.50000000,2.958
1749265764,2.89200000,872.20000000,2.958
1749265764,2.89100000,15.80000000,2.958
1749265764,2.88900000,11.00000000,2.958
1749265764,2.88200000,15.50000000,2.958
1749265764,2.88100000,1078.20000000,2.958
1749265764,2.87800000,11.00000000,2.958
1749265764,2.87600000,55.10000000,2.958
1749265764,2.87500000,5.50000000,2.958
1749265764,2.87400000,11.00000000,2.958
1749265764,2.86600000,100.10000000,2.958
1749265764,2.86000000,40.00000000,2.958
1749265764,2.85900000,2.00000000,2.958
1749265764,2.85000000,40.00000000,2.958
1749265764,2.84000000,40.00000000,2.958
1749265764,2.83400000,27.00000000,2.958
1749265764,2.83300000,16.80000000,2.958
1749265764,2.83200000,5.60000000,2.958
1749265764,2.83100000,11.20000000,2.958
1749265764,2.83000000,40.00000000,2.958
1749265764,2.82800000,4.80000000,2.958
1749265764,2.82000000,40.00000000,2.958
1749265764,2.81500000,121.00000000,2.958
1749265764,2.81400000,1241.80000000,2.958
1749265764,2.81300000,4.90000000,2.958
1749265764,2.81000000,40.00000000,2.958
1749265764,2.80500000,4.00000000,2.958
1749265764,2.80200000,3.20000000,2.958
1749265764,2.80000000,167.10000000,2.958
1749265764,2.79600000,5.80000000,2.958
1749265764,2.79500000,2.00000000,2.958
1749265764,2.79000000,40.00000000,2.958
1749265764,2.78600000,179.40000000,2.958
1749265764,2.78300000,2.70000000,2.958
1749265764,2.78000000,40.00000000,2.958
1749265764,2.77000000,40.00000000,2.958
1749265764,2.76800000,76.50000000,2.958
1749265764,2.76700000,4.80000000,2.958
1749265764,2.76300000,16.20000000,2.958
1749265764,2.76000000,40.00000000,2.958
1749265764,2.75900000,2.60000000,2.958
1749265764,2.75000000,94.50000000,2.958
1749265764,2.74000000,40.00000000,2.958
1749265764,2.73000000,40.00000000,2.958
1749265764,2.72500000,11.70000000,2.958
1749265764,2.72000000,42.00000000,2.958
1749265764,2.71200000,10.70000000,2.958
1749265764,2.71000000,45.60000000,2.958
1749265764,2.70700000,9.70000000,2.958
1749265764,2.70300000,7.00000000,2.958
1749266066,2.95700000,124.90000000,2.957
1749266066,2.95600000,386.90000000,2.957
1749266066,2.95500000,881.40000000,2.957
1749266066,2.95400000,908.50000000,2.957
1749266066,2.95300000,1426.30000000,2.957
1749266066,2.95200000,1322.00000000,2.957
1749266066,2.95100000,779.90000000,2.957
1749266066,2.95000000,2151.40000000,2.957
1749266066,2.94900000,384.10000000,2.957
1749266066,2.94800000,317.40000000,2.957
1749266066,2.94700000,595.70000000,2.957
1749266066,2.94600000,545.30000000,2.957
1749266066,2.94500000,457.20000000,2.957
1749266066,2.94400000,81.00000000,2.957
1749266066,2.94300000,1410.50000000,2.957
1749266066,2.94200000,81.00000000,2.957
1749266066,2.94100000,356.00000000,2.957
1749266066,2.94000000,154.90000000,2.957
1749266066,2.93900000,722.90000000,2.957
1749266066,2.93800000,195.10000000,2.957
1749266066,2.93700000,695.30000000,2.957
1749266066,2.93600000,81.00000000,2.957
1749266066,2.93500000,356.00000000,2.957
1749266066,2.93400000,81.00000000,2.957
1749266066,2.93300000,356.00000000,2.957
1749266066,2.93200000,81.00000000,2.957
1749266066,2.93100000,632.60000000,2.957
1749266066,2.92900000,275.00000000,2.957
1749266066,2.92700000,275.00000000,2.957
1749266066,2.92600000,349.00000000,2.957
1749266066,2.92500000,171.90000000,2.957
1749266066,2.92400000,44.00000000,2.957
1749266066,2.92300000,171.90000000,2.957
1749266066,2.92100000,171.90000000,2.957
1749266066,2.92000000,87.10000000,2.957
1749266066,2.91900000,735.80000000,2.957
1749266066,2.91700000,179.90000000,2.957
1749266066,2.91600000,87.30000000,2.957
1749266066,2.91500000,171.90000000,2.957
1749266066,2.91300000,171.90000000,2.957
1749266066,2.91100000,171.90000000,2.957
1749266066,2.90900000,171.90000000,2.957
1749266066,2.90700000,259.40000000,2.957
1749266066,2.90500000,171.90000000,2.957
1749266066,2.90300000,171.90000000,2.957
1749266066,2.90100000,171.90000000,2.957
1749266066,2.90000000,5.50000000,2.957
1749266066,2.89700000,5.50000000,2.957
1749266066,2.89500000,178.10000000,2.957
1749266066,2.89400000,22.00000000,2.957
1749266066,2.89300000,16.50000000,2.957
1749266066,2.89200000,697.10000000,2.957
1749266066,2.89100000,15.80000000,2.957
1749266066,2.88900000,11.00000000,2.957
1749266066,2.88200000,59.30000000,2.957
1749266066,2.88100000,1078.20000000,2.957
1749266066,2.87800000,11.00000000,2.957
1749266066,2.87600000,11.00000000,2.957
1749266066,2.87500000,5.50000000,2.957
1749266066,2.87400000,11.00000000,2.957
1749266066,2.86600000,100.10000000,2.957
1749266066,2.86000000,40.00000000,2.957
1749266066,2.85900000,2.00000000,2.957
1749266066,2.85000000,40.00000000,2.957
1749266066,2.84000000,40.00000000,2.957
1749266066,2.83400000,27.00000000,2.957
1749266066,2.83300000,16.80000000,2.957
1749266066,2.83200000,5.60000000,2.957
1749266066,2.83100000,11.20000000,2.957
1749266066,2.83000000,40.00000000,2.957
1749266066,2.82800000,4.80000000,2.957
1749266066,2.82000000,40.00000000,2.957
1749266066,2.81500000,121.00000000,2.957
1749266066,2.81400000,1241.80000000,2.957
1749266066,2.81300000,4.90000000,2.957
1749266066,2.81000000,40.00000000,2.957
1749266066,2.80500000,4.00000000,2.957
1749266066,2.80200000,3.20000000,2.957
1749266066,2.80000000,163.50000000,2.957
1749266066,2.79600000,9.40000000,2.957
1749266066,2.79500000,2.00000000,2.957
1749266066,2.79000000,40.00000000,2.957
1749266066,2.78600000,179.40000000,2.957
1749266066,2.78300000,2.70000000,2.957
1749266066,2.78000000,40.00000000,2.957
1749266066,2.77000000,40.00000000,2.957
1749266066,2.76800000,76.50000000,2.957
1749266066,2.76700000,4.80000000,2.957
1749266066,2.76300000,16.20000000,2.957
1749266066,2.76000000,40.00000000,2.957
1749266066,2.75900000,2.60000000,2.957
1749266066,2.75000000,94.50000000,2.957
1749266066,2.74000000,40.00000000,2.957
1749266066,2.73000000,40.00000000,2.957
1749266066,2.72500000,11.70000000,2.957
1749266066,2.72000000,42.00000000,2.957
1749266066,2.71200000,10.70000000,2.957
1749266066,2.71000000,45.60000000,2.957
1749266066,2.70700000,9.70000000,2.957
1749266066,2.70300000,7.00000000,2.957
1749266368,2.95600000,81.00000000,2.957
1749266368,2.95500000,641.60000000,2.957
1749266368,2.95400000,1444.20000000,2.957
1749266368,2.95300000,1218.30000000,2.957
1749266368,2.95200000,1833.60000000,2.957
1749266368,2.95100000,819.00000000,2.957
1749266368,2.95000000,795.00000000,2.957
1749266368,2.94900000,548.30000000,2.957
1749266368,2.94800000,351.30000000,2.957
1749266368,2.94700000,595.70000000,2.957
1749266368,2.94600000,545.30000000,2.957
1749266368,2.94500000,497.00000000,2.957
1749266368,2.94400000,81.00000000,2.957
1749266368,2.94300000,1410.50000000,2.957
1749266368,2.94200000,81.00000000,2.957
1749266368,2.94100000,356.00000000,2.957
1749266368,2.94000000,447.70000000,2.957
1749266368,2.93900000,356.00000000,2.957
1749266368,2.93800000,81.00000000,2.957
1749266368,2.93700000,809.40000000,2.957
1749266368,2.93600000,81.00000000,2.957
1749266368,2.93500000,356.00000000,2.957
1749266368,2.93300000,356.00000000,2.957
1749266368,2.93100000,632.60000000,2.957
1749266368,2.92900000,356.00000000,2.957
1749266368,2.92700000,171.90000000,2.957
1749266368,2.92600000,349.00000000,2.957
1749266368,2.92500000,171.90000000,2.957
1749266368,2.92300000,171.90000000,2.957
1749266368,2.92200000,44.00000000,2.957
1749266368,2.92100000,259.00000000,2.957
1749266368,2.91900000,735.80000000,2.957
1749266368,2.91700000,179.90000000,2.957
1749266368,2.91500000,259.20000000,2.957
1749266368,2.91300000,171.90000000,2.957
1749266368,2.91100000,171.90000000,2.957
1749266368,2.90900000,171.90000000,2.957
1749266368,2.90700000,259.40000000,2.957
1749266368,2.90500000,171.90000000,2.957
1749266368,2.90300000,171.90000000,2.957
1749266368,2.90100000,171.90000000,2.957
1749266368,2.90000000,5.50000000,2.957
1749266368,2.89700000,5.50000000,2.957
1749266368,2.89500000,178.10000000,2.957
1749266368,2.89400000,22.00000000,2.957
1749266368,2.89300000,16.50000000,2.957
1749266368,2.89200000,697.10000000,2.957
1749266368,2.89100000,15.80000000,2.957
1749266368,2.88900000,11.00000000,2.957
1749266368,2.88200000,175.30000000,2.957
1749266368,2.88100000,1078.20000000,2.957
1749266368,2.87800000,11.00000000,2.957
1749266368,2.87600000,11.00000000,2.957
1749266368,2.87500000,5.50000000,2.957
1749266368,2.87400000,11.00000000,2.957
1749266368,2.86600000,100.10000000,2.957
1749266368,2.86000000,40.00000000,2.957
1749266368,2.85900000,2.00000000,2.957
1749266368,2.85000000,40.00000000,2.957
1749266368,2.84000000,40.00000000,2.957
1749266368,2.83400000,27.00000000,2.957
1749266368,2.83300000,16.80000000,2.957
1749266368,2.83200000,5.60000000,2.957
1749266368,2.83100000,11.20000000,2.957
1749266368,2.83000000,40.00000000,2.957
1749266368,2.82800000,4.80000000,2.957
1749266368,2.82000000,40.00000000,2.957
1749266368,2.81500000,37.80000000,2.957
1749266368,2.81400000,1241.80000000,2.957
1749266368,2.81300000,4.90000000,2.957
1749266368,2.81000000,40.00000000,2.957
1749266368,2.80500000,4.00000000,2.957
1749266368,2.80200000,3.20000000,2.957
1749266368,2.80000000,163.50000000,2.957
1749266368,2.79600000,9.40000000,2.957
1749266368,2.79500000,2.00000000,2.957
1749266368,2.79000000,40.00000000,2.957
1749266368,2.78600000,179.40000000,2.957
1749266368,2.78300000,2.70000000,2.957
1749266368,2.78000000,40.00000000,2.957
1749266368,2.77000000,40.00000000,2.957
1749266368,2.76800000,76.50000000,2.957
1749266368,2.76700000,4.80000000,2.957
1749266368,2.76300000,16.20000000,2.957
1749266368,2.76000000,40.00000000,2.957
1749266368,2.75900000,2.60000000,2.957
1749266368,2.75000000,94.50000000,2.957
1749266368,2.74000000,40.00000000,2.957
1749266368,2.73000000,40.00000000,2.957
1749266368,2.72500000,11.70000000,2.957
1749266368,2.72000000,42.00000000,2.957
1749266368,2.71200000,10.70000000,2.957
1749266368,2.71000000,45.60000000,2.957
1749266368,2.70700000,9.70000000,2.957
1749266368,2.70300000,7.00000000,2.957
1749266368,2.70000000,164.70000000,2.957
1749266368,2.69300000,16.70000000,2.957
1749266368,2.69000000,40.00000000,2.957
1749266368,2.68000000,40.00000000,2.957
1749266368,2.67700000,2.00000000,2.957
1749266671,2.96000000,596.90000000,2.959
1749266671,2.95900000,617.30000000,2.959
1749266671,2.95800000,1014.50000000,2.959
1749266671,2.95700000,1034.40000000,2.959
1749266671,2.95600000,1016.90000000,2.959
1749266671,2.95500000,1246.30000000,2.959
1749266671,2.95400000,1093.00000000,2.959
1749266671,2.95300000,1023.60000000,2.959
1749266671,2.95200000,728.70000000,2.959
1749266671,2.95100000,356.00000000,2.959
1749266671,2.95000000,409.10000000,2.959
1749266671,2.94900000,384.10000000,2.959
1749266671,2.94800000,183.40000000,2.959
1749266671,2.94700000,595.70000000,2.959
1749266671,2.94600000,517.20000000,2.959
1749266671,2.94500000,1760.20000000,2.959
1749266671,2.94400000,81.00000000,2.959
1749266671,2.94300000,430.80000000,2.959
1749266671,2.94200000,81.00000000,2.959
1749266671,2.94100000,356.00000000,2.959
1749266671,2.94000000,195.30000000,2.959
1749266671,2.93900000,356.00000000,2.959
1749266671,2.93800000,81.00000000,2.959
1749266671,2.93700000,695.30000000,2.959
1749266671,2.93600000,355.50000000,2.959
1749266671,2.93500000,356.00000000,2.959
1749266671,2.93300000,356.00000000,2.959
1749266671,2.93100000,356.00000000,2.959
1749266671,2.92900000,275.00000000,2.959
1749266671,2.92800000,342.00000000,2.959
1749266671,2.92700000,171.90000000,2.959
1749266671,2.92500000,171.90000000,2.959
1749266671,2.92400000,44.00000000,2.959
1749266671,2.92300000,171.90000000,2.959
1749266671,2.92100000,259.00000000,2.959
1749266671,2.91900000,735.80000000,2.959
1749266671,2.91700000,179.90000000,2.959
1749266671,2.91500000,259.20000000,2.959
1749266671,2.91300000,171.90000000,2.959
1749266671,2.91100000,171.90000000,2.959
1749266671,2.90900000,171.90000000,2.959
1749266671,2.90700000,259.40000000,2.959
1749266671,2.90500000,171.90000000,2.959
1749266671,2.90300000,171.90000000,2.959
1749266671,2.90100000,171.90000000,2.959
1749266671,2.90000000,5.50000000,2.959
1749266671,2.89800000,169.70000000,2.959
1749266671,2.89700000,5.50000000,2.959
1749266671,2.89500000,5.50000000,2.959
1749266671,2.89400000,22.00000000,2.959
1749266671,2.89300000,16.50000000,2.959
1749266671,2.89200000,697.10000000,2.959
1749266671,2.89100000,15.80000000,2.959
1749266671,2.88900000,11.00000000,2.959
1749266671,2.88600000,1070.80000000,2.959
1749266671,2.88200000,198.30000000,2.959
1749266671,2.88100000,5.50000000,2.959
1749266671,2.87800000,11.00000000,2.959
1749266671,2.87600000,11.00000000,2.959
1749266671,2.87500000,5.50000000,2.959
1749266671,2.87400000,11.00000000,2.959
1749266671,2.86600000,100.10000000,2.959
1749266671,2.86000000,40.00000000,2.959
1749266671,2.85900000,2.00000000,2.959
1749266671,2.85000000,40.00000000,2.959
1749266671,2.84000000,40.00000000,2.959
1749266671,2.83400000,27.00000000,2.959
1749266671,2.83300000,16.80000000,2.959
1749266671,2.83200000,5.60000000,2.959
1749266671,2.83100000,11.20000000,2.959
1749266671,2.83000000,40.00000000,2.959
1749266671,2.82800000,4.80000000,2.959
1749266671,2.82000000,40.00000000,2.959
1749266671,2.81500000,16.20000000,2.959
1749266671,2.81400000,1241.80000000,2.959
1749266671,2.81300000,4.90000000,2.959
1749266671,2.81000000,40.00000000,2.959
1749266671,2.80500000,4.00000000,2.959
1749266671,2.80200000,3.20000000,2.959
1749266671,2.80000000,163.50000000,2.959
1749266671,2.79600000,9.40000000,2.959
1749266671,2.79500000,2.00000000,2.959
1749266671,2.79000000,40.00000000,2.959
1749266671,2.78600000,179.40000000,2.959
1749266671,2.78300000,2.70000000,2.959
1749266671,2.78000000,40.00000000,2.959
1749266671,2.77000000,40.00000000,2.959
1749266671,2.76800000,76.50000000,2.959
1749266671,2.76700000,4.80000000,2.959
1749266671,2.76300000,16.20000000,2.959
1749266671,2.76000000,40.00000000,2.959
1749266671,2.75900000,2.60000000,2.959
1749266671,2.75000000,94.50000000,2.959
1749266671,2.74000000,40.00000000,2.959
1749266671,2.73000000,40.00000000,2.959
1749266671,2.72500000,11.70000000,2.959
1749266671,2.72000000,42.00000000,2.959
1749266671,2.71200000,10.70000000,2.959
1749266671,2.71000000,45.60000000,2.959
1749266671,2.70700000,9.70000000,2.959
1749266972,2.95600000,570.90000000,2.959
1749266972,2.95500000,1398.80000000,2.959
1749266972,2.95400000,1775.60000000,2.959
1749266972,2.95300000,2029.90000000,2.959
1749266972,2.95200000,734.60000000,2.959
1749266972,2.95100000,716.20000000,2.959
1749266972,2.95000000,1007.00000000,2.959
1749266972,2.94900000,384.10000000,2.959
1749266972,2.94800000,114.70000000,2.959
1749266972,2.94700000,595.70000000,2.959
1749266972,2.94600000,619.90000000,2.959
1749266972,2.94500000,497.80000000,2.959
1749266972,2.94400000,1045.50000000,2.959
1749266972,2.94300000,371.10000000,2.959
1749266972,2.94200000,81.00000000,2.959
1749266972,2.94100000,356.00000000,2.959
1749266972,2.94000000,447.70000000,2.959
1749266972,2.93900000,356.00000000,2.959
1749266972,2.93800000,81.00000000,2.959
1749266972,2.93700000,809.50000000,2.959
1749266972,2.93600000,355.50000000,2.959
1749266972,2.93500000,356.00000000,2.959
1749266972,2.93300000,356.00000000,2.959
1749266972,2.93100000,356.00000000,2.959
1749266972,2.92900000,356.00000000,2.959
1749266972,2.92700000,513.90000000,2.959
1749266972,2.92500000,171.90000000,2.959
1749266972,2.92400000,44.00000000,2.959
1749266972,2.92300000,171.90000000,2.959
1749266972,2.92100000,259.00000000,2.959
1749266972,2.91900000,735.80000000,2.959
1749266972,2.91700000,179.90000000,2.959
1749266972,2.91500000,259.20000000,2.959
1749266972,2.91300000,171.90000000,2.959
1749266972,2.91100000,171.90000000,2.959
1749266972,2.90900000,171.90000000,2.959
1749266972,2.90700000,259.40000000,2.959
1749266972,2.90500000,171.90000000,2.959
1749266972,2.90300000,171.90000000,2.959
1749266972,2.90100000,171.90000000,2.959
1749266972,2.90000000,5.50000000,2.959
1749266972,2.89800000,171.00000000,2.959
1749266972,2.89700000,5.50000000,2.959
1749266972,2.89500000,5.50000000,2.959
1749266972,2.89400000,22.00000000,2.959
1749266972,2.89300000,16.50000000,2.959
1749266972,2.89200000,697.10000000,2.959
1749266972,2.89100000,15.80000000,2.959
1749266972,2.88900000,11.00000000,2.959
1749266972,2.88700000,128.70000000,2.959
1749266972,2.88600000,1070.80000000,2.959
1749266972,2.88200000,27.60000000,2.959
1749266972,2.88100000,5.50000000,2.959
1749266972,2.87800000,11.00000000,2.959
1749266972,2.87600000,11.00000000,2.959
1749266972,2.87500000,5.50000000,2.959
1749266972,2.87400000,11.00000000,2.959
1749266972,2.86600000,100.10000000,2.959
1749266972,2.86000000,40.00000000,2.959
1749266972,2.85900000,2.00000000,2.959
1749266972,2.85000000,40.00000000,2.959
1749266972,2.84000000,40.00000000,2.959
1749266972,2.83400000,27.00000000,2.959
1749266972,2.83300000,16.80000000,2.959
1749266972,2.83200000,5.60000000,2.959
1749266972,2.83100000,11.20000000,2.959
1749266972,2.83000000,40.00000000,2.959
1749266972,2.82800000,4.80000000,2.959
1749266972,2.82000000,40.00000000,2.959
1749266972,2.81500000,57.80000000,2.959
1749266972,2.81400000,1241.80000000,2.959
1749266972,2.81300000,4.90000000,2.959
1749266972,2.81000000,40.00000000,2.959
1749266972,2.80500000,4.00000000,2.959
1749266972,2.80200000,3.20000000,2.959
1749266972,2.80000000,163.50000000,2.959
1749266972,2.79600000,5.80000000,2.959
1749266972,2.79500000,2.00000000,2.959
1749266972,2.79400000,3.60000000,2.959
1749266972,2.79000000,40.00000000,2.959
1749266972,2.78600000,179.40000000,2.959
1749266972,2.78300000,2.70000000,2.959
1749266972,2.78000000,40.00000000,2.959
1749266972,2.77000000,40.00000000,2.959
1749266972,2.76800000,76.50000000,2.959
1749266972,2.76700000,4.80000000,2.959
1749266972,2.76300000,16.20000000,2.959
1749266972,2.76000000,40.00000000,2.959
1749266972,2.75900000,2.60000000,2.959
1749266972,2.75000000,94.50000000,2.959
1749266972,2.74000000,40.00000000,2.959
1749266972,2.73000000,40.00000000,2.959
1749266972,2.72500000,11.70000000,2.959
1749266972,2.72000000,42.00000000,2.959
1749266972,2.71200000,10.70000000,2.959
1749266972,2.71000000,45.60000000,2.959
1749266972,2.70700000,9.70000000,2.959
1749266972,2.70300000,7.00000000,2.959
1749266972,2.70000000,164.70000000,2.959
1749266972,2.69300000,16.70000000,2.959
1749267274,2.95600000,608.90000000,2.957
1749267274,2.95500000,602.10000000,2.957
1749267274,2.95400000,998.90000000,2.957
1749267274,2.95300000,2588.40000000,2.957
1749267274,2.95200000,2079.70000000,2.957
1749267274,2.95100000,624.30000000,2.957
1749267274,2.95000000,739.90000000,2.957
1749267274,2.94900000,560.40000000,2.957
1749267274,2.94800000,81.00000000,2.957
1749267274,2.94700000,595.70000000,2.957
1749267274,2.94600000,730.90000000,2.957
1749267274,2.94500000,424.00000000,2.957
1749267274,2.94400000,81.00000000,2.957
1749267274,2.94300000,371.10000000,2.957
1749267274,2.94200000,1046.10000000,2.957
1749267274,2.94100000,430.90000000,2.957
1749267274,2.94000000,521.60000000,2.957
1749267274,2.93900000,356.00000000,2.957
1749267274,2.93800000,81.00000000,2.957
1749267274,2.93700000,695.30000000,2.957
1749267274,2.93600000,195.10000000,2.957
1749267274,2.93500000,356.00000000,2.957
1749267274,2.93300000,356.00000000,2.957
1749267274,2.93100000,626.80000000,2.957
1749267274,2.92900000,356.00000000,2.957
1749267274,2.92700000,252.90000000,2.957
1749267274,2.92500000,513.90000000,2.957
1749267274,2.92300000,171.90000000,2.957
1749267274,2.92100000,259.00000000,2.957
1749267274,2.91900000,735.80000000,2.957
1749267274,2.91700000,179.90000000,2.957
1749267274,2.91500000,259.20000000,2.957
1749267274,2.91300000,171.90000000,2.957
1749267274,2.91100000,171.90000000,2.957
1749267274,2.90900000,171.90000000,2.957
1749267274,2.90700000,259.40000000,2.957
1749267274,2.90500000,171.90000000,2.957
1749267274,2.90300000,171.90000000,2.957
1749267274,2.90100000,171.90000000,2.957
1749267274,2.90000000,5.50000000,2.957
1749267274,2.89900000,176.80000000,2.957
1749267274,2.89700000,5.50000000,2.957
1749267274,2.89500000,5.50000000,2.957
1749267274,2.89400000,22.00000000,2.957
1749267274,2.89300000,16.50000000,2.957
1749267274,2.89200000,697.10000000,2.957
1749267274,2.89100000,15.80000000,2.957
1749267274,2.88900000,11.00000000,2.957
1749267274,2.88700000,66.00000000,2.957
1749267274,2.88600000,1070.80000000,2.957
1749267274,2.88200000,27.60000000,2.957
1749267274,2.88100000,5.50000000,2.957
1749267274,2.87800000,11.00000000,2.957
1749267274,2.87600000,11.00000000,2.957
1749267274,2.87500000,5.50000000,2.957
1749267274,2.87400000,11.00000000,2.957
1749267274,2.86600000,100.10000000,2.957
1749267274,2.86000000,40.00000000,2.957
1749267274,2.85900000,2.00000000,2.957
1749267274,2.85000000,40.00000000,2.957
1749267274,2.84000000,40.00000000,2.957
1749267274,2.83400000,27.00000000,2.957
1749267274,2.83300000,16.80000000,2.957
1749267274,2.83200000,5.60000000,2.957
1749267274,2.83100000,11.20000000,2.957
1749267274,2.83000000,40.00000000,2.957
1749267274,2.82800000,4.80000000,2.957
1749267274,2.82000000,40.00000000,2.957
1749267274,2.81500000,116.40000000,2.957
1749267274,2.81400000,1241.80000000,2.957
1749267274,2.81300000,4.90000000,2.957
1749267274,2.81000000,40.00000000,2.957
1749267274,2.80500000,4.00000000,2.957
1749267274,2.80200000,3.20000000,2.957
1749267274,2.80000000,163.50000000,2.957
1749267274,2.79600000,5.80000000,2.957
1749267274,2.79500000,2.00000000,2.957
1749267274,2.79400000,3.60000000,2.957
1749267274,2.79000000,40.00000000,2.957
1749267274,2.78600000,179.40000000,2.957
1749267274,2.78300000,2.70000000,2.957
1749267274,2.78000000,40.00000000,2.957
1749267274,2.77000000,40.00000000,2.957
1749267274,2.76800000,76.50000000,2.957
1749267274,2.76700000,4.80000000,2.957
1749267274,2.76300000,16.20000000,2.957
1749267274,2.76000000,40.00000000,2.957
1749267274,2.75900000,2.60000000,2.957
1749267274,2.75000000,94.50000000,2.957
1749267274,2.74000000,40.00000000,2.957
1749267274,2.73000000,40.00000000,2.957
1749267274,2.72500000,11.70000000,2.957
1749267274,2.72000000,42.00000000,2.957
1749267274,2.71200000,10.70000000,2.957
1749267274,2.71000000,45.60000000,2.957
1749267274,2.70700000,9.70000000,2.957
1749267274,2.70300000,7.00000000,2.957
1749267274,2.70000000,164.70000000,2.957
1749267274,2.69300000,16.70000000,2.957
1749267274,2.69000000,40.00000000,2.957
1749267575,2.96200000,678.20000000,2.96
1749267575,2.96100000,375.00000000,2.96
1749267575,2.96000000,608.90000000,2.96
1749267575,2.95900000,1292.10000000,2.96
1749267575,2.95800000,1648.70000000,2.96
1749267575,2.95700000,894.90000000,2.96
1749267575,2.95600000,856.20000000,2.96
1749267575,2.95500000,559.80000000,2.96
1749267575,2.95400000,81.00000000,2.96
1749267575,2.95300000,1580.10000000,2.96
1749267575,2.95200000,180.70000000,2.96
1749267575,2.95100000,542.30000000,2.96
1749267575,2.95000000,232.90000000,2.96
1749267575,2.94900000,383.90000000,2.96
1749267575,2.94800000,1044.70000000,2.96
1749267575,2.94700000,663.80000000,2.96
1749267575,2.94600000,155.80000000,2.96
1749267575,2.94500000,429.80000000,2.96
1749267575,2.94400000,447.20000000,2.96
1749267575,2.94300000,356.00000000,2.96
1749267575,2.94200000,195.40000000,2.96
1749267575,2.94100000,356.00000000,2.96
1749267575,2.94000000,81.00000000,2.96
1749267575,2.93900000,356.00000000,2.96
1749267575,2.93800000,81.00000000,2.96
1749267575,2.93700000,695.30000000,2.96
1749267575,2.93600000,357.40000000,2.96
1749267575,2.93500000,356.00000000,2.96
1749267575,2.93300000,356.00000000,2.96
1749267575,2.93100000,356.00000000,2.96
1749267575,2.93000000,342.00000000,2.96
1749267575,2.92900000,275.00000000,2.96
1749267575,2.92700000,171.90000000,2.96
1749267575,2.92500000,171.90000000,2.96
1749267575,2.92300000,171.90000000,2.96
1749267575,2.92100000,259.00000000,2.96
1749267575,2.91900000,735.80000000,2.96
1749267575,2.91700000,179.90000000,2.96
1749267575,2.91500000,259.20000000,2.96
1749267575,2.91300000,171.90000000,2.96
1749267575,2.91100000,171.90000000,2.96
1749267575,2.90900000,171.90000000,2.96
1749267575,2.90700000,259.40000000,2.96
1749267575,2.90500000,171.90000000,2.96
1749267575,2.90300000,171.90000000,2.96
1749267575,2.90000000,5.50000000,2.96
1749267575,2.89900000,177.50000000,2.96
1749267575,2.89700000,5.50000000,2.96
1749267575,2.89500000,5.50000000,2.96
1749267575,2.89400000,22.00000000,2.96
1749267575,2.89300000,16.50000000,2.96
1749267575,2.89200000,697.10000000,2.96
1749267575,2.89100000,15.80000000,2.96
1749267575,2.88900000,11.00000000,2.96
1749267575,2.88700000,66.00000000,2.96
1749267575,2.88600000,1070.80000000,2.96
1749267575,2.88200000,27.60000000,2.96
1749267575,2.88100000,5.50000000,2.96
1749267575,2.87800000,11.00000000,2.96
1749267575,2.87600000,11.00000000,2.96
1749267575,2.87500000,5.50000000,2.96
1749267575,2.87400000,11.00000000,2.96
1749267575,2.86600000,100.10000000,2.96
1749267575,2.86000000,40.00000000,2.96
1749267575,2.85900000,2.00000000,2.96
1749267575,2.85000000,40.00000000,2.96
1749267575,2.84000000,40.00000000,2.96
1749267575,2.83400000,27.00000000,2.96
1749267575,2.83300000,16.80000000,2.96
1749267575,2.83200000,5.60000000,2.96
1749267575,2.83100000,11.20000000,2.96
1749267575,2.83000000,40.00000000,2.96
1749267575,2.82800000,4.80000000,2.96
1749267575,2.82000000,40.00000000,2.96
1749267575,2.81500000,116.40000000,2.96
1749267575,2.81400000,1241.80000000,2.96
1749267575,2.81300000,4.90000000,2.96
1749267575,2.81000000,40.00000000,2.96
1749267575,2.80500000,4.00000000,2.96
1749267575,2.80200000,3.20000000,2.96
1749267575,2.80000000,163.50000000,2.96
1749267575,2.79600000,5.80000000,2.96
1749267575,2.79500000,2.00000000,2.96
1749267575,2.79400000,3.60000000,2.96
1749267575,2.79000000,40.00000000,2.96
1749267575,2.78600000,179.40000000,2.96
1749267575,2.78300000,2.70000000,2.96
1749267575,2.78000000,40.00000000,2.96
1749267575,2.77000000,40.00000000,2.96
1749267575,2.76800000,76.50000000,2.96
1749267575,2.76700000,4.80000000,2.96
1749267575,2.76300000,16.20000000,2.96
1749267575,2.76000000,40.00000000,2.96
1749267575,2.75900000,2.60000000,2.96
1749267575,2.75000000,94.50000000,2.96
1749267575,2.74000000,40.00000000,2.96
1749267575,2.73000000,40.00000000,2.96
1749267575,2.72500000,11.70000000,2.96
1749267575,2.72000000,42.00000000,2.96
1749267575,2.71200000,10.70000000,2.96
1749267877,2.96100000,737.50000000,2.962
1749267877,2.96000000,391.50000000,2.962
1749267877,2.95900000,1504.50000000,2.962
1749267877,2.95800000,2686.80000000,2.962
1749267877,2.95700000,1069.20000000,2.962
1749267877,2.95600000,1479.70000000,2.962
1749267877,2.95500000,451.60000000,2.962
1749267877,2.95400000,139.80000000,2.962
1749267877,2.95300000,356.00000000,2.962
1749267877,2.95200000,260.90000000,2.962
1749267877,2.95100000,617.00000000,2.962
1749267877,2.95000000,245.70000000,2.962
1749267877,2.94900000,1334.20000000,2.962
1749267877,2.94800000,81.00000000,2.962
1749267877,2.94700000,424.10000000,2.962
1749267877,2.94600000,155.80000000,2.962
1749267877,2.94500000,429.80000000,2.962
1749267877,2.94400000,447.20000000,2.962
1749267877,2.94300000,356.00000000,2.962
1749267877,2.94200000,195.50000000,2.962
1749267877,2.94100000,356.00000000,2.962
1749267877,2.94000000,81.00000000,2.962
1749267877,2.93900000,356.00000000,2.962
1749267877,2.93800000,81.00000000,2.962
1749267877,2.93700000,695.30000000,2.962
1749267877,2.93600000,357.40000000,2.962
1749267877,2.93500000,356.00000000,2.962
1749267877,2.93300000,275.00000000,2.962
1749267877,2.93200000,7.80000000,2.962
1749267877,2.93100000,275.00000000,2.962
1749267877,2.93000000,410.00000000,2.962
1749267877,2.92900000,258.80000000,2.962
1749267877,2.92700000,171.90000000,2.962
1749267877,2.92500000,734.60000000,2.962
1749267877,2.92300000,171.90000000,2.962
1749267877,2.92200000,87.10000000,2.962
1749267877,2.92100000,171.90000000,2.962
1749267877,2.91900000,171.90000000,2.962
1749267877,2.91700000,171.90000000,2.962
1749267877,2.91500000,171.90000000,2.962
1749267877,2.91300000,259.20000000,2.962
1749267877,2.91100000,171.90000000,2.962
1749267877,2.90900000,171.90000000,2.962
1749267877,2.90700000,171.90000000,2.962
1749267877,2.90500000,171.90000000,2.962
1749267877,2.90000000,175.50000000,2.962
1749267877,2.89700000,5.50000000,2.962
1749267877,2.89500000,5.50000000,2.962
1749267877,2.89400000,22.00000000,2.962
1749267877,2.89300000,16.50000000,2.962
1749267877,2.89200000,697.10000000,2.962
1749267877,2.89100000,15.80000000,2.962
1749267877,2.88900000,11.00000000,2.962
1749267877,2.88700000,110.60000000,2.962
1749267877,2.88600000,1070.80000000,2.962
1749267877,2.88100000,5.50000000,2.962
1749267877,2.87800000,11.00000000,2.962
1749267877,2.87600000,11.00000000,2.962
1749267877,2.87500000,5.50000000,2.962
1749267877,2.87400000,11.00000000,2.962
1749267877,2.86600000,100.10000000,2.962
1749267877,2.86000000,40.00000000,2.962
1749267877,2.85900000,2.00000000,2.962
1749267877,2.85000000,40.00000000,2.962
1749267877,2.84000000,40.00000000,2.962
1749267877,2.83400000,27.00000000,2.962
1749267877,2.83300000,16.80000000,2.962
1749267877,2.83200000,5.60000000,2.962
1749267877,2.83100000,11.20000000,2.962
1749267877,2.83000000,40.00000000,2.962
1749267877,2.82800000,4.80000000,2.962
1749267877,2.82000000,40.00000000,2.962
1749267877,2.81500000,95.10000000,2.962
1749267877,2.81400000,1241.80000000,2.962
1749267877,2.81300000,4.90000000,2.962
1749267877,2.81000000,40.00000000,2.962
1749267877,2.80500000,4.00000000,2.962
1749267877,2.80200000,3.20000000,2.962
1749267877,2.80000000,163.50000000,2.962
1749267877,2.79600000,5.80000000,2.962
1749267877,2.79500000,2.00000000,2.962
1749267877,2.79400000,3.60000000,2.962
1749267877,2.79000000,40.00000000,2.962
1749267877,2.78600000,179.40000000,2.962
1749267877,2.78300000,2.70000000,2.962
1749267877,2.78000000,40.00000000,2.962
1749267877,2.77000000,40.00000000,2.962
1749267877,2.76800000,76.50000000,2.962
1749267877,2.76700000,4.80000000,2.962
1749267877,2.76300000,16.20000000,2.962
1749267877,2.76000000,40.00000000,2.962
1749267877,2.75900000,2.60000000,2.962
1749267877,2.75000000,94.50000000,2.962
1749267877,2.74000000,40.00000000,2.962
1749267877,2.73000000,40.00000000,2.962
1749267877,2.72500000,11.70000000,2.962
1749267877,2.72000000,42.00000000,2.962
1749267877,2.71200000,10.70000000,2.962
1749267877,2.71000000,45.60000000,2.962
1749267877,2.70700000,9.70000000,2.962
1749268179,2.96400000,608.70000000,2.966
1749268179,2.96300000,403.90000000,2.966
1749268179,2.96200000,472.20000000,2.966
1749268179,2.96100000,1126.40000000,2.966
1749268179,2.96000000,1084.10000000,2.966
1749268179,2.95900000,2344.60000000,2.966
1749268179,2.95800000,1176.80000000,2.966
1749268179,2.95700000,423.50000000,2.966
1749268179,2.95600000,1101.20000000,2.966
1749268179,2.95500000,423.50000000,2.966
1749268179,2.95400000,95.60000000,2.966
1749268179,2.95300000,356.00000000,2.966
1749268179,2.95200000,232.80000000,2.966
1749268179,2.95100000,498.80000000,2.966
1749268179,2.95000000,246.00000000,2.966
1749268179,2.94900000,1319.60000000,2.966
1749268179,2.94800000,81.00000000,2.966
1749268179,2.94700000,424.10000000,2.966
1749268179,2.94600000,155.80000000,2.966
1749268179,2.94500000,544.10000000,2.966
1749268179,2.94400000,447.20000000,2.966
1749268179,2.94300000,356.00000000,2.966
1749268179,2.94200000,81.00000000,2.966
1749268179,2.94100000,356.00000000,2.966
