timestamp,price,volume,current_price
1749258479,2.94100000,240.00000000,2.944
1749258479,2.94000000,536.90000000,2.944
1749258479,2.93900000,802.60000000,2.944
1749258479,2.93800000,1396.70000000,2.944
1749258479,2.93700000,2334.30000000,2.944
1749258479,2.93600000,843.30000000,2.944
1749258479,2.93500000,1108.40000000,2.944
1749258479,2.93400000,157.80000000,2.944
1749258479,2.93300000,695.50000000,2.944
1749258479,2.93200000,232.00000000,2.944
1749258479,2.93100000,438.70000000,2.944
1749258479,2.93000000,1298.80000000,2.944
1749258479,2.92900000,356.00000000,2.944
1749258479,2.92800000,70.40000000,2.944
1749258479,2.92700000,304.40000000,2.944
1749258479,2.92600000,89.40000000,2.944
1749258479,2.92500000,724.60000000,2.944
1749258479,2.92400000,89.40000000,2.944
1749258479,2.92300000,469.90000000,2.944
1749258479,2.92200000,85.70000000,2.944
1749258479,2.92100000,356.00000000,2.944
1749258479,2.92000000,81.00000000,2.944
1749258479,2.91900000,356.00000000,2.944
1749258479,2.91800000,81.00000000,2.944
1749258479,2.91700000,364.00000000,2.944
1749258479,2.91500000,527.30000000,2.944
1749258479,2.91300000,171.90000000,2.944
1749258479,2.91100000,520.90000000,2.944
1749258479,2.91000000,87.40000000,2.944
1749258479,2.90900000,171.90000000,2.944
1749258479,2.90700000,825.50000000,2.944
1749258479,2.90500000,171.90000000,2.944
1749258479,2.90300000,259.50000000,2.944
1749258479,2.90100000,171.90000000,2.944
1749258479,2.90000000,5.50000000,2.944
1749258479,2.89900000,171.90000000,2.944
1749258479,2.89700000,177.40000000,2.944
1749258479,2.89500000,177.40000000,2.944
1749258479,2.89400000,22.00000000,2.944
1749258479,2.89300000,188.40000000,2.944
1749258479,2.89200000,5.50000000,2.944
1749258479,2.89100000,187.70000000,2.944
1749258479,2.88900000,182.90000000,2.944
1749258479,2.88700000,171.90000000,2.944
1749258479,2.88200000,174.30000000,2.944
1749258479,2.88100000,5.50000000,2.944
1749258479,2.87900000,686.00000000,2.944
1749258479,2.87800000,11.00000000,2.944
1749258479,2.87600000,11.00000000,2.944
1749258479,2.87500000,5.50000000,2.944
1749258479,2.87400000,11.00000000,2.944
1749258479,2.87200000,45.50000000,2.944
1749258479,2.87100000,1076.40000000,2.944
1749258479,2.86600000,100.10000000,2.944
1749258479,2.86000000,40.00000000,2.944
1749258479,2.85900000,21.20000000,2.944
1749258479,2.85000000,40.00000000,2.944
1749258479,2.84000000,40.00000000,2.944
1749258479,2.83400000,27.00000000,2.944
1749258479,2.83300000,16.80000000,2.944
1749258479,2.83200000,5.60000000,2.944
1749258479,2.83100000,11.20000000,2.944
1749258479,2.83000000,40.00000000,2.944
1749258479,2.82800000,4.80000000,2.944
1749258479,2.82000000,40.00000000,2.944
1749258479,2.81500000,19.50000000,2.944
1749258479,2.81400000,48.60000000,2.944
1749258479,2.81300000,1262.60000000,2.944
1749258479,2.81100000,77.80000000,2.944
1749258479,2.81000000,40.00000000,2.944
1749258479,2.80500000,4.00000000,2.944
1749258479,2.80200000,3.20000000,2.944
1749258479,2.80000000,152.10000000,2.944
1749258479,2.79800000,1.90000000,2.944
1749258479,2.79600000,5.80000000,2.944
1749258479,2.79500000,2.00000000,2.944
1749258479,2.79000000,45.70000000,2.944
1749258479,2.78800000,3.60000000,2.944
1749258479,2.78600000,179.40000000,2.944
1749258479,2.78300000,2.70000000,2.944
1749258479,2.78000000,40.00000000,2.944
1749258479,2.77000000,40.00000000,2.944
1749258479,2.76800000,76.50000000,2.944
1749258479,2.76700000,4.80000000,2.944
1749258479,2.76500000,19.80000000,2.944
1749258479,2.76300000,16.20000000,2.944
1749258479,2.76000000,40.00000000,2.944
1749258479,2.75900000,2.60000000,2.944
1749258479,2.75000000,94.50000000,2.944
1749258479,2.74000000,40.00000000,2.944
1749258479,2.73000000,40.00000000,2.944
1749258479,2.72500000,11.70000000,2.944
1749258479,2.72000000,42.00000000,2.944
1749258479,2.71200000,10.70000000,2.944
1749258479,2.71000000,45.60000000,2.944
1749258479,2.70800000,20.30000000,2.944
1749258479,2.70700000,9.70000000,2.944
1749258479,2.70300000,7.00000000,2.944
1749258479,2.70000000,164.70000000,2.944
1749258479,2.69300000,16.70000000,2.944
1749258841,2.94100000,81.00000000,2.942
1749258841,2.94000000,498.60000000,2.942
1749258841,2.93900000,791.80000000,2.942
1749258841,2.93800000,1140.10000000,2.942
1749258841,2.93700000,1790.30000000,2.942
1749258841,2.93600000,601.20000000,2.942
1749258841,2.93500000,1140.50000000,2.942
1749258841,2.93400000,551.00000000,2.942
1749258841,2.93300000,252.90000000,2.942
1749258841,2.93200000,1231.90000000,2.942
1749258841,2.93100000,557.80000000,2.942
1749258841,2.93000000,331.00000000,2.942
1749258841,2.92900000,424.50000000,2.942
1749258841,2.92800000,62.00000000,2.942
1749258841,2.92700000,380.00000000,2.942
1749258841,2.92600000,81.00000000,2.942
1749258841,2.92500000,1333.40000000,2.942
1749258841,2.92400000,81.00000000,2.942
1749258841,2.92300000,724.90000000,2.942
1749258841,2.92200000,194.90000000,2.942
1749258841,2.92100000,356.00000000,2.942
1749258841,2.92000000,89.50000000,2.942
1749258841,2.91900000,356.00000000,2.942
1749258841,2.91800000,81.00000000,2.942
1749258841,2.91700000,364.00000000,2.942
1749258841,2.91500000,535.80000000,2.942
1749258841,2.91300000,252.90000000,2.942
1749258841,2.91100000,252.90000000,2.942
1749258841,2.91000000,8.50000000,2.942
1749258841,2.90900000,171.90000000,2.942
1749258841,2.90700000,303.60000000,2.942
1749258841,2.90500000,529.40000000,2.942
1749258841,2.90400000,87.60000000,2.942
1749258841,2.90300000,171.90000000,2.942
1749258841,2.90100000,738.60000000,2.942
1749258841,2.90000000,14.00000000,2.942
1749258841,2.89900000,171.90000000,2.942
1749258841,2.89700000,177.40000000,2.942
1749258841,2.89500000,185.90000000,2.942
1749258841,2.89400000,22.00000000,2.942
1749258841,2.89300000,188.40000000,2.942
1749258841,2.89200000,5.50000000,2.942
1749258841,2.89100000,187.70000000,2.942
1749258841,2.89000000,4.10000000,2.942
1749258841,2.88900000,182.90000000,2.942
1749258841,2.88700000,171.90000000,2.942
1749258841,2.88100000,5.50000000,2.942
1749258841,2.87900000,856.20000000,2.942
1749258841,2.87800000,11.00000000,2.942
1749258841,2.87600000,11.00000000,2.942
1749258841,2.87500000,5.50000000,2.942
1749258841,2.87400000,11.00000000,2.942
1749258841,2.86600000,123.70000000,2.942
1749258841,2.86500000,1076.80000000,2.942
1749258841,2.86000000,40.00000000,2.942
1749258841,2.85900000,21.20000000,2.942
1749258841,2.85000000,40.00000000,2.942
1749258841,2.84000000,40.00000000,2.942
1749258841,2.83400000,27.00000000,2.942
1749258841,2.83300000,16.80000000,2.942
1749258841,2.83200000,5.60000000,2.942
1749258841,2.83100000,11.20000000,2.942
1749258841,2.83000000,40.00000000,2.942
1749258841,2.82800000,4.80000000,2.942
1749258841,2.82000000,40.00000000,2.942
1749258841,2.81500000,19.50000000,2.942
1749258841,2.81400000,109.60000000,2.942
1749258841,2.81300000,1262.60000000,2.942
1749258841,2.81000000,40.00000000,2.942
1749258841,2.80500000,4.00000000,2.942
1749258841,2.80200000,3.20000000,2.942
1749258841,2.80000000,152.10000000,2.942
1749258841,2.79800000,1.90000000,2.942
1749258841,2.79600000,5.80000000,2.942
1749258841,2.79500000,2.00000000,2.942
1749258841,2.79100000,3.80000000,2.942
1749258841,2.79000000,45.70000000,2.942
1749258841,2.78800000,3.60000000,2.942
1749258841,2.78600000,179.40000000,2.942
1749258841,2.78300000,2.70000000,2.942
1749258841,2.78000000,40.00000000,2.942
1749258841,2.77000000,40.00000000,2.942
1749258841,2.76800000,76.50000000,2.942
1749258841,2.76700000,4.80000000,2.942
1749258841,2.76500000,19.80000000,2.942
1749258841,2.76300000,16.20000000,2.942
1749258841,2.76000000,40.00000000,2.942
1749258841,2.75900000,2.60000000,2.942
1749258841,2.75000000,94.50000000,2.942
1749258841,2.74000000,40.00000000,2.942
1749258841,2.73000000,40.00000000,2.942
1749258841,2.72500000,11.70000000,2.942
1749258841,2.72000000,42.00000000,2.942
1749258841,2.71200000,10.70000000,2.942
1749258841,2.71000000,45.60000000,2.942
1749258841,2.70800000,20.30000000,2.942
1749258841,2.70700000,9.70000000,2.942
1749258841,2.70300000,7.00000000,2.942
1749258841,2.70000000,164.70000000,2.942
1749258841,2.69300000,16.70000000,2.942
1749259147,2.93900000,1706.50000000,2.94
1749259147,2.93800000,1453.30000000,2.94
1749259147,2.93700000,1427.70000000,2.94
1749259147,2.93600000,1269.90000000,2.94
1749259147,2.93500000,1232.00000000,2.94
1749259147,2.93400000,484.70000000,2.94
1749259147,2.93300000,663.60000000,2.94
1749259147,2.93200000,883.80000000,2.94
1749259147,2.93100000,667.90000000,2.94
1749259147,2.93000000,164.60000000,2.94
1749259147,2.92900000,424.90000000,2.94
1749259147,2.92800000,96.00000000,2.94
1749259147,2.92700000,471.00000000,2.94
1749259147,2.92600000,1214.10000000,2.94
1749259147,2.92500000,364.50000000,2.94
1749259147,2.92400000,421.50000000,2.94
1749259147,2.92300000,356.00000000,2.94
1749259147,2.92200000,81.00000000,2.94
1749259147,2.92100000,725.10000000,2.94
1749259147,2.92000000,89.50000000,2.94
1749259147,2.91900000,469.70000000,2.94
1749259147,2.91800000,81.00000000,2.94
1749259147,2.91700000,364.00000000,2.94
1749259147,2.91500000,535.80000000,2.94
1749259147,2.91300000,252.90000000,2.94
1749259147,2.91100000,252.90000000,2.94
1749259147,2.91000000,8.50000000,2.94
1749259147,2.90900000,252.90000000,2.94
1749259147,2.90700000,259.40000000,2.94
1749259147,2.90500000,529.40000000,2.94
1749259147,2.90400000,87.60000000,2.94
1749259147,2.90300000,171.90000000,2.94
1749259147,2.90100000,738.60000000,2.94
1749259147,2.90000000,14.00000000,2.94
1749259147,2.89900000,171.90000000,2.94
1749259147,2.89700000,177.40000000,2.94
1749259147,2.89600000,87.90000000,2.94
1749259147,2.89500000,185.90000000,2.94
1749259147,2.89400000,22.00000000,2.94
1749259147,2.89300000,188.40000000,2.94
1749259147,2.89200000,5.50000000,2.94
1749259147,2.89100000,187.70000000,2.94
1749259147,2.89000000,4.10000000,2.94
1749259147,2.88900000,182.90000000,2.94
1749259147,2.88700000,171.90000000,2.94
1749259147,2.88200000,174.30000000,2.94
1749259147,2.88100000,5.50000000,2.94
1749259147,2.87900000,686.00000000,2.94
1749259147,2.87800000,11.00000000,2.94
1749259147,2.87600000,11.00000000,2.94
1749259147,2.87500000,5.50000000,2.94
1749259147,2.87400000,11.00000000,2.94
1749259147,2.86600000,123.70000000,2.94
1749259147,2.86500000,1076.80000000,2.94
1749259147,2.86000000,40.00000000,2.94
1749259147,2.85900000,21.20000000,2.94
1749259147,2.85000000,40.00000000,2.94
1749259147,2.84000000,40.00000000,2.94
1749259147,2.83400000,27.00000000,2.94
1749259147,2.83300000,16.80000000,2.94
1749259147,2.83200000,5.60000000,2.94
1749259147,2.83100000,11.20000000,2.94
1749259147,2.83000000,40.00000000,2.94
1749259147,2.82800000,4.80000000,2.94
1749259147,2.82000000,40.00000000,2.94
1749259147,2.81500000,19.50000000,2.94
1749259147,2.81400000,153.50000000,2.94
1749259147,2.81300000,1262.60000000,2.94
1749259147,2.81000000,40.00000000,2.94
1749259147,2.80500000,4.00000000,2.94
1749259147,2.80200000,3.20000000,2.94
1749259147,2.80000000,152.10000000,2.94
1749259147,2.79800000,1.90000000,2.94
1749259147,2.79600000,5.80000000,2.94
1749259147,2.79500000,2.00000000,2.94
1749259147,2.79100000,3.80000000,2.94
1749259147,2.79000000,45.70000000,2.94
1749259147,2.78800000,3.60000000,2.94
1749259147,2.78600000,179.40000000,2.94
1749259147,2.78300000,2.70000000,2.94
1749259147,2.78000000,40.00000000,2.94
1749259147,2.77000000,40.00000000,2.94
1749259147,2.76800000,76.50000000,2.94
1749259147,2.76700000,4.80000000,2.94
1749259147,2.76500000,19.80000000,2.94
1749259147,2.76300000,16.20000000,2.94
1749259147,2.76000000,40.00000000,2.94
1749259147,2.75900000,2.60000000,2.94
1749259147,2.75000000,94.50000000,2.94
1749259147,2.74000000,40.00000000,2.94
1749259147,2.73000000,40.00000000,2.94
1749259147,2.72500000,11.70000000,2.94
1749259147,2.72000000,42.00000000,2.94
1749259147,2.71200000,10.70000000,2.94
1749259147,2.71000000,45.60000000,2.94
1749259147,2.70800000,20.30000000,2.94
1749259147,2.70700000,9.70000000,2.94
1749259147,2.70300000,7.00000000,2.94
1749259147,2.70000000,164.70000000,2.94
1749259147,2.69300000,16.70000000,2.94
