timestamp,price,volume,current_price
1749260838,0.22980000,3376.50000000,0.2296
1749260838,0.22970000,6232.20000000,0.2296
1749260838,0.22960000,11118.50000000,0.2296
1749260838,0.22950000,21910.40000000,0.2296
1749260838,0.22940000,23679.40000000,0.2296
1749260838,0.22930000,8493.20000000,0.2296
1749260838,0.22920000,36108.20000000,0.2296
1749260838,0.22910000,14845.40000000,0.2296
1749260838,0.22900000,2159.40000000,0.2296
1749260838,0.22890000,6422.60000000,0.2296
1749260838,0.22880000,3670.30000000,0.2296
1749260838,0.22870000,6925.60000000,0.2296
1749260838,0.22860000,19798.10000000,0.2296
1749260838,0.22850000,13570.70000000,0.2296
1749260838,0.22840000,6095.90000000,0.2296
1749260838,0.22830000,6357.00000000,0.2296
1749260838,0.22820000,990.00000000,0.2296
1749260838,0.22810000,4285.40000000,0.2296
1749260838,0.22790000,4285.40000000,0.2296
1749260838,0.22780000,116.10000000,0.2296
1749260838,0.22770000,4285.40000000,0.2296
1749260838,0.22750000,10597.40000000,0.2296
1749260838,0.22730000,4285.40000000,0.2296
1749260838,0.22710000,3340.40000000,0.2296
1749260838,0.22700000,4349.50000000,0.2296
1749260838,0.22630000,3475.80000000,0.2296
1749260838,0.22620000,221.00000000,0.2296
1749260838,0.22610000,9235.90000000,0.2296
1749260838,0.22590000,932.90000000,0.2296
1749260838,0.22480000,4460.00000000,0.2296
1749260838,0.22410000,79.70000000,0.2296
1749260838,0.22370000,48.70000000,0.2296
1749260838,0.22360000,187.60000000,0.2296
1749260838,0.22330000,110558.10000000,0.2296
1749260838,0.22320000,15340.40000000,0.2296
1749260838,0.22190000,201.20000000,0.2296
1749260838,0.22140000,26.80000000,0.2296
1749260838,0.22100000,200.00000000,0.2296
1749260838,0.22090000,189.90000000,0.2296
1749260838,0.22060000,10000.00000000,0.2296
1749260838,0.22030000,690.30000000,0.2296
1749260838,0.22000000,2531.50000000,0.2296
1749260838,0.21990000,25.00000000,0.2296
1749260838,0.21830000,132.20000000,0.2296
1749260838,0.21820000,192.20000000,0.2296
1749260838,0.21780000,303.40000000,0.2296
1749260838,0.21750000,80.00000000,0.2296
1749260838,0.21730000,230.00000000,0.2296
1749260838,0.21710000,25.40000000,0.2296
1749260838,0.21680000,230.90000000,0.2296
1749260838,0.21580000,133.50000000,0.2296
1749260838,0.21560000,194.50000000,0.2296
1749260838,0.21510000,136.40000000,0.2296
1749260838,0.21500000,70.00000000,0.2296
1749260838,0.21420000,2345.70000000,0.2296
1749260838,0.21380000,136.30000000,0.2296
1749260838,0.21370000,48.70000000,0.2296
1749260838,0.21330000,3280.90000000,0.2296
1749260838,0.21310000,3280.90000000,0.2296
1749260838,0.21290000,3280.90000000,0.2296
1749260838,0.21270000,3280.90000000,0.2296
1749260838,0.21250000,3280.90000000,0.2296
1749260838,0.21180000,299.70000000,0.2296
1749260838,0.21110000,155.00000000,0.2296
1749260838,0.21010000,951.90000000,0.2296
1749260838,0.21000000,949.90000000,0.2296
1749260838,0.20910000,239.10000000,0.2296
1749260838,0.20670000,105.60000000,0.2296
1749260838,0.20630000,263.70000000,0.2296
1749260838,0.20370000,48.70000000,0.2296
1749260838,0.20260000,49.30000000,0.2296
1749260838,0.20190000,27.70000000,0.2296
1749260838,0.20060000,448.60000000,0.2296
1749260838,0.20050000,199.80000000,0.2296
1749260838,0.20000000,1105.50000000,0.2296
1749260838,0.19930000,28.10000000,0.2296
1749260838,0.19900000,35.10000000,0.2296
1749260838,0.19870000,30.50000000,0.2296
1749260838,0.19750000,101.20000000,0.2296
1749260838,0.19650000,509.30000000,0.2296
1749260838,0.19400000,26.20000000,0.2296
1749260838,0.19360000,48.70000000,0.2296
1749260838,0.19280000,150.00000000,0.2296
1749260838,0.19000000,1014.10000000,0.2296
1749260838,0.18880000,26.50000000,0.2296
1749260838,0.18510000,518.70000000,0.2296
1749260838,0.18470000,32.50000000,0.2296
1749260838,0.18360000,48.70000000,0.2296
1749260838,0.18200000,494.50000000,0.2296
1749260838,0.18040000,27.80000000,0.2296
1749260838,0.18000000,117.20000000,0.2296
1749260838,0.17770000,77.00000000,0.2296
1749260838,0.17650000,5665.70000000,0.2296
1749260838,0.17360000,48.70000000,0.2296
1749260838,0.17330000,28.90000000,0.2296
1749260838,0.17230000,415.50000000,0.2296
1749260838,0.17180000,35.30000000,0.2296
1749260838,0.17000000,30.00000000,0.2296
1749260838,0.16660000,1651.00000000,0.2296
1749260838,0.16620000,300.80000000,0.2296
1749261164,0.22980000,2116.60000000,0.2299
1749261164,0.22970000,6355.40000000,0.2299
1749261164,0.22960000,16156.80000000,0.2299
1749261164,0.22950000,26069.00000000,0.2299
1749261164,0.22940000,12336.90000000,0.2299
1749261164,0.22930000,10924.10000000,0.2299
1749261164,0.22920000,31075.20000000,0.2299
1749261164,0.22910000,13717.50000000,0.2299
1749261164,0.22900000,9846.20000000,0.2299
1749261164,0.22890000,9211.00000000,0.2299
1749261164,0.22880000,3670.30000000,0.2299
1749261164,0.22870000,26475.10000000,0.2299
1749261164,0.22860000,1710.90000000,0.2299
1749261164,0.22850000,9632.10000000,0.2299
1749261164,0.22840000,1711.50000000,0.2299
1749261164,0.22830000,6357.00000000,0.2299
1749261164,0.22820000,1712.20000000,0.2299
1749261164,0.22810000,5275.40000000,0.2299
1749261164,0.22790000,4285.40000000,0.2299
1749261164,0.22780000,116.10000000,0.2299
1749261164,0.22770000,4285.40000000,0.2299
1749261164,0.22760000,5215.80000000,0.2299
1749261164,0.22750000,10597.40000000,0.2299
1749261164,0.22730000,4285.40000000,0.2299
1749261164,0.22710000,2460.80000000,0.2299
1749261164,0.22680000,8180.10000000,0.2299
1749261164,0.22630000,3475.80000000,0.2299
1749261164,0.22620000,1104.10000000,0.2299
1749261164,0.22590000,932.90000000,0.2299
1749261164,0.22500000,4460.00000000,0.2299
1749261164,0.22410000,79.70000000,0.2299
1749261164,0.22370000,48.70000000,0.2299
1749261164,0.22360000,187.60000000,0.2299
1749261164,0.22330000,110558.10000000,0.2299
1749261164,0.22320000,15340.40000000,0.2299
1749261164,0.22190000,201.20000000,0.2299
1749261164,0.22140000,26.80000000,0.2299
1749261164,0.22100000,200.00000000,0.2299
1749261164,0.22090000,189.90000000,0.2299
1749261164,0.22060000,10000.00000000,0.2299
1749261164,0.22030000,690.30000000,0.2299
1749261164,0.22000000,2531.50000000,0.2299
1749261164,0.21990000,25.00000000,0.2299
1749261164,0.21830000,132.20000000,0.2299
1749261164,0.21820000,192.20000000,0.2299
1749261164,0.21780000,303.40000000,0.2299
1749261164,0.21750000,80.00000000,0.2299
1749261164,0.21730000,230.00000000,0.2299
1749261164,0.21710000,25.40000000,0.2299
1749261164,0.21680000,230.90000000,0.2299
1749261164,0.21580000,133.50000000,0.2299
1749261164,0.21560000,194.50000000,0.2299
1749261164,0.21510000,136.40000000,0.2299
1749261164,0.21500000,70.00000000,0.2299
1749261164,0.21420000,2345.70000000,0.2299
1749261164,0.21380000,136.30000000,0.2299
1749261164,0.21370000,48.70000000,0.2299
1749261164,0.21330000,3280.90000000,0.2299
1749261164,0.21310000,3280.90000000,0.2299
1749261164,0.21290000,3280.90000000,0.2299
1749261164,0.21270000,3280.90000000,0.2299
1749261164,0.21250000,3280.90000000,0.2299
1749261164,0.21180000,299.70000000,0.2299
1749261164,0.21110000,155.00000000,0.2299
1749261164,0.21010000,951.90000000,0.2299
1749261164,0.21000000,949.90000000,0.2299
1749261164,0.20910000,239.10000000,0.2299
1749261164,0.20670000,105.60000000,0.2299
1749261164,0.20630000,263.70000000,0.2299
1749261164,0.20370000,48.70000000,0.2299
1749261164,0.20260000,49.30000000,0.2299
1749261164,0.20190000,27.70000000,0.2299
1749261164,0.20060000,448.60000000,0.2299
1749261164,0.20050000,199.80000000,0.2299
1749261164,0.20000000,1105.50000000,0.2299
1749261164,0.19930000,28.10000000,0.2299
1749261164,0.19900000,35.10000000,0.2299
1749261164,0.19870000,30.50000000,0.2299
1749261164,0.19750000,101.20000000,0.2299
1749261164,0.19650000,509.30000000,0.2299
1749261164,0.19400000,26.20000000,0.2299
1749261164,0.19360000,48.70000000,0.2299
1749261164,0.19280000,150.00000000,0.2299
1749261164,0.19000000,1014.10000000,0.2299
1749261164,0.18880000,26.50000000,0.2299
1749261164,0.18510000,518.70000000,0.2299
1749261164,0.18470000,32.50000000,0.2299
1749261164,0.18360000,48.70000000,0.2299
1749261164,0.18200000,494.50000000,0.2299
1749261164,0.18040000,27.80000000,0.2299
1749261164,0.18000000,117.20000000,0.2299
1749261164,0.17770000,77.00000000,0.2299
1749261164,0.17650000,5665.70000000,0.2299
1749261164,0.17360000,48.70000000,0.2299
1749261164,0.17330000,28.90000000,0.2299
1749261164,0.17230000,415.50000000,0.2299
1749261164,0.17180000,35.30000000,0.2299
1749261164,0.17000000,30.00000000,0.2299
1749261164,0.16660000,1651.00000000,0.2299
1749261164,0.16620000,300.80000000,0.2299
1749261479,0.23000000,1980.00000000,0.2301
1749261479,0.22990000,5728.40000000,0.2301
1749261479,0.22980000,6714.10000000,0.2301
1749261479,0.22970000,18224.80000000,0.2301
1749261479,0.22960000,23338.60000000,0.2301
1749261479,0.22950000,14517.70000000,0.2301
1749261479,0.22940000,24720.40000000,0.2301
1749261479,0.22930000,9763.60000000,0.2301
1749261479,0.22920000,18113.40000000,0.2301
1749261479,0.22910000,9445.40000000,0.2301
1749261479,0.22900000,3659.10000000,0.2301
1749261479,0.22890000,9211.00000000,0.2301
1749261479,0.22880000,4649.60000000,0.2301
1749261479,0.22870000,26466.40000000,0.2301
1749261479,0.22860000,1710.90000000,0.2301
1749261479,0.22850000,9632.10000000,0.2301
1749261479,0.22840000,990.00000000,0.2301
1749261479,0.22830000,6357.00000000,0.2301
1749261479,0.22810000,5275.40000000,0.2301
1749261479,0.22790000,4285.40000000,0.2301
1749261479,0.22780000,116.10000000,0.2301
1749261479,0.22770000,4285.40000000,0.2301
1749261479,0.22760000,5215.80000000,0.2301
1749261479,0.22750000,10597.40000000,0.2301
1749261479,0.22730000,4285.40000000,0.2301
1749261479,0.22710000,2460.80000000,0.2301
1749261479,0.22680000,8180.10000000,0.2301
1749261479,0.22630000,3475.80000000,0.2301
1749261479,0.22620000,1104.10000000,0.2301
1749261479,0.22590000,932.90000000,0.2301
1749261479,0.22500000,4460.00000000,0.2301
1749261479,0.22410000,79.70000000,0.2301
1749261479,0.22370000,48.70000000,0.2301
1749261479,0.22360000,187.60000000,0.2301
1749261479,0.22330000,110558.10000000,0.2301
1749261479,0.22320000,15340.40000000,0.2301
1749261479,0.22290000,44.70000000,0.2301
1749261479,0.22190000,201.20000000,0.2301
1749261479,0.22140000,26.80000000,0.2301
1749261479,0.22100000,200.00000000,0.2301
1749261479,0.22090000,189.90000000,0.2301
1749261479,0.22060000,10000.00000000,0.2301
1749261479,0.22030000,690.30000000,0.2301
1749261479,0.22000000,2531.30000000,0.2301
1749261479,0.21990000,25.00000000,0.2301
1749261479,0.21830000,132.20000000,0.2301
1749261479,0.21820000,192.20000000,0.2301
1749261479,0.21780000,303.40000000,0.2301
1749261479,0.21750000,80.00000000,0.2301
1749261479,0.21730000,230.00000000,0.2301
1749261479,0.21710000,25.40000000,0.2301
1749261479,0.21680000,230.90000000,0.2301
1749261479,0.21580000,133.50000000,0.2301
1749261479,0.21560000,194.50000000,0.2301
1749261479,0.21510000,136.40000000,0.2301
1749261479,0.21500000,70.00000000,0.2301
1749261479,0.21420000,2345.70000000,0.2301
1749261479,0.21380000,136.30000000,0.2301
1749261479,0.21370000,48.70000000,0.2301
1749261479,0.21330000,3280.90000000,0.2301
1749261479,0.21310000,3280.90000000,0.2301
1749261479,0.21290000,3280.90000000,0.2301
1749261479,0.21270000,3280.90000000,0.2301
1749261479,0.21250000,3280.90000000,0.2301
1749261479,0.21180000,299.70000000,0.2301
1749261479,0.21110000,155.00000000,0.2301
1749261479,0.21010000,951.90000000,0.2301
1749261479,0.21000000,949.90000000,0.2301
1749261479,0.20910000,239.10000000,0.2301
1749261479,0.20700000,105.60000000,0.2301
1749261479,0.20630000,263.70000000,0.2301
1749261479,0.20370000,48.70000000,0.2301
1749261479,0.20260000,49.30000000,0.2301
1749261479,0.20190000,27.70000000,0.2301
1749261479,0.20060000,448.60000000,0.2301
1749261479,0.20050000,199.80000000,0.2301
1749261479,0.20000000,1105.50000000,0.2301
1749261479,0.19930000,28.10000000,0.2301
1749261479,0.19900000,35.10000000,0.2301
1749261479,0.19870000,30.50000000,0.2301
1749261479,0.19750000,101.20000000,0.2301
1749261479,0.19650000,509.30000000,0.2301
1749261479,0.19400000,26.20000000,0.2301
1749261479,0.19360000,48.70000000,0.2301
1749261479,0.19280000,150.00000000,0.2301
1749261479,0.19000000,1014.10000000,0.2301
1749261479,0.18880000,26.50000000,0.2301
1749261479,0.18510000,518.70000000,0.2301
1749261479,0.18470000,32.50000000,0.2301
1749261479,0.18360000,48.70000000,0.2301
1749261479,0.18200000,494.50000000,0.2301
1749261479,0.18040000,27.80000000,0.2301
1749261479,0.18000000,117.20000000,0.2301
1749261479,0.17770000,77.00000000,0.2301
1749261479,0.17650000,5665.70000000,0.2301
1749261479,0.17360000,48.70000000,0.2301
1749261479,0.17330000,28.90000000,0.2301
1749261479,0.17230000,415.50000000,0.2301
1749261479,0.17180000,35.30000000,0.2301
1749261479,0.17000000,30.00000000,0.2301
1749261790,0.22960000,1980.00000000,0.2298
1749261790,0.22950000,8777.10000000,0.2298
1749261790,0.22940000,20312.30000000,0.2298
1749261790,0.22930000,21517.50000000,0.2298
1749261790,0.22920000,10757.60000000,0.2298
1749261790,0.22910000,6423.40000000,0.2298
1749261790,0.22900000,29489.10000000,0.2298
1749261790,0.22890000,14747.50000000,0.2298
1749261790,0.22880000,4582.60000000,0.2298
1749261790,0.22870000,9040.20000000,0.2298
1749261790,0.22860000,2582.90000000,0.2298
1749261790,0.22850000,30796.60000000,0.2298
1749261790,0.22840000,5058.70000000,0.2298
1749261790,0.22830000,6357.00000000,0.2298
1749261790,0.22820000,1712.20000000,0.2298
1749261790,0.22810000,5275.40000000,0.2298
1749261790,0.22800000,1712.80000000,0.2298
1749261790,0.22790000,5275.40000000,0.2298
1749261790,0.22780000,116.10000000,0.2298
1749261790,0.22770000,5275.40000000,0.2298
1749261790,0.22760000,4338.10000000,0.2298
1749261790,0.22750000,10597.40000000,0.2298
1749261790,0.22730000,4285.40000000,0.2298
1749261790,0.22710000,2460.80000000,0.2298
1749261790,0.22700000,880.00000000,0.2298
1749261790,0.22680000,8180.10000000,0.2298
1749261790,0.22640000,568.20000000,0.2298
1749261790,0.22630000,2907.20000000,0.2298
1749261790,0.22620000,221.00000000,0.2298
1749261790,0.22590000,932.90000000,0.2298
1749261790,0.22570000,885.10000000,0.2298
1749261790,0.22470000,4460.00000000,0.2298
1749261790,0.22410000,79.70000000,0.2298
1749261790,0.22370000,48.70000000,0.2298
1749261790,0.22360000,187.60000000,0.2298
1749261790,0.22330000,110558.10000000,0.2298
1749261790,0.22320000,15340.40000000,0.2298
1749261790,0.22190000,201.20000000,0.2298
1749261790,0.22140000,26.80000000,0.2298
1749261790,0.22100000,200.00000000,0.2298
1749261790,0.22090000,189.90000000,0.2298
1749261790,0.22060000,10000.00000000,0.2298
1749261790,0.22030000,690.30000000,0.2298
1749261790,0.22000000,2531.10000000,0.2298
1749261790,0.21990000,25.00000000,0.2298
1749261790,0.21830000,132.20000000,0.2298
1749261790,0.21820000,192.20000000,0.2298
1749261790,0.21780000,303.40000000,0.2298
1749261790,0.21750000,80.00000000,0.2298
1749261790,0.21730000,230.00000000,0.2298
1749261790,0.21710000,25.40000000,0.2298
1749261790,0.21680000,230.90000000,0.2298
1749261790,0.21580000,133.50000000,0.2298
1749261790,0.21560000,194.50000000,0.2298
1749261790,0.21510000,136.40000000,0.2298
1749261790,0.21500000,70.00000000,0.2298
1749261790,0.21420000,2345.70000000,0.2298
1749261790,0.21380000,136.30000000,0.2298
1749261790,0.21370000,48.70000000,0.2298
1749261790,0.21330000,3280.90000000,0.2298
1749261790,0.21310000,3280.90000000,0.2298
1749261790,0.21290000,3280.90000000,0.2298
1749261790,0.21270000,3280.90000000,0.2298
1749261790,0.21250000,3280.90000000,0.2298
1749261790,0.21180000,299.70000000,0.2298
1749261790,0.21110000,155.00000000,0.2298
1749261790,0.21010000,951.90000000,0.2298
1749261790,0.21000000,949.90000000,0.2298
1749261790,0.20910000,239.10000000,0.2298
1749261790,0.20660000,105.60000000,0.2298
1749261790,0.20630000,263.70000000,0.2298
1749261790,0.20370000,48.70000000,0.2298
1749261790,0.20260000,49.30000000,0.2298
1749261790,0.20190000,27.70000000,0.2298
1749261790,0.20060000,448.60000000,0.2298
1749261790,0.20050000,199.80000000,0.2298
1749261790,0.20000000,1105.50000000,0.2298
1749261790,0.19930000,28.10000000,0.2298
1749261790,0.19900000,35.10000000,0.2298
1749261790,0.19870000,30.50000000,0.2298
1749261790,0.19750000,101.20000000,0.2298
1749261790,0.19650000,509.30000000,0.2298
1749261790,0.19400000,26.20000000,0.2298
1749261790,0.19360000,48.70000000,0.2298
1749261790,0.19280000,150.00000000,0.2298
1749261790,0.19000000,1014.10000000,0.2298
1749261790,0.18880000,26.50000000,0.2298
1749261790,0.18510000,518.70000000,0.2298
1749261790,0.18470000,32.50000000,0.2298
1749261790,0.18360000,48.70000000,0.2298
1749261790,0.18200000,494.50000000,0.2298
1749261790,0.18040000,27.80000000,0.2298
1749261790,0.18000000,117.20000000,0.2298
1749261790,0.17770000,77.00000000,0.2298
1749261790,0.17650000,5665.70000000,0.2298
1749261790,0.17360000,48.70000000,0.2298
1749261790,0.17330000,28.90000000,0.2298
1749261790,0.17230000,415.50000000,0.2298
1749261790,0.17180000,35.30000000,0.2298
1749261790,0.17000000,30.00000000,0.2298
1749262092,0.22940000,2328.70000000,0.2295
1749262092,0.22930000,14770.70000000,0.2295
1749262092,0.22920000,13137.00000000,0.2295
1749262092,0.22910000,13164.00000000,0.2295
1749262092,0.22900000,3397.50000000,0.2295
1749262092,0.22890000,9284.20000000,0.2295
1749262092,0.22880000,11427.10000000,0.2295
1749262092,0.22870000,5997.60000000,0.2295
1749262092,0.22860000,17689.00000000,0.2295
1749262092,0.22850000,11380.60000000,0.2295
1749262092,0.22840000,20146.40000000,0.2295
1749262092,0.22830000,8265.90000000,0.2295
1749262092,0.22820000,2580.50000000,0.2295
1749262092,0.22810000,24902.90000000,0.2295
1749262092,0.22800000,1712.80000000,0.2295
1749262092,0.22790000,9643.60000000,0.2295
1749262092,0.22780000,1829.20000000,0.2295
1749262092,0.22770000,5275.40000000,0.2295
1749262092,0.22760000,5328.10000000,0.2295
1749262092,0.22750000,10597.40000000,0.2295
1749262092,0.22730000,4285.40000000,0.2295
1749262092,0.22710000,2460.80000000,0.2295
1749262092,0.22700000,880.00000000,0.2295
1749262092,0.22640000,3289.00000000,0.2295
1749262092,0.22630000,185.30000000,0.2295
1749262092,0.22620000,221.00000000,0.2295
1749262092,0.22610000,8225.20000000,0.2295
1749262092,0.22590000,48.60000000,0.2295
1749262092,0.22540000,886.20000000,0.2295
1749262092,0.22520000,887.00000000,0.2295
1749262092,0.22410000,79.70000000,0.2295
1749262092,0.22370000,48.70000000,0.2295
1749262092,0.22360000,187.60000000,0.2295
1749262092,0.22330000,110558.10000000,0.2295
1749262092,0.22320000,15340.40000000,0.2295
1749262092,0.22240000,44.80000000,0.2295
1749262092,0.22190000,201.20000000,0.2295
1749262092,0.22140000,26.80000000,0.2295
1749262092,0.22100000,200.00000000,0.2295
1749262092,0.22090000,189.90000000,0.2295
1749262092,0.22060000,10000.00000000,0.2295
1749262092,0.22030000,690.30000000,0.2295
1749262092,0.22000000,1845.90000000,0.2295
1749262092,0.21990000,25.00000000,0.2295
1749262092,0.21830000,822.60000000,0.2295
1749262092,0.21820000,192.20000000,0.2295
1749262092,0.21780000,303.40000000,0.2295
1749262092,0.21750000,80.00000000,0.2295
1749262092,0.21730000,230.00000000,0.2295
1749262092,0.21710000,25.40000000,0.2295
1749262092,0.21680000,230.90000000,0.2295
1749262092,0.21580000,133.50000000,0.2295
1749262092,0.21560000,194.50000000,0.2295
1749262092,0.21510000,136.40000000,0.2295
1749262092,0.21500000,70.00000000,0.2295
1749262092,0.21420000,2345.70000000,0.2295
1749262092,0.21380000,136.30000000,0.2295
1749262092,0.21370000,48.70000000,0.2295
1749262092,0.21330000,3280.90000000,0.2295
1749262092,0.21310000,3280.90000000,0.2295
1749262092,0.21290000,3280.90000000,0.2295
1749262092,0.21270000,3280.90000000,0.2295
1749262092,0.21250000,3280.90000000,0.2295
1749262092,0.21180000,299.70000000,0.2295
1749262092,0.21110000,155.00000000,0.2295
1749262092,0.21010000,951.90000000,0.2295
1749262092,0.21000000,949.90000000,0.2295
1749262092,0.20910000,239.10000000,0.2295
1749262092,0.20660000,105.60000000,0.2295
1749262092,0.20630000,263.70000000,0.2295
1749262092,0.20370000,48.70000000,0.2295
1749262092,0.20260000,49.30000000,0.2295
1749262092,0.20190000,27.70000000,0.2295
1749262092,0.20060000,448.60000000,0.2295
1749262092,0.20050000,199.80000000,0.2295
1749262092,0.20000000,1105.50000000,0.2295
1749262092,0.19930000,28.10000000,0.2295
1749262092,0.19900000,35.10000000,0.2295
1749262092,0.19870000,30.50000000,0.2295
1749262092,0.19750000,101.20000000,0.2295
1749262092,0.19650000,509.30000000,0.2295
1749262092,0.19400000,26.20000000,0.2295
1749262092,0.19360000,48.70000000,0.2295
1749262092,0.19280000,150.00000000,0.2295
1749262092,0.19000000,1014.10000000,0.2295
1749262092,0.18880000,26.50000000,0.2295
1749262092,0.18510000,518.70000000,0.2295
1749262092,0.18470000,32.50000000,0.2295
1749262092,0.18360000,48.70000000,0.2295
1749262092,0.18200000,494.50000000,0.2295
1749262092,0.18040000,27.80000000,0.2295
1749262092,0.18000000,117.20000000,0.2295
1749262092,0.17770000,77.00000000,0.2295
1749262092,0.17650000,5665.70000000,0.2295
1749262092,0.17360000,48.70000000,0.2295
1749262092,0.17330000,28.90000000,0.2295
1749262092,0.17230000,415.50000000,0.2295
1749262092,0.17180000,35.30000000,0.2295
1749262092,0.17000000,30.00000000,0.2295
1749262092,0.16660000,1651.00000000,0.2295
1749262394,0.22990000,2928.70000000,0.2298
1749262394,0.22980000,6322.90000000,0.2298
1749262394,0.22970000,11293.60000000,0.2298
1749262394,0.22960000,15029.40000000,0.2298
1749262394,0.22950000,8307.80000000,0.2298
1749262394,0.22940000,12104.90000000,0.2298
1749262394,0.22930000,15823.50000000,0.2298
1749262394,0.22920000,7435.30000000,0.2298
1749262394,0.22910000,12790.90000000,0.2298
1749262394,0.22900000,10391.60000000,0.2298
1749262394,0.22890000,23747.70000000,0.2298
1749262394,0.22880000,10015.70000000,0.2298
1749262394,0.22870000,7904.90000000,0.2298
1749262394,0.22860000,19685.60000000,0.2298
1749262394,0.22850000,12707.30000000,0.2298
1749262394,0.22840000,6072.60000000,0.2298
1749262394,0.22830000,6357.00000000,0.2298
1749262394,0.22820000,990.00000000,0.2298
1749262394,0.22810000,5275.40000000,0.2298
1749262394,0.22790000,4285.40000000,0.2298
1749262394,0.22780000,116.10000000,0.2298
1749262394,0.22770000,4285.40000000,0.2298
1749262394,0.22760000,4338.10000000,0.2298
1749262394,0.22750000,11475.50000000,0.2298
1749262394,0.22730000,4285.40000000,0.2298
1749262394,0.22710000,2460.80000000,0.2298
1749262394,0.22640000,4171.30000000,0.2298
1749262394,0.22630000,185.30000000,0.2298
1749262394,0.22620000,221.00000000,0.2298
1749262394,0.22610000,8225.20000000,0.2298
1749262394,0.22590000,48.60000000,0.2298
1749262394,0.22540000,886.20000000,0.2298
1749262394,0.22480000,4460.00000000,0.2298
1749262394,0.22410000,79.70000000,0.2298
1749262394,0.22370000,48.70000000,0.2298
1749262394,0.22360000,187.60000000,0.2298
1749262394,0.22330000,110558.10000000,0.2298
1749262394,0.22320000,15340.40000000,0.2298
1749262394,0.22190000,201.20000000,0.2298
1749262394,0.22140000,26.80000000,0.2298
1749262394,0.22100000,200.00000000,0.2298
1749262394,0.22090000,189.90000000,0.2298
1749262394,0.22060000,10000.00000000,0.2298
1749262394,0.22030000,690.30000000,0.2298
1749262394,0.22000000,1845.90000000,0.2298
1749262394,0.21990000,25.00000000,0.2298
1749262394,0.21830000,822.40000000,0.2298
1749262394,0.21820000,192.20000000,0.2298
1749262394,0.21780000,303.40000000,0.2298
1749262394,0.21750000,80.00000000,0.2298
1749262394,0.21730000,230.00000000,0.2298
1749262394,0.21710000,25.40000000,0.2298
1749262394,0.21680000,230.90000000,0.2298
1749262394,0.21580000,133.50000000,0.2298
1749262394,0.21560000,194.50000000,0.2298
1749262394,0.21510000,136.40000000,0.2298
1749262394,0.21500000,70.00000000,0.2298
1749262394,0.21420000,2345.70000000,0.2298
1749262394,0.21380000,136.30000000,0.2298
1749262394,0.21370000,48.70000000,0.2298
1749262394,0.21330000,3280.90000000,0.2298
1749262394,0.21310000,3280.90000000,0.2298
1749262394,0.21290000,3280.90000000,0.2298
1749262394,0.21270000,3280.90000000,0.2298
1749262394,0.21250000,3280.90000000,0.2298
1749262394,0.21180000,299.70000000,0.2298
1749262394,0.21110000,155.00000000,0.2298
1749262394,0.21010000,951.90000000,0.2298
1749262394,0.21000000,949.90000000,0.2298
1749262394,0.20910000,239.10000000,0.2298
1749262394,0.20680000,52.80000000,0.2298
1749262394,0.20670000,52.80000000,0.2298
1749262394,0.20630000,263.70000000,0.2298
1749262394,0.20370000,48.70000000,0.2298
1749262394,0.20260000,49.30000000,0.2298
1749262394,0.20190000,27.70000000,0.2298
1749262394,0.20060000,448.60000000,0.2298
1749262394,0.20050000,199.80000000,0.2298
1749262394,0.20000000,1105.50000000,0.2298
1749262394,0.19930000,28.10000000,0.2298
1749262394,0.19900000,35.10000000,0.2298
1749262394,0.19870000,30.50000000,0.2298
1749262394,0.19750000,101.20000000,0.2298
1749262394,0.19650000,509.30000000,0.2298
1749262394,0.19400000,26.20000000,0.2298
1749262394,0.19360000,48.70000000,0.2298
1749262394,0.19280000,150.00000000,0.2298
1749262394,0.19000000,1014.10000000,0.2298
1749262394,0.18880000,26.50000000,0.2298
1749262394,0.18510000,518.70000000,0.2298
1749262394,0.18470000,32.50000000,0.2298
1749262394,0.18360000,48.70000000,0.2298
1749262394,0.18200000,494.50000000,0.2298
1749262394,0.18040000,27.80000000,0.2298
1749262394,0.18000000,117.20000000,0.2298
1749262394,0.17770000,77.00000000,0.2298
1749262394,0.17650000,5665.70000000,0.2298
1749262394,0.17360000,48.70000000,0.2298
1749262394,0.17330000,28.90000000,0.2298
1749262394,0.17230000,415.50000000,0.2298
1749262697,0.22980000,4789.70000000,0.2297
1749262697,0.22970000,17357.90000000,0.2297
1749262697,0.22960000,6328.00000000,0.2297
1749262697,0.22950000,19955.10000000,0.2297
1749262697,0.22940000,8077.50000000,0.2297
1749262697,0.22930000,19746.90000000,0.2297
1749262697,0.22920000,23902.90000000,0.2297
1749262697,0.22910000,13673.40000000,0.2297
1749262697,0.22900000,6313.20000000,0.2297
1749262697,0.22890000,13928.00000000,0.2297
1749262697,0.22880000,3670.30000000,0.2297
1749262697,0.22870000,6925.60000000,0.2297
1749262697,0.22860000,20664.40000000,0.2297
1749262697,0.22850000,12707.30000000,0.2297
1749262697,0.22840000,6072.60000000,0.2297
1749262697,0.22830000,6357.00000000,0.2297
1749262697,0.22820000,990.00000000,0.2297
1749262697,0.22810000,5275.40000000,0.2297
1749262697,0.22790000,5275.40000000,0.2297
1749262697,0.22780000,1106.10000000,0.2297
1749262697,0.22770000,4285.40000000,0.2297
1749262697,0.22760000,4338.10000000,0.2297
1749262697,0.22750000,11475.50000000,0.2297
1749262697,0.22730000,4285.40000000,0.2297
1749262697,0.22710000,2460.80000000,0.2297
1749262697,0.22640000,4171.30000000,0.2297
1749262697,0.22630000,185.30000000,0.2297
1749262697,0.22620000,221.00000000,0.2297
1749262697,0.22610000,8225.20000000,0.2297
1749262697,0.22590000,932.90000000,0.2297
1749262697,0.22490000,4460.00000000,0.2297
1749262697,0.22410000,79.70000000,0.2297
1749262697,0.22370000,48.70000000,0.2297
1749262697,0.22360000,187.60000000,0.2297
1749262697,0.22330000,110558.10000000,0.2297
1749262697,0.22320000,15340.40000000,0.2297
1749262697,0.22190000,201.20000000,0.2297
1749262697,0.22140000,26.80000000,0.2297
1749262697,0.22100000,200.00000000,0.2297
1749262697,0.22090000,189.90000000,0.2297
1749262697,0.22060000,10000.00000000,0.2297
1749262697,0.22030000,1374.50000000,0.2297
1749262697,0.22000000,1845.90000000,0.2297
1749262697,0.21990000,25.00000000,0.2297
1749262697,0.21830000,132.20000000,0.2297
1749262697,0.21820000,192.20000000,0.2297
1749262697,0.21780000,303.40000000,0.2297
1749262697,0.21750000,80.00000000,0.2297
1749262697,0.21730000,230.00000000,0.2297
1749262697,0.21710000,25.40000000,0.2297
1749262697,0.21680000,230.90000000,0.2297
1749262697,0.21580000,133.50000000,0.2297
1749262697,0.21560000,194.50000000,0.2297
1749262697,0.21510000,136.40000000,0.2297
1749262697,0.21500000,70.00000000,0.2297
1749262697,0.21420000,2345.70000000,0.2297
1749262697,0.21380000,136.30000000,0.2297
1749262697,0.21370000,48.70000000,0.2297
1749262697,0.21330000,3280.90000000,0.2297
1749262697,0.21310000,3280.90000000,0.2297
1749262697,0.21290000,3280.90000000,0.2297
1749262697,0.21270000,3280.90000000,0.2297
1749262697,0.21250000,3280.90000000,0.2297
1749262697,0.21180000,299.70000000,0.2297
1749262697,0.21110000,155.00000000,0.2297
1749262697,0.21010000,951.90000000,0.2297
1749262697,0.21000000,949.90000000,0.2297
1749262697,0.20910000,239.10000000,0.2297
1749262697,0.20680000,52.80000000,0.2297
1749262697,0.20670000,52.80000000,0.2297
1749262697,0.20630000,263.70000000,0.2297
1749262697,0.20370000,48.70000000,0.2297
1749262697,0.20260000,49.30000000,0.2297
1749262697,0.20190000,27.70000000,0.2297
1749262697,0.20060000,448.60000000,0.2297
1749262697,0.20050000,199.80000000,0.2297
1749262697,0.20000000,1105.50000000,0.2297
1749262697,0.19930000,28.10000000,0.2297
1749262697,0.19900000,35.10000000,0.2297
1749262697,0.19870000,30.50000000,0.2297
1749262697,0.19750000,101.20000000,0.2297
1749262697,0.19650000,509.30000000,0.2297
1749262697,0.19400000,26.20000000,0.2297
1749262697,0.19360000,48.70000000,0.2297
1749262697,0.19280000,150.00000000,0.2297
1749262697,0.19000000,1014.10000000,0.2297
1749262697,0.18880000,26.50000000,0.2297
1749262697,0.18510000,518.70000000,0.2297
1749262697,0.18470000,32.50000000,0.2297
1749262697,0.18360000,48.70000000,0.2297
1749262697,0.18200000,494.50000000,0.2297
1749262697,0.18040000,27.80000000,0.2297
1749262697,0.18000000,117.20000000,0.2297
1749262697,0.17770000,77.00000000,0.2297
1749262697,0.17650000,5665.70000000,0.2297
1749262697,0.17360000,48.70000000,0.2297
1749262697,0.17330000,28.90000000,0.2297
1749262697,0.17230000,415.50000000,0.2297
1749262697,0.17180000,35.30000000,0.2297
1749262697,0.17000000,30.00000000,0.2297
1749263006,0.22970000,1590.00000000,0.2297
1749263006,0.22960000,6434.10000000,0.2297
1749263006,0.22950000,10140.10000000,0.2297
1749263006,0.22940000,16402.30000000,0.2297
1749263006,0.22930000,26296.40000000,0.2297
1749263006,0.22920000,11202.60000000,0.2297
1749263006,0.22910000,17055.70000000,0.2297
1749263006,0.22900000,7426.80000000,0.2297
1749263006,0.22890000,18190.70000000,0.2297
1749263006,0.22880000,3670.30000000,0.2297
1749263006,0.22870000,24267.60000000,0.2297
1749263006,0.22860000,4428.40000000,0.2297
1749263006,0.22850000,28950.30000000,0.2297
1749263006,0.22840000,6072.60000000,0.2297
1749263006,0.22830000,6357.00000000,0.2297
1749263006,0.22820000,1712.50000000,0.2297
1749263006,0.22810000,5275.40000000,0.2297
1749263006,0.22800000,990.00000000,0.2297
1749263006,0.22790000,4285.40000000,0.2297
1749263006,0.22780000,116.10000000,0.2297
1749263006,0.22770000,4285.40000000,0.2297
1749263006,0.22760000,4338.10000000,0.2297
1749263006,0.22750000,11475.50000000,0.2297
1749263006,0.22730000,4285.40000000,0.2297
1749263006,0.22710000,2460.80000000,0.2297
1749263006,0.22640000,3603.10000000,0.2297
1749263006,0.22630000,185.30000000,0.2297
1749263006,0.22620000,789.70000000,0.2297
1749263006,0.22610000,8225.20000000,0.2297
1749263006,0.22590000,932.90000000,0.2297
1749263006,0.22490000,4460.00000000,0.2297
1749263006,0.22410000,79.70000000,0.2297
1749263006,0.22370000,48.70000000,0.2297
1749263006,0.22360000,187.60000000,0.2297
1749263006,0.22330000,110558.10000000,0.2297
1749263006,0.22320000,15340.40000000,0.2297
1749263006,0.22190000,201.20000000,0.2297
1749263006,0.22140000,26.80000000,0.2297
1749263006,0.22100000,200.00000000,0.2297
1749263006,0.22090000,189.90000000,0.2297
1749263006,0.22060000,10000.00000000,0.2297
1749263006,0.22030000,690.30000000,0.2297
1749263006,0.22000000,2531.10000000,0.2297
1749263006,0.21990000,25.00000000,0.2297
1749263006,0.21830000,132.20000000,0.2297
1749263006,0.21820000,192.20000000,0.2297
1749263006,0.21780000,303.40000000,0.2297
1749263006,0.21750000,80.00000000,0.2297
1749263006,0.21730000,230.00000000,0.2297
1749263006,0.21710000,25.40000000,0.2297
1749263006,0.21680000,230.90000000,0.2297
1749263006,0.21580000,133.50000000,0.2297
1749263006,0.21560000,194.50000000,0.2297
1749263006,0.21510000,136.40000000,0.2297
1749263006,0.21500000,70.00000000,0.2297
1749263006,0.21420000,2345.70000000,0.2297
1749263006,0.21380000,136.30000000,0.2297
1749263006,0.21370000,48.70000000,0.2297
1749263006,0.21330000,3280.90000000,0.2297
1749263006,0.21310000,3280.90000000,0.2297
1749263006,0.21290000,3280.90000000,0.2297
1749263006,0.21270000,3280.90000000,0.2297
1749263006,0.21250000,3280.90000000,0.2297
1749263006,0.21180000,299.70000000,0.2297
1749263006,0.21110000,155.00000000,0.2297
1749263006,0.21010000,951.90000000,0.2297
1749263006,0.21000000,949.90000000,0.2297
1749263006,0.20910000,239.10000000,0.2297
1749263006,0.20660000,105.60000000,0.2297
1749263006,0.20630000,263.70000000,0.2297
1749263006,0.20370000,48.70000000,0.2297
1749263006,0.20260000,49.30000000,0.2297
1749263006,0.20190000,27.70000000,0.2297
1749263006,0.20060000,448.60000000,0.2297
1749263006,0.20050000,199.80000000,0.2297
1749263006,0.20000000,1105.50000000,0.2297
1749263006,0.19930000,28.10000000,0.2297
1749263006,0.19900000,35.10000000,0.2297
1749263006,0.19870000,30.50000000,0.2297
1749263006,0.19750000,101.20000000,0.2297
1749263006,0.19650000,509.30000000,0.2297
1749263006,0.19400000,26.20000000,0.2297
1749263006,0.19360000,48.70000000,0.2297
1749263006,0.19280000,150.00000000,0.2297
1749263006,0.19000000,1014.10000000,0.2297
1749263006,0.18880000,26.50000000,0.2297
1749263006,0.18510000,518.70000000,0.2297
1749263006,0.18470000,32.50000000,0.2297
1749263006,0.18360000,48.70000000,0.2297
1749263006,0.18200000,494.50000000,0.2297
1749263006,0.18040000,27.80000000,0.2297
1749263006,0.18000000,117.20000000,0.2297
1749263006,0.17770000,77.00000000,0.2297
1749263006,0.17650000,5665.70000000,0.2297
1749263006,0.17360000,48.70000000,0.2297
1749263006,0.17330000,28.90000000,0.2297
1749263006,0.17230000,415.50000000,0.2297
1749263006,0.17180000,35.30000000,0.2297
1749263006,0.17000000,30.00000000,0.2297
1749263006,0.16660000,1651.00000000,0.2297
1749263314,0.23000000,3661.70000000,0.23
1749263314,0.22990000,6307.00000000,0.23
1749263314,0.22980000,12627.40000000,0.23
1749263314,0.22970000,8325.40000000,0.23
1749263314,0.22960000,12167.60000000,0.23
1749263314,0.22950000,16245.60000000,0.23
1749263314,0.22940000,10825.30000000,0.23
1749263314,0.22930000,11320.20000000,0.23
1749263314,0.22920000,16732.80000000,0.23
1749263314,0.22910000,13934.60000000,0.23
1749263314,0.22900000,22317.70000000,0.23
1749263314,0.22890000,5996.60000000,0.23
1749263314,0.22880000,20870.80000000,0.23
1749263314,0.22870000,10274.90000000,0.23
1749263314,0.22860000,6934.50000000,0.23
1749263314,0.22850000,8350.60000000,0.23
1749263314,0.22840000,990.00000000,0.23
1749263314,0.22830000,6357.00000000,0.23
1749263314,0.22810000,4285.40000000,0.23
1749263314,0.22790000,4285.40000000,0.23
1749263314,0.22780000,116.10000000,0.23
1749263314,0.22770000,4285.40000000,0.23
1749263314,0.22760000,4338.10000000,0.23
1749263314,0.22750000,11475.50000000,0.23
1749263314,0.22730000,4285.40000000,0.23
1749263314,0.22710000,2460.80000000,0.23
1749263314,0.22640000,3603.10000000,0.23
1749263314,0.22630000,185.30000000,0.23
1749263314,0.22620000,789.70000000,0.23
1749263314,0.22610000,8225.20000000,0.23
1749263314,0.22590000,932.90000000,0.23
1749263314,0.22490000,4460.00000000,0.23
1749263314,0.22410000,79.70000000,0.23
1749263314,0.22370000,48.70000000,0.23
1749263314,0.22360000,187.60000000,0.23
1749263314,0.22330000,110558.10000000,0.23
1749263314,0.22320000,15340.40000000,0.23
1749263314,0.22190000,201.20000000,0.23
1749263314,0.22140000,26.80000000,0.23
1749263314,0.22100000,200.00000000,0.23
1749263314,0.22090000,189.90000000,0.23
1749263314,0.22060000,10000.00000000,0.23
1749263314,0.22030000,690.30000000,0.23
1749263314,0.22000000,2531.30000000,0.23
1749263314,0.21990000,25.00000000,0.23
1749263314,0.21830000,132.20000000,0.23
1749263314,0.21820000,192.20000000,0.23
1749263314,0.21780000,303.40000000,0.23
1749263314,0.21750000,80.00000000,0.23
1749263314,0.21730000,230.00000000,0.23
1749263314,0.21710000,25.40000000,0.23
1749263314,0.21680000,230.90000000,0.23
1749263314,0.21580000,133.50000000,0.23
1749263314,0.21560000,194.50000000,0.23
1749263314,0.21510000,136.40000000,0.23
1749263314,0.21500000,70.00000000,0.23
1749263314,0.21420000,2345.70000000,0.23
1749263314,0.21380000,136.30000000,0.23
1749263314,0.21370000,48.70000000,0.23
1749263314,0.21330000,3280.90000000,0.23
1749263314,0.21310000,3280.90000000,0.23
1749263314,0.21290000,3280.90000000,0.23
1749263314,0.21270000,3280.90000000,0.23
1749263314,0.21250000,3280.90000000,0.23
1749263314,0.21180000,299.70000000,0.23
1749263314,0.21110000,155.00000000,0.23
1749263314,0.21010000,951.90000000,0.23
1749263314,0.21000000,949.90000000,0.23
1749263314,0.20910000,239.10000000,0.23
1749263314,0.20680000,52.80000000,0.23
1749263314,0.20670000,52.80000000,0.23
1749263314,0.20630000,263.70000000,0.23
1749263314,0.20370000,48.70000000,0.23
1749263314,0.20260000,49.30000000,0.23
1749263314,0.20190000,27.70000000,0.23
1749263314,0.20060000,448.60000000,0.23
1749263314,0.20050000,199.80000000,0.23
1749263314,0.20000000,1105.50000000,0.23
1749263314,0.19930000,28.10000000,0.23
1749263314,0.19900000,35.10000000,0.23
1749263314,0.19870000,30.50000000,0.23
1749263314,0.19750000,101.20000000,0.23
1749263314,0.19650000,509.30000000,0.23
1749263314,0.19400000,26.20000000,0.23
1749263314,0.19360000,48.70000000,0.23
1749263314,0.19280000,150.00000000,0.23
1749263314,0.19000000,1014.10000000,0.23
1749263314,0.18880000,26.50000000,0.23
1749263314,0.18510000,518.70000000,0.23
1749263314,0.18470000,32.50000000,0.23
1749263314,0.18360000,48.70000000,0.23
1749263314,0.18200000,494.50000000,0.23
1749263314,0.18040000,27.80000000,0.23
1749263314,0.18000000,117.20000000,0.23
1749263314,0.17770000,77.00000000,0.23
1749263314,0.17650000,5665.70000000,0.23
1749263314,0.17360000,48.70000000,0.23
1749263314,0.17330000,28.90000000,0.23
1749263314,0.17230000,415.50000000,0.23
1749263314,0.17180000,35.30000000,0.23
1749263616,0.22980000,2328.70000000,0.2299
1749263616,0.22970000,8102.30000000,0.2299
1749263616,0.22960000,17405.70000000,0.2299
1749263616,0.22950000,14529.40000000,0.2299
1749263616,0.22940000,14734.90000000,0.2299
1749263616,0.22930000,15111.30000000,0.2299
1749263616,0.22920000,12931.90000000,0.2299
1749263616,0.22910000,16526.40000000,0.2299
1749263616,0.22900000,9173.20000000,0.2299
1749263616,0.22890000,8471.60000000,0.2299
1749263616,0.22880000,21090.40000000,0.2299
1749263616,0.22870000,7904.40000000,0.2299
1749263616,0.22860000,23170.40000000,0.2299
1749263616,0.22850000,8350.60000000,0.2299
1749263616,0.22840000,4980.00000000,0.2299
1749263616,0.22830000,6357.00000000,0.2299
1749263616,0.22820000,990.00000000,0.2299
1749263616,0.22810000,5275.40000000,0.2299
1749263616,0.22790000,4285.40000000,0.2299
1749263616,0.22780000,116.10000000,0.2299
1749263616,0.22770000,4285.40000000,0.2299
1749263616,0.22760000,4338.10000000,0.2299
1749263616,0.22750000,11475.50000000,0.2299
1749263616,0.22730000,4285.40000000,0.2299
1749263616,0.22710000,2460.80000000,0.2299
1749263616,0.22640000,3603.10000000,0.2299
1749263616,0.22630000,185.30000000,0.2299
1749263616,0.22620000,789.70000000,0.2299
1749263616,0.22610000,8225.20000000,0.2299
1749263616,0.22590000,932.90000000,0.2299
1749263616,0.22410000,79.70000000,0.2299
1749263616,0.22370000,48.70000000,0.2299
1749263616,0.22360000,187.60000000,0.2299
1749263616,0.22330000,110558.10000000,0.2299
1749263616,0.22320000,15340.40000000,0.2299
1749263616,0.22190000,201.20000000,0.2299
1749263616,0.22140000,26.80000000,0.2299
1749263616,0.22100000,200.00000000,0.2299
1749263616,0.22090000,189.90000000,0.2299
1749263616,0.22060000,10000.00000000,0.2299
1749263616,0.22030000,690.30000000,0.2299
1749263616,0.22000000,2531.30000000,0.2299
1749263616,0.21990000,25.00000000,0.2299
1749263616,0.21830000,132.20000000,0.2299
1749263616,0.21820000,192.20000000,0.2299
1749263616,0.21780000,303.40000000,0.2299
1749263616,0.21750000,80.00000000,0.2299
1749263616,0.21730000,230.00000000,0.2299
1749263616,0.21710000,25.40000000,0.2299
1749263616,0.21680000,230.90000000,0.2299
1749263616,0.21580000,133.50000000,0.2299
1749263616,0.21560000,194.50000000,0.2299
1749263616,0.21510000,136.40000000,0.2299
1749263616,0.21500000,70.00000000,0.2299
1749263616,0.21420000,2345.70000000,0.2299
1749263616,0.21380000,136.30000000,0.2299
1749263616,0.21370000,48.70000000,0.2299
1749263616,0.21330000,3280.90000000,0.2299
1749263616,0.21310000,3280.90000000,0.2299
1749263616,0.21290000,3280.90000000,0.2299
1749263616,0.21270000,3280.90000000,0.2299
1749263616,0.21250000,3280.90000000,0.2299
1749263616,0.21180000,299.70000000,0.2299
1749263616,0.21110000,155.00000000,0.2299
1749263616,0.21010000,951.90000000,0.2299
1749263616,0.21000000,949.90000000,0.2299
1749263616,0.20910000,239.10000000,0.2299
1749263616,0.20680000,52.80000000,0.2299
1749263616,0.20670000,52.80000000,0.2299
1749263616,0.20630000,263.70000000,0.2299
1749263616,0.20370000,48.70000000,0.2299
1749263616,0.20260000,49.30000000,0.2299
1749263616,0.20190000,27.70000000,0.2299
1749263616,0.20060000,448.60000000,0.2299
1749263616,0.20050000,199.80000000,0.2299
1749263616,0.20000000,1105.50000000,0.2299
1749263616,0.19930000,28.10000000,0.2299
1749263616,0.19900000,35.10000000,0.2299
1749263616,0.19870000,30.50000000,0.2299
1749263616,0.19750000,101.20000000,0.2299
1749263616,0.19650000,509.30000000,0.2299
1749263616,0.19400000,26.20000000,0.2299
1749263616,0.19360000,48.70000000,0.2299
1749263616,0.19280000,150.00000000,0.2299
1749263616,0.19000000,1014.10000000,0.2299
1749263616,0.18880000,26.50000000,0.2299
1749263616,0.18510000,518.70000000,0.2299
1749263616,0.18470000,32.50000000,0.2299
1749263616,0.18360000,48.70000000,0.2299
1749263616,0.18200000,494.50000000,0.2299
1749263616,0.18040000,27.80000000,0.2299
1749263616,0.18000000,117.20000000,0.2299
1749263616,0.17770000,77.00000000,0.2299
1749263616,0.17650000,5665.70000000,0.2299
1749263616,0.17360000,48.70000000,0.2299
1749263616,0.17330000,28.90000000,0.2299
1749263616,0.17230000,415.50000000,0.2299
1749263616,0.17180000,35.30000000,0.2299
1749263616,0.17000000,30.00000000,0.2299
1749263616,0.16660000,1651.00000000,0.2299
1749263918,0.22990000,7910.50000000,0.2299
1749263918,0.22980000,11641.40000000,0.2299
1749263918,0.22970000,10006.60000000,0.2299
1749263918,0.22960000,18214.70000000,0.2299
1749263918,0.22950000,12382.00000000,0.2299
1749263918,0.22940000,9562.20000000,0.2299
1749263918,0.22930000,15111.30000000,0.2299
1749263918,0.22920000,9676.80000000,0.2299
1749263918,0.22910000,18637.30000000,0.2299
1749263918,0.22900000,22317.70000000,0.2299
1749263918,0.22890000,6358.80000000,0.2299
1749263918,0.22880000,3670.30000000,0.2299
1749263918,0.22870000,27424.80000000,0.2299
1749263918,0.22860000,6934.50000000,0.2299
1749263918,0.22850000,8350.60000000,0.2299
1749263918,0.22840000,990.00000000,0.2299
1749263918,0.22830000,6357.00000000,0.2299
1749263918,0.22810000,4285.40000000,0.2299
1749263918,0.22790000,4285.40000000,0.2299
1749263918,0.22780000,116.10000000,0.2299
1749263918,0.22770000,4285.40000000,0.2299
1749263918,0.22760000,4338.10000000,0.2299
1749263918,0.22750000,11475.50000000,0.2299
1749263918,0.22730000,4285.40000000,0.2299
1749263918,0.22710000,2460.80000000,0.2299
1749263918,0.22640000,3603.10000000,0.2299
1749263918,0.22630000,185.30000000,0.2299
1749263918,0.22620000,789.70000000,0.2299
1749263918,0.22610000,8225.20000000,0.2299
1749263918,0.22590000,932.90000000,0.2299
1749263918,0.22530000,4460.00000000,0.2299
1749263918,0.22410000,79.70000000,0.2299
1749263918,0.22370000,48.70000000,0.2299
1749263918,0.22360000,187.60000000,0.2299
1749263918,0.22330000,110558.10000000,0.2299
1749263918,0.22320000,15340.40000000,0.2299
1749263918,0.22190000,201.20000000,0.2299
1749263918,0.22140000,26.80000000,0.2299
1749263918,0.22100000,200.00000000,0.2299
1749263918,0.22090000,189.90000000,0.2299
1749263918,0.22060000,10000.00000000,0.2299
1749263918,0.22030000,690.30000000,0.2299
1749263918,0.22000000,2531.10000000,0.2299
1749263918,0.21990000,25.00000000,0.2299
1749263918,0.21830000,132.20000000,0.2299
1749263918,0.21820000,192.20000000,0.2299
1749263918,0.21780000,303.40000000,0.2299
1749263918,0.21750000,80.00000000,0.2299
1749263918,0.21730000,230.00000000,0.2299
1749263918,0.21710000,25.40000000,0.2299
1749263918,0.21680000,230.90000000,0.2299
1749263918,0.21580000,133.50000000,0.2299
1749263918,0.21560000,194.50000000,0.2299
1749263918,0.21510000,136.40000000,0.2299
1749263918,0.21500000,70.00000000,0.2299
1749263918,0.21420000,2345.70000000,0.2299
1749263918,0.21380000,136.30000000,0.2299
1749263918,0.21370000,48.70000000,0.2299
1749263918,0.21330000,3280.90000000,0.2299
1749263918,0.21310000,3280.90000000,0.2299
1749263918,0.21290000,3280.90000000,0.2299
1749263918,0.21270000,3280.90000000,0.2299
1749263918,0.21250000,3280.90000000,0.2299
1749263918,0.21180000,299.70000000,0.2299
1749263918,0.21110000,155.00000000,0.2299
1749263918,0.21010000,951.90000000,0.2299
1749263918,0.21000000,949.90000000,0.2299
1749263918,0.20910000,239.10000000,0.2299
1749263918,0.20680000,105.60000000,0.2299
1749263918,0.20630000,263.70000000,0.2299
1749263918,0.20370000,48.70000000,0.2299
1749263918,0.20260000,49.30000000,0.2299
1749263918,0.20190000,27.70000000,0.2299
1749263918,0.20060000,448.60000000,0.2299
1749263918,0.20050000,199.80000000,0.2299
1749263918,0.20000000,1105.50000000,0.2299
1749263918,0.19930000,28.10000000,0.2299
1749263918,0.19900000,35.10000000,0.2299
1749263918,0.19870000,30.50000000,0.2299
1749263918,0.19750000,101.20000000,0.2299
1749263918,0.19650000,509.30000000,0.2299
1749263918,0.19400000,26.20000000,0.2299
1749263918,0.19360000,48.70000000,0.2299
1749263918,0.19280000,150.00000000,0.2299
1749263918,0.19000000,1014.10000000,0.2299
1749263918,0.18880000,26.50000000,0.2299
1749263918,0.18510000,518.70000000,0.2299
1749263918,0.18470000,32.50000000,0.2299
1749263918,0.18360000,48.70000000,0.2299
1749263918,0.18200000,494.50000000,0.2299
1749263918,0.18040000,27.80000000,0.2299
1749263918,0.18000000,117.20000000,0.2299
1749263918,0.17770000,77.00000000,0.2299
1749263918,0.17650000,5665.70000000,0.2299
1749263918,0.17360000,48.70000000,0.2299
1749263918,0.17330000,28.90000000,0.2299
1749263918,0.17230000,415.50000000,0.2299
1749263918,0.17180000,35.30000000,0.2299
1749263918,0.17000000,30.00000000,0.2299
1749263918,0.16660000,1651.00000000,0.2299
1749264224,0.22980000,1980.00000000,0.2299
1749264224,0.22970000,9681.50000000,0.2299
1749264224,0.22960000,13977.70000000,0.2299
1749264224,0.22950000,21859.50000000,0.2299
1749264224,0.22940000,16967.60000000,0.2299
1749264224,0.22930000,11128.50000000,0.2299
1749264224,0.22920000,9314.50000000,0.2299
1749264224,0.22910000,11823.70000000,0.2299
1749264224,0.22900000,9088.80000000,0.2299
1749264224,0.22890000,25441.90000000,0.2299
1749264224,0.22880000,7019.90000000,0.2299
1749264224,0.22870000,7904.40000000,0.2299
1749264224,0.22860000,6934.50000000,0.2299
1749264224,0.22850000,24593.60000000,0.2299
1749264224,0.22840000,5056.70000000,0.2299
1749264224,0.22830000,6357.00000000,0.2299
1749264224,0.22820000,990.00000000,0.2299
1749264224,0.22810000,5275.40000000,0.2299
1749264224,0.22790000,4285.40000000,0.2299
1749264224,0.22780000,116.10000000,0.2299
1749264224,0.22770000,4285.40000000,0.2299
1749264224,0.22760000,4338.10000000,0.2299
1749264224,0.22750000,11475.50000000,0.2299
1749264224,0.22730000,4285.40000000,0.2299
1749264224,0.22710000,2460.80000000,0.2299
1749264224,0.22640000,2720.80000000,0.2299
1749264224,0.22630000,185.30000000,0.2299
1749264224,0.22620000,789.70000000,0.2299
1749264224,0.22610000,8225.20000000,0.2299
1749264224,0.22590000,1817.20000000,0.2299
1749264224,0.22480000,4460.00000000,0.2299
1749264224,0.22410000,79.70000000,0.2299
1749264224,0.22370000,48.70000000,0.2299
1749264224,0.22360000,187.60000000,0.2299
1749264224,0.22330000,110558.10000000,0.2299
1749264224,0.22320000,15340.40000000,0.2299
1749264224,0.22190000,201.20000000,0.2299
1749264224,0.22140000,26.80000000,0.2299
1749264224,0.22100000,200.00000000,0.2299
1749264224,0.22090000,189.90000000,0.2299
1749264224,0.22060000,10000.00000000,0.2299
1749264224,0.22030000,690.30000000,0.2299
1749264224,0.22000000,2531.00000000,0.2299
1749264224,0.21990000,25.00000000,0.2299
1749264224,0.21830000,132.20000000,0.2299
1749264224,0.21820000,192.20000000,0.2299
1749264224,0.21780000,303.40000000,0.2299
1749264224,0.21750000,80.00000000,0.2299
1749264224,0.21730000,230.00000000,0.2299
1749264224,0.21710000,25.40000000,0.2299
1749264224,0.21680000,230.90000000,0.2299
1749264224,0.21580000,133.50000000,0.2299
1749264224,0.21560000,194.50000000,0.2299
1749264224,0.21510000,136.40000000,0.2299
1749264224,0.21500000,70.00000000,0.2299
1749264224,0.21420000,2345.70000000,0.2299
1749264224,0.21380000,136.30000000,0.2299
1749264224,0.21370000,48.70000000,0.2299
1749264224,0.21330000,3280.90000000,0.2299
1749264224,0.21310000,3280.90000000,0.2299
1749264224,0.21290000,3280.90000000,0.2299
1749264224,0.21270000,3280.90000000,0.2299
1749264224,0.21250000,3280.90000000,0.2299
1749264224,0.21180000,299.70000000,0.2299
1749264224,0.21110000,155.00000000,0.2299
1749264224,0.21010000,951.90000000,0.2299
1749264224,0.21000000,949.90000000,0.2299
1749264224,0.20910000,239.10000000,0.2299
1749264224,0.20680000,105.60000000,0.2299
1749264224,0.20630000,263.70000000,0.2299
1749264224,0.20370000,48.70000000,0.2299
1749264224,0.20260000,49.30000000,0.2299
1749264224,0.20190000,27.70000000,0.2299
1749264224,0.20060000,448.60000000,0.2299
1749264224,0.20050000,199.80000000,0.2299
1749264224,0.20000000,1105.50000000,0.2299
1749264224,0.19930000,28.10000000,0.2299
1749264224,0.19900000,35.10000000,0.2299
1749264224,0.19870000,30.50000000,0.2299
1749264224,0.19750000,101.20000000,0.2299
1749264224,0.19650000,509.30000000,0.2299
1749264224,0.19400000,26.20000000,0.2299
1749264224,0.19360000,48.70000000,0.2299
1749264224,0.19280000,150.00000000,0.2299
1749264224,0.19000000,1014.10000000,0.2299
1749264224,0.18880000,26.50000000,0.2299
1749264224,0.18510000,518.70000000,0.2299
1749264224,0.18470000,32.50000000,0.2299
1749264224,0.18360000,48.70000000,0.2299
1749264224,0.18200000,494.50000000,0.2299
1749264224,0.18040000,27.80000000,0.2299
1749264224,0.18000000,117.20000000,0.2299
1749264224,0.17770000,77.00000000,0.2299
1749264224,0.17650000,5665.70000000,0.2299
1749264224,0.17360000,48.70000000,0.2299
1749264224,0.17330000,28.90000000,0.2299
1749264224,0.17230000,415.50000000,0.2299
1749264224,0.17180000,35.30000000,0.2299
1749264224,0.17000000,30.00000000,0.2299
1749264224,0.16660000,1651.00000000,0.2299
1749264526,0.23010000,3342.10000000,0.2299
1749264526,0.23000000,5172.30000000,0.2299
1749264526,0.22990000,10464.00000000,0.2299
1749264526,0.22980000,15140.50000000,0.2299
1749264526,0.22970000,17294.90000000,0.2299
1749264526,0.22960000,12380.30000000,0.2299
1749264526,0.22950000,6056.50000000,0.2299
1749264526,0.22940000,2952.30000000,0.2299
1749264526,0.22930000,9405.30000000,0.2299
1749264526,0.22920000,27034.20000000,0.2299
1749264526,0.22910000,27089.70000000,0.2299
1749264526,0.22900000,4989.90000000,0.2299
1749264526,0.22890000,10461.30000000,0.2299
1749264526,0.22880000,20871.30000000,0.2299
1749264526,0.22870000,10276.90000000,0.2299
1749264526,0.22860000,2577.60000000,0.2299
1749264526,0.22850000,5997.90000000,0.2299
1749264526,0.22840000,990.00000000,0.2299
1749264526,0.22830000,5367.00000000,0.2299
1749264526,0.22810000,4285.40000000,0.2299
1749264526,0.22800000,4368.40000000,0.2299
1749264526,0.22790000,4285.40000000,0.2299
1749264526,0.22780000,116.10000000,0.2299
1749264526,0.22770000,4285.40000000,0.2299
1749264526,0.22760000,4338.10000000,0.2299
1749264526,0.22750000,11475.50000000,0.2299
1749264526,0.22730000,4285.40000000,0.2299
1749264526,0.22710000,2460.80000000,0.2299
1749264526,0.22680000,8359.50000000,0.2299
1749264526,0.22640000,2720.80000000,0.2299
1749264526,0.22630000,185.30000000,0.2299
1749264526,0.22620000,789.70000000,0.2299
1749264526,0.22590000,1817.20000000,0.2299
1749264526,0.22540000,4460.00000000,0.2299
1749264526,0.22410000,79.70000000,0.2299
1749264526,0.22370000,48.70000000,0.2299
1749264526,0.22360000,187.60000000,0.2299
1749264526,0.22330000,110558.10000000,0.2299
1749264526,0.22320000,15340.40000000,0.2299
1749264526,0.22190000,201.20000000,0.2299
1749264526,0.22140000,26.80000000,0.2299
1749264526,0.22100000,200.00000000,0.2299
1749264526,0.22090000,189.90000000,0.2299
1749264526,0.22060000,10000.00000000,0.2299
1749264526,0.22030000,690.30000000,0.2299
1749264526,0.22000000,2530.60000000,0.2299
1749264526,0.21990000,25.00000000,0.2299
1749264526,0.21830000,132.20000000,0.2299
1749264526,0.21820000,192.20000000,0.2299
1749264526,0.21780000,303.40000000,0.2299
1749264526,0.21750000,80.00000000,0.2299
1749264526,0.21730000,230.00000000,0.2299
1749264526,0.21710000,25.40000000,0.2299
1749264526,0.21680000,230.90000000,0.2299
1749264526,0.21580000,133.50000000,0.2299
1749264526,0.21560000,194.50000000,0.2299
1749264526,0.21510000,136.40000000,0.2299
1749264526,0.21500000,70.00000000,0.2299
1749264526,0.21420000,2345.70000000,0.2299
1749264526,0.21380000,136.30000000,0.2299
1749264526,0.21370000,48.70000000,0.2299
1749264526,0.21330000,3280.90000000,0.2299
1749264526,0.21310000,3280.90000000,0.2299
1749264526,0.21290000,3280.90000000,0.2299
1749264526,0.21270000,3280.90000000,0.2299
1749264526,0.21250000,3280.90000000,0.2299
1749264526,0.21180000,299.70000000,0.2299
1749264526,0.21110000,155.00000000,0.2299
1749264526,0.21010000,951.90000000,0.2299
1749264526,0.21000000,949.90000000,0.2299
1749264526,0.20910000,239.10000000,0.2299
1749264526,0.20670000,105.60000000,0.2299
1749264526,0.20630000,263.70000000,0.2299
1749264526,0.20370000,48.70000000,0.2299
1749264526,0.20260000,49.30000000,0.2299
1749264526,0.20190000,27.70000000,0.2299
1749264526,0.20060000,448.60000000,0.2299
1749264526,0.20050000,199.80000000,0.2299
1749264526,0.20000000,1105.50000000,0.2299
1749264526,0.19930000,28.10000000,0.2299
1749264526,0.19900000,35.10000000,0.2299
1749264526,0.19870000,30.50000000,0.2299
1749264526,0.19750000,101.20000000,0.2299
1749264526,0.19650000,509.30000000,0.2299
1749264526,0.19400000,26.20000000,0.2299
1749264526,0.19360000,48.70000000,0.2299
1749264526,0.19280000,150.00000000,0.2299
1749264526,0.19000000,1014.10000000,0.2299
1749264526,0.18880000,26.50000000,0.2299
1749264526,0.18510000,518.70000000,0.2299
1749264526,0.18470000,32.50000000,0.2299
1749264526,0.18360000,48.70000000,0.2299
1749264526,0.18200000,494.50000000,0.2299
1749264526,0.18040000,27.80000000,0.2299
1749264526,0.18000000,117.20000000,0.2299
1749264526,0.17770000,77.00000000,0.2299
1749264526,0.17650000,5665.70000000,0.2299
1749264526,0.17360000,48.70000000,0.2299
1749264526,0.17330000,28.90000000,0.2299
1749264526,0.17230000,415.50000000,0.2299
1749264828,0.23040000,2343.10000000,0.2304
1749264828,0.23030000,6274.40000000,0.2304
1749264828,0.23020000,10229.30000000,0.2304
1749264828,0.23010000,18427.60000000,0.2304
1749264828,0.23000000,16798.00000000,0.2304
1749264828,0.22990000,7677.40000000,0.2304
1749264828,0.22980000,2486.50000000,0.2304
1749264828,0.22970000,25759.50000000,0.2304
1749264828,0.22960000,11782.90000000,0.2304
1749264828,0.22950000,8884.40000000,0.2304
1749264828,0.22940000,8441.50000000,0.2304
1749264828,0.22930000,12753.10000000,0.2304
1749264828,0.22920000,27587.90000000,0.2304
1749264828,0.22910000,6924.90000000,0.2304
1749264828,0.22900000,7850.80000000,0.2304
1749264828,0.22890000,9427.30000000,0.2304
1749264828,0.22880000,7303.30000000,0.2304
1749264828,0.22870000,5275.40000000,0.2304
1749264828,0.22850000,4285.40000000,0.2304
1749264828,0.22830000,4285.40000000,0.2304
1749264828,0.22810000,10580.80000000,0.2304
1749264828,0.22800000,876.10000000,0.2304
1749264828,0.22790000,4285.40000000,0.2304
1749264828,0.22780000,116.10000000,0.2304
1749264828,0.22770000,4285.40000000,0.2304
1749264828,0.22760000,4338.10000000,0.2304
1749264828,0.22750000,4285.40000000,0.2304
1749264828,0.22730000,4285.40000000,0.2304
1749264828,0.22710000,2460.80000000,0.2304
1749264828,0.22700000,2713.70000000,0.2304
1749264828,0.22680000,8359.50000000,0.2304
1749264828,0.22670000,567.60000000,0.2304
1749264828,0.22650000,881.90000000,0.2304
1749264828,0.22630000,185.30000000,0.2304
1749264828,0.22620000,221.00000000,0.2304
1749264828,0.22590000,932.90000000,0.2304
1749264828,0.22570000,4460.00000000,0.2304
1749264828,0.22410000,79.70000000,0.2304
1749264828,0.22370000,48.70000000,0.2304
1749264828,0.22360000,187.60000000,0.2304
1749264828,0.22330000,110558.10000000,0.2304
1749264828,0.22320000,15340.40000000,0.2304
1749264828,0.22190000,201.20000000,0.2304
1749264828,0.22140000,26.80000000,0.2304
1749264828,0.22100000,200.00000000,0.2304
1749264828,0.22090000,189.90000000,0.2304
1749264828,0.22060000,10000.00000000,0.2304
1749264828,0.22030000,1374.00000000,0.2304
1749264828,0.22000000,1845.90000000,0.2304
1749264828,0.21990000,25.00000000,0.2304
1749264828,0.21830000,132.20000000,0.2304
1749264828,0.21820000,192.20000000,0.2304
1749264828,0.21780000,303.40000000,0.2304
1749264828,0.21750000,80.00000000,0.2304
1749264828,0.21730000,230.00000000,0.2304
1749264828,0.21710000,25.40000000,0.2304
1749264828,0.21680000,230.90000000,0.2304
1749264828,0.21580000,133.50000000,0.2304
1749264828,0.21560000,194.50000000,0.2304
1749264828,0.21510000,136.40000000,0.2304
1749264828,0.21500000,70.00000000,0.2304
1749264828,0.21420000,2345.70000000,0.2304
1749264828,0.21380000,136.30000000,0.2304
1749264828,0.21370000,48.70000000,0.2304
1749264828,0.21330000,3280.90000000,0.2304
1749264828,0.21310000,3280.90000000,0.2304
1749264828,0.21290000,3280.90000000,0.2304
1749264828,0.21270000,3280.90000000,0.2304
1749264828,0.21250000,3280.90000000,0.2304
1749264828,0.21180000,299.70000000,0.2304
1749264828,0.21110000,155.00000000,0.2304
1749264828,0.21010000,951.90000000,0.2304
1749264828,0.21000000,949.90000000,0.2304
1749264828,0.20910000,239.10000000,0.2304
1749264828,0.20670000,105.60000000,0.2304
1749264828,0.20630000,263.70000000,0.2304
1749264828,0.20370000,48.70000000,0.2304
1749264828,0.20260000,49.30000000,0.2304
1749264828,0.20190000,27.70000000,0.2304
1749264828,0.20060000,448.60000000,0.2304
1749264828,0.20050000,199.80000000,0.2304
1749264828,0.20000000,1105.50000000,0.2304
1749264828,0.19930000,28.10000000,0.2304
1749264828,0.19900000,35.10000000,0.2304
1749264828,0.19870000,30.50000000,0.2304
1749264828,0.19750000,101.20000000,0.2304
1749264828,0.19650000,509.30000000,0.2304
1749264828,0.19400000,26.20000000,0.2304
1749264828,0.19360000,48.70000000,0.2304
1749264828,0.19280000,150.00000000,0.2304
1749264828,0.19000000,1014.10000000,0.2304
1749264828,0.18880000,26.50000000,0.2304
1749264828,0.18510000,518.70000000,0.2304
1749264828,0.18470000,32.50000000,0.2304
1749264828,0.18360000,48.70000000,0.2304
1749264828,0.18200000,494.50000000,0.2304
1749264828,0.18040000,27.80000000,0.2304
1749264828,0.18000000,117.20000000,0.2304
1749264828,0.17770000,77.00000000,0.2304
1749264828,0.17650000,5665.70000000,0.2304
1749265129,0.23050000,5056.10000000,0.2307
1749265129,0.23040000,32338.90000000,0.2307
1749265129,0.23030000,21610.30000000,0.2307
1749265129,0.23020000,11756.50000000,0.2307
1749265129,0.23010000,18224.60000000,0.2307
1749265129,0.23000000,19393.40000000,0.2307
1749265129,0.22990000,11722.60000000,0.2307
1749265129,0.22980000,5341.00000000,0.2307
1749265129,0.22970000,11490.90000000,0.2307
1749265129,0.22960000,8597.10000000,0.2307
1749265129,0.22950000,23874.10000000,0.2307
1749265129,0.22940000,3444.90000000,0.2307
1749265129,0.22930000,18960.20000000,0.2307
1749265129,0.22920000,1713.10000000,0.2307
1749265129,0.22910000,5998.50000000,0.2307
1749265129,0.22900000,5340.90000000,0.2307
1749265129,0.22890000,6354.20000000,0.2307
1749265129,0.22880000,1960.00000000,0.2307
1749265129,0.22870000,4285.40000000,0.2307
1749265129,0.22850000,5159.60000000,0.2307
1749265129,0.22830000,4285.40000000,0.2307
1749265129,0.22820000,4326.70000000,0.2307
1749265129,0.22810000,10580.80000000,0.2307
1749265129,0.22790000,4285.40000000,0.2307
1749265129,0.22780000,116.10000000,0.2307
1749265129,0.22770000,4285.40000000,0.2307
1749265129,0.22750000,4285.40000000,0.2307
1749265129,0.22730000,4285.40000000,0.2307
1749265129,0.22720000,1445.60000000,0.2307
1749265129,0.22710000,2460.80000000,0.2307
1749265129,0.22700000,2713.70000000,0.2307
1749265129,0.22680000,8359.50000000,0.2307
1749265129,0.22640000,882.30000000,0.2307
1749265129,0.22630000,185.30000000,0.2307
1749265129,0.22620000,221.00000000,0.2307
1749265129,0.22590000,48.60000000,0.2307
1749265129,0.22410000,79.70000000,0.2307
1749265129,0.22370000,48.70000000,0.2307
1749265129,0.22360000,187.60000000,0.2307
1749265129,0.22330000,110558.10000000,0.2307
1749265129,0.22320000,15340.40000000,0.2307
1749265129,0.22190000,201.20000000,0.2307
1749265129,0.22140000,26.80000000,0.2307
1749265129,0.22100000,200.00000000,0.2307
1749265129,0.22090000,189.90000000,0.2307
1749265129,0.22060000,10682.70000000,0.2307
1749265129,0.22030000,690.30000000,0.2307
1749265129,0.22000000,1845.90000000,0.2307
1749265129,0.21990000,25.00000000,0.2307
1749265129,0.21830000,132.20000000,0.2307
1749265129,0.21820000,192.20000000,0.2307
1749265129,0.21780000,303.40000000,0.2307
1749265129,0.21750000,80.00000000,0.2307
1749265129,0.21730000,230.00000000,0.2307
1749265129,0.21710000,25.40000000,0.2307
1749265129,0.21680000,230.90000000,0.2307
1749265129,0.21580000,133.50000000,0.2307
1749265129,0.21560000,194.50000000,0.2307
1749265129,0.21510000,136.40000000,0.2307
1749265129,0.21500000,70.00000000,0.2307
1749265129,0.21420000,2345.70000000,0.2307
1749265129,0.21380000,136.30000000,0.2307
1749265129,0.21370000,48.70000000,0.2307
1749265129,0.21330000,3280.90000000,0.2307
1749265129,0.21310000,3280.90000000,0.2307
1749265129,0.21290000,3280.90000000,0.2307
1749265129,0.21270000,3280.90000000,0.2307
1749265129,0.21250000,3280.90000000,0.2307
1749265129,0.21180000,299.70000000,0.2307
1749265129,0.21110000,155.00000000,0.2307
1749265129,0.21010000,951.90000000,0.2307
1749265129,0.21000000,949.90000000,0.2307
1749265129,0.20910000,239.10000000,0.2307
1749265129,0.20740000,105.20000000,0.2307
1749265129,0.20630000,263.70000000,0.2307
1749265129,0.20370000,48.70000000,0.2307
1749265129,0.20260000,49.30000000,0.2307
1749265129,0.20190000,27.70000000,0.2307
1749265129,0.20060000,448.60000000,0.2307
1749265129,0.20050000,199.80000000,0.2307
1749265129,0.20000000,1105.50000000,0.2307
1749265129,0.19930000,28.10000000,0.2307
1749265129,0.19900000,35.10000000,0.2307
1749265129,0.19870000,30.50000000,0.2307
1749265129,0.19750000,101.20000000,0.2307
1749265129,0.19650000,509.30000000,0.2307
1749265129,0.19400000,26.20000000,0.2307
1749265129,0.19360000,48.70000000,0.2307
1749265129,0.19280000,150.00000000,0.2307
1749265129,0.19000000,1014.10000000,0.2307
1749265129,0.18880000,26.50000000,0.2307
1749265129,0.18510000,518.70000000,0.2307
1749265129,0.18470000,32.50000000,0.2307
1749265129,0.18360000,48.70000000,0.2307
1749265129,0.18200000,494.50000000,0.2307
1749265129,0.18040000,27.80000000,0.2307
1749265129,0.18000000,117.20000000,0.2307
1749265129,0.17770000,77.00000000,0.2307
1749265129,0.17650000,5665.70000000,0.2307
1749265129,0.17360000,48.70000000,0.2307
1749265431,0.23090000,3443.70000000,0.231
1749265431,0.23080000,7327.90000000,0.231
1749265431,0.23070000,18152.90000000,0.231
1749265431,0.23060000,14263.80000000,0.231
1749265431,0.23050000,10440.60000000,0.231
1749265431,0.23040000,6953.60000000,0.231
1749265431,0.23030000,5678.00000000,0.231
1749265431,0.23020000,8352.30000000,0.231
1749265431,0.23010000,5828.60000000,0.231
1749265431,0.23000000,4141.50000000,0.231
1749265431,0.22990000,23600.30000000,0.231
1749265431,0.22980000,5813.50000000,0.231
1749265431,0.22970000,11425.90000000,0.231
1749265431,0.22960000,2783.70000000,0.231
1749265431,0.22950000,40397.40000000,0.231
1749265431,0.22940000,2575.90000000,0.231
1749265431,0.22930000,8569.10000000,0.231
1749265431,0.22920000,990.00000000,0.231
1749265431,0.22910000,5275.40000000,0.231
1749265431,0.22900000,5340.90000000,0.231
1749265431,0.22890000,6354.20000000,0.231
1749265431,0.22880000,2950.00000000,0.231
1749265431,0.22870000,5275.40000000,0.231
1749265431,0.22850000,6149.60000000,0.231
1749265431,0.22830000,5275.40000000,0.231
1749265431,0.22820000,4326.70000000,0.231
1749265431,0.22810000,10580.80000000,0.231
1749265431,0.22790000,4285.40000000,0.231
1749265431,0.22780000,116.10000000,0.231
1749265431,0.22770000,4285.40000000,0.231
1749265431,0.22750000,8330.30000000,0.231
1749265431,0.22720000,879.20000000,0.231
1749265431,0.22710000,2460.80000000,0.231
1749265431,0.22700000,2713.70000000,0.231
1749265431,0.22640000,882.30000000,0.231
1749265431,0.22630000,185.30000000,0.231
1749265431,0.22620000,221.00000000,0.231
1749265431,0.22590000,48.60000000,0.231
1749265431,0.22560000,4460.00000000,0.231
1749265431,0.22410000,79.70000000,0.231
1749265431,0.22370000,48.70000000,0.231
1749265431,0.22360000,187.60000000,0.231
1749265431,0.22330000,110558.10000000,0.231
1749265431,0.22320000,15340.40000000,0.231
1749265431,0.22190000,201.20000000,0.231
1749265431,0.22140000,26.80000000,0.231
1749265431,0.22100000,200.00000000,0.231
1749265431,0.22090000,871.90000000,0.231
1749265431,0.22060000,10000.00000000,0.231
1749265431,0.22030000,690.30000000,0.231
1749265431,0.22000000,1845.90000000,0.231
1749265431,0.21990000,25.00000000,0.231
1749265431,0.21830000,132.20000000,0.231
1749265431,0.21820000,192.20000000,0.231
1749265431,0.21780000,303.40000000,0.231
1749265431,0.21750000,80.00000000,0.231
1749265431,0.21730000,230.00000000,0.231
1749265431,0.21710000,25.40000000,0.231
1749265431,0.21680000,230.90000000,0.231
1749265431,0.21580000,133.50000000,0.231
1749265431,0.21560000,194.50000000,0.231
1749265431,0.21510000,136.40000000,0.231
1749265431,0.21500000,70.00000000,0.231
1749265431,0.21420000,2345.70000000,0.231
1749265431,0.21380000,136.30000000,0.231
1749265431,0.21370000,48.70000000,0.231
1749265431,0.21330000,3280.90000000,0.231
1749265431,0.21310000,3280.90000000,0.231
1749265431,0.21290000,3280.90000000,0.231
1749265431,0.21270000,3280.90000000,0.231
1749265431,0.21250000,3280.90000000,0.231
1749265431,0.21180000,299.70000000,0.231
1749265431,0.21110000,155.00000000,0.231
1749265431,0.21010000,951.90000000,0.231
1749265431,0.21000000,949.90000000,0.231
1749265431,0.20910000,239.10000000,0.231
1749265431,0.20740000,105.20000000,0.231
1749265431,0.20630000,263.70000000,0.231
1749265431,0.20370000,48.70000000,0.231
1749265431,0.20260000,49.30000000,0.231
1749265431,0.20190000,27.70000000,0.231
1749265431,0.20060000,448.60000000,0.231
1749265431,0.20050000,199.80000000,0.231
1749265431,0.20000000,1105.50000000,0.231
1749265431,0.19930000,28.10000000,0.231
1749265431,0.19900000,35.10000000,0.231
1749265431,0.19870000,30.50000000,0.231
1749265431,0.19750000,101.20000000,0.231
1749265431,0.19650000,509.30000000,0.231
1749265431,0.19400000,26.20000000,0.231
1749265431,0.19360000,48.70000000,0.231
1749265431,0.19280000,150.00000000,0.231
1749265431,0.19000000,1014.10000000,0.231
1749265431,0.18880000,26.50000000,0.231
1749265431,0.18510000,518.70000000,0.231
1749265431,0.18470000,32.50000000,0.231
1749265431,0.18360000,48.70000000,0.231
1749265431,0.18200000,494.50000000,0.231
1749265431,0.18040000,27.80000000,0.231
1749265431,0.18000000,117.20000000,0.231
1749265732,0.23090000,3661.70000000,0.231
1749265732,0.23080000,5819.70000000,0.231
1749265732,0.23070000,17597.50000000,0.231
1749265732,0.23060000,12378.50000000,0.231
1749265732,0.23050000,14243.00000000,0.231
1749265732,0.23040000,4968.20000000,0.231
1749265732,0.23030000,9711.20000000,0.231
1749265732,0.23020000,8352.30000000,0.231
1749265732,0.23010000,7891.70000000,0.231
1749265732,0.23000000,23524.60000000,0.231
1749265732,0.22990000,20990.60000000,0.231
1749265732,0.22980000,2980.80000000,0.231
1749265732,0.22970000,26346.40000000,0.231
1749265732,0.22960000,8149.80000000,0.231
1749265732,0.22950000,6859.50000000,0.231
1749265732,0.22940000,6052.90000000,0.231
1749265732,0.22930000,5275.40000000,0.231
1749265732,0.22920000,990.00000000,0.231
1749265732,0.22910000,5275.40000000,0.231
1749265732,0.22900000,990.00000000,0.231
1749265732,0.22890000,5275.40000000,0.231
1749265732,0.22880000,7265.30000000,0.231
1749265732,0.22870000,11554.20000000,0.231
1749265732,0.22850000,6149.60000000,0.231
1749265732,0.22830000,5275.40000000,0.231
1749265732,0.22810000,4285.40000000,0.231
1749265732,0.22790000,5161.90000000,0.231
1749265732,0.22780000,116.10000000,0.231
1749265732,0.22770000,565.10000000,0.231
1749265732,0.22760000,2706.50000000,0.231
1749265732,0.22750000,8330.30000000,0.231
1749265732,0.22710000,2460.80000000,0.231
1749265732,0.22640000,882.30000000,0.231
1749265732,0.22630000,185.30000000,0.231
1749265732,0.22620000,221.00000000,0.231
1749265732,0.22600000,4460.00000000,0.231
1749265732,0.22590000,48.60000000,0.231
1749265732,0.22410000,79.70000000,0.231
1749265732,0.22370000,48.70000000,0.231
1749265732,0.22360000,187.60000000,0.231
1749265732,0.22330000,110558.10000000,0.231
1749265732,0.22320000,15340.40000000,0.231
1749265732,0.22190000,201.20000000,0.231
1749265732,0.22140000,26.80000000,0.231
1749265732,0.22100000,200.00000000,0.231
1749265732,0.22090000,871.90000000,0.231
1749265732,0.22060000,10000.00000000,0.231
1749265732,0.22030000,690.30000000,0.231
1749265732,0.22000000,1845.90000000,0.231
1749265732,0.21990000,25.00000000,0.231
1749265732,0.21830000,132.20000000,0.231
1749265732,0.21820000,192.20000000,0.231
1749265732,0.21780000,303.40000000,0.231
1749265732,0.21750000,80.00000000,0.231
1749265732,0.21730000,230.00000000,0.231
1749265732,0.21710000,25.40000000,0.231
1749265732,0.21680000,230.90000000,0.231
1749265732,0.21580000,133.50000000,0.231
1749265732,0.21560000,194.50000000,0.231
1749265732,0.21510000,136.40000000,0.231
1749265732,0.21500000,70.00000000,0.231
1749265732,0.21420000,2345.70000000,0.231
1749265732,0.21380000,136.30000000,0.231
1749265732,0.21370000,48.70000000,0.231
1749265732,0.21330000,3280.90000000,0.231
1749265732,0.21310000,3280.90000000,0.231
1749265732,0.21290000,3280.90000000,0.231
1749265732,0.21270000,3280.90000000,0.231
1749265732,0.21250000,3280.90000000,0.231
1749265732,0.21180000,299.70000000,0.231
1749265732,0.21110000,155.00000000,0.231
1749265732,0.21010000,951.90000000,0.231
1749265732,0.21000000,949.90000000,0.231
1749265732,0.20910000,239.10000000,0.231
1749265732,0.20740000,105.20000000,0.231
1749265732,0.20630000,263.70000000,0.231
1749265732,0.20370000,48.70000000,0.231
1749265732,0.20260000,49.30000000,0.231
1749265732,0.20190000,27.70000000,0.231
1749265732,0.20060000,448.60000000,0.231
1749265732,0.20050000,199.80000000,0.231
1749265732,0.20000000,1105.50000000,0.231
1749265732,0.19930000,28.10000000,0.231
1749265732,0.19900000,35.10000000,0.231
1749265732,0.19870000,30.50000000,0.231
1749265732,0.19750000,101.20000000,0.231
1749265732,0.19650000,509.30000000,0.231
1749265732,0.19400000,26.20000000,0.231
1749265732,0.19360000,48.70000000,0.231
1749265732,0.19280000,150.00000000,0.231
1749265732,0.19000000,1014.10000000,0.231
1749265732,0.18880000,26.50000000,0.231
1749265732,0.18510000,518.70000000,0.231
1749265732,0.18470000,32.50000000,0.231
1749265732,0.18360000,48.70000000,0.231
1749265732,0.18200000,494.50000000,0.231
1749265732,0.18040000,27.80000000,0.231
1749265732,0.18000000,117.20000000,0.231
1749265732,0.17770000,77.00000000,0.231
1749265732,0.17650000,5665.70000000,0.231
1749266033,0.23110000,4277.30000000,0.2311
1749266033,0.23100000,4393.10000000,0.2311
1749266033,0.23090000,11171.20000000,0.2311
1749266033,0.23080000,19228.70000000,0.2311
1749266033,0.23070000,19932.60000000,0.2311
1749266033,0.23060000,16448.10000000,0.2311
1749266033,0.23050000,6396.40000000,0.2311
1749266033,0.23040000,5320.60000000,0.2311
1749266033,0.23030000,25723.90000000,0.2311
1749266033,0.23020000,10687.80000000,0.2311
1749266033,0.23010000,7298.10000000,0.2311
1749266033,0.23000000,17847.30000000,0.2311
1749266033,0.22990000,14158.40000000,0.2311
1749266033,0.22980000,2573.40000000,0.2311
1749266033,0.22970000,8344.20000000,0.2311
1749266033,0.22960000,6149.70000000,0.2311
1749266033,0.22950000,5275.40000000,0.2311
1749266033,0.22940000,5334.30000000,0.2311
1749266033,0.22930000,5275.40000000,0.2311
1749266033,0.22920000,1861.50000000,0.2311
1749266033,0.22910000,5275.40000000,0.2311
1749266033,0.22900000,990.00000000,0.2311
1749266033,0.22890000,5275.40000000,0.2311
1749266033,0.22880000,7265.30000000,0.2311
1749266033,0.22870000,10564.20000000,0.2311
1749266033,0.22850000,4285.40000000,0.2311
1749266033,0.22830000,4285.40000000,0.2311
1749266033,0.22810000,4285.40000000,0.2311
1749266033,0.22790000,5161.90000000,0.2311
1749266033,0.22780000,116.10000000,0.2311
1749266033,0.22770000,565.10000000,0.2311
1749266033,0.22760000,2706.50000000,0.2311
1749266033,0.22750000,8330.30000000,0.2311
1749266033,0.22710000,2460.80000000,0.2311
1749266033,0.22700000,880.00000000,0.2311
1749266033,0.22630000,185.30000000,0.2311
1749266033,0.22620000,221.00000000,0.2311
1749266033,0.22590000,4508.60000000,0.2311
1749266033,0.22410000,79.70000000,0.2311
1749266033,0.22370000,48.70000000,0.2311
1749266033,0.22360000,187.60000000,0.2311
1749266033,0.22330000,110558.10000000,0.2311
1749266033,0.22320000,15340.40000000,0.2311
1749266033,0.22190000,201.20000000,0.2311
1749266033,0.22140000,26.80000000,0.2311
1749266033,0.22100000,881.70000000,0.2311
1749266033,0.22090000,189.90000000,0.2311
1749266033,0.22060000,10000.00000000,0.2311
1749266033,0.22030000,690.30000000,0.2311
1749266033,0.22000000,1845.90000000,0.2311
1749266033,0.21990000,25.00000000,0.2311
1749266033,0.21830000,132.20000000,0.2311
1749266033,0.21820000,192.20000000,0.2311
1749266033,0.21780000,303.40000000,0.2311
1749266033,0.21750000,80.00000000,0.2311
1749266033,0.21730000,230.00000000,0.2311
1749266033,0.21710000,25.40000000,0.2311
1749266033,0.21680000,230.90000000,0.2311
1749266033,0.21580000,133.50000000,0.2311
1749266033,0.21560000,194.50000000,0.2311
1749266033,0.21510000,136.40000000,0.2311
1749266033,0.21500000,70.00000000,0.2311
1749266033,0.21420000,2345.70000000,0.2311
1749266033,0.21380000,136.30000000,0.2311
1749266033,0.21370000,48.70000000,0.2311
1749266033,0.21330000,3280.90000000,0.2311
1749266033,0.21310000,3280.90000000,0.2311
1749266033,0.21290000,3280.90000000,0.2311
1749266033,0.21270000,3280.90000000,0.2311
1749266033,0.21250000,3280.90000000,0.2311
1749266033,0.21180000,299.70000000,0.2311
1749266033,0.21110000,155.00000000,0.2311
1749266033,0.21010000,951.90000000,0.2311
1749266033,0.21000000,949.90000000,0.2311
1749266033,0.20910000,239.10000000,0.2311
1749266033,0.20780000,105.20000000,0.2311
1749266033,0.20630000,263.70000000,0.2311
1749266033,0.20370000,48.70000000,0.2311
1749266033,0.20260000,49.30000000,0.2311
1749266033,0.20190000,27.70000000,0.2311
1749266033,0.20060000,448.60000000,0.2311
1749266033,0.20050000,199.80000000,0.2311
1749266033,0.20000000,1105.50000000,0.2311
1749266033,0.19930000,28.10000000,0.2311
1749266033,0.19900000,35.10000000,0.2311
1749266033,0.19870000,30.50000000,0.2311
1749266033,0.19750000,101.20000000,0.2311
1749266033,0.19650000,509.30000000,0.2311
1749266033,0.19400000,26.20000000,0.2311
1749266033,0.19360000,48.70000000,0.2311
1749266033,0.19280000,150.00000000,0.2311
1749266033,0.19000000,1014.10000000,0.2311
1749266033,0.18880000,26.50000000,0.2311
1749266033,0.18510000,518.70000000,0.2311
1749266033,0.18470000,32.50000000,0.2311
1749266033,0.18360000,48.70000000,0.2311
1749266033,0.18200000,494.50000000,0.2311
1749266033,0.18040000,27.80000000,0.2311
1749266033,0.18000000,117.20000000,0.2311
1749266033,0.17770000,77.00000000,0.2311
1749266335,0.23110000,4659.10000000,0.2314
1749266335,0.23100000,4538.50000000,0.2314
1749266335,0.23090000,11313.40000000,0.2314
1749266335,0.23080000,17152.40000000,0.2314
1749266335,0.23070000,33093.60000000,0.2314
1749266335,0.23060000,11636.10000000,0.2314
1749266335,0.23050000,12699.70000000,0.2314
1749266335,0.23040000,22655.00000000,0.2314
1749266335,0.23030000,8457.60000000,0.2314
1749266335,0.23020000,5740.60000000,0.2314
1749266335,0.23010000,9552.30000000,0.2314
1749266335,0.23000000,22180.30000000,0.2314
1749266335,0.22990000,10304.10000000,0.2314
1749266335,0.22980000,1710.90000000,0.2314
1749266335,0.22970000,5275.40000000,0.2314
1749266335,0.22960000,2783.60000000,0.2314
1749266335,0.22950000,5275.40000000,0.2314
1749266335,0.22940000,990.00000000,0.2314
1749266335,0.22930000,5275.40000000,0.2314
1749266335,0.22920000,1861.50000000,0.2314
1749266335,0.22910000,5275.40000000,0.2314
1749266335,0.22900000,1105.30000000,0.2314
1749266335,0.22890000,5275.40000000,0.2314
1749266335,0.22880000,7265.30000000,0.2314
1749266335,0.22870000,10564.20000000,0.2314
1749266335,0.22860000,873.80000000,0.2314
1749266335,0.22850000,4285.40000000,0.2314
1749266335,0.22830000,4285.40000000,0.2314
1749266335,0.22810000,4285.40000000,0.2314
1749266335,0.22770000,565.10000000,0.2314
1749266335,0.22760000,2706.50000000,0.2314
1749266335,0.22750000,8330.30000000,0.2314
1749266335,0.22710000,2460.80000000,0.2314
1749266335,0.22700000,880.00000000,0.2314
1749266335,0.22630000,185.30000000,0.2314
1749266335,0.22620000,4681.00000000,0.2314
1749266335,0.22590000,48.60000000,0.2314
1749266335,0.22410000,79.70000000,0.2314
1749266335,0.22370000,48.70000000,0.2314
1749266335,0.22360000,187.60000000,0.2314
1749266335,0.22330000,110558.10000000,0.2314
1749266335,0.22320000,15340.40000000,0.2314
1749266335,0.22190000,201.20000000,0.2314
1749266335,0.22140000,707.50000000,0.2314
1749266335,0.22100000,200.00000000,0.2314
1749266335,0.22090000,189.90000000,0.2314
1749266335,0.22060000,10000.00000000,0.2314
1749266335,0.22030000,690.30000000,0.2314
1749266335,0.22000000,1845.90000000,0.2314
1749266335,0.21990000,25.00000000,0.2314
1749266335,0.21830000,132.20000000,0.2314
1749266335,0.21820000,192.20000000,0.2314
1749266335,0.21780000,303.40000000,0.2314
1749266335,0.21750000,80.00000000,0.2314
1749266335,0.21730000,230.00000000,0.2314
1749266335,0.21710000,25.40000000,0.2314
1749266335,0.21680000,230.90000000,0.2314
1749266335,0.21580000,133.50000000,0.2314
1749266335,0.21560000,194.50000000,0.2314
1749266335,0.21510000,136.40000000,0.2314
1749266335,0.21500000,70.00000000,0.2314
1749266335,0.21420000,2345.70000000,0.2314
1749266335,0.21380000,136.30000000,0.2314
1749266335,0.21370000,48.70000000,0.2314
1749266335,0.21330000,3280.90000000,0.2314
1749266335,0.21310000,3280.90000000,0.2314
1749266335,0.21290000,3280.90000000,0.2314
1749266335,0.21270000,3280.90000000,0.2314
1749266335,0.21250000,3280.90000000,0.2314
1749266335,0.21180000,299.70000000,0.2314
1749266335,0.21110000,155.00000000,0.2314
1749266335,0.21010000,951.90000000,0.2314
1749266335,0.21000000,949.90000000,0.2314
1749266335,0.20910000,239.10000000,0.2314
1749266335,0.20780000,105.20000000,0.2314
1749266335,0.20630000,263.70000000,0.2314
1749266335,0.20370000,48.70000000,0.2314
1749266335,0.20260000,49.30000000,0.2314
1749266335,0.20190000,27.70000000,0.2314
1749266335,0.20060000,448.60000000,0.2314
1749266335,0.20050000,199.80000000,0.2314
1749266335,0.20000000,1105.50000000,0.2314
1749266335,0.19930000,28.10000000,0.2314
1749266335,0.19900000,35.10000000,0.2314
1749266335,0.19870000,30.50000000,0.2314
1749266335,0.19750000,101.20000000,0.2314
1749266335,0.19650000,509.30000000,0.2314
1749266335,0.19400000,26.20000000,0.2314
1749266335,0.19360000,48.70000000,0.2314
1749266335,0.19280000,150.00000000,0.2314
1749266335,0.19000000,1014.10000000,0.2314
1749266335,0.18880000,26.50000000,0.2314
1749266335,0.18510000,518.70000000,0.2314
1749266335,0.18470000,32.50000000,0.2314
1749266335,0.18360000,48.70000000,0.2314
1749266335,0.18200000,494.50000000,0.2314
1749266335,0.18040000,27.80000000,0.2314
1749266335,0.18000000,117.20000000,0.2314
1749266335,0.17770000,77.00000000,0.2314
1749266335,0.17650000,5665.70000000,0.2314
1749266645,0.23130000,3335.30000000,0.2311
1749266645,0.23120000,5703.80000000,0.2311
1749266645,0.23110000,11441.70000000,0.2311
1749266645,0.23100000,6296.50000000,0.2311
1749266645,0.23090000,18109.50000000,0.2311
1749266645,0.23080000,11107.40000000,0.2311
1749266645,0.23070000,6760.10000000,0.2311
1749266645,0.23060000,13610.10000000,0.2311
1749266645,0.23050000,6396.40000000,0.2311
1749266645,0.23040000,25134.00000000,0.2311
1749266645,0.23030000,8458.10000000,0.2311
1749266645,0.23020000,12503.80000000,0.2311
1749266645,0.23010000,10100.20000000,0.2311
1749266645,0.23000000,18820.60000000,0.2311
1749266645,0.22990000,15650.50000000,0.2311
1749266645,0.22980000,2573.40000000,0.2311
1749266645,0.22970000,5275.40000000,0.2311
1749266645,0.22960000,2065.50000000,0.2311
1749266645,0.22950000,5275.40000000,0.2311
1749266645,0.22940000,5334.30000000,0.2311
1749266645,0.22930000,5275.40000000,0.2311
1749266645,0.22920000,990.00000000,0.2311
1749266645,0.22910000,5275.40000000,0.2311
1749266645,0.22900000,1105.30000000,0.2311
1749266645,0.22890000,5275.40000000,0.2311
1749266645,0.22880000,6275.30000000,0.2311
1749266645,0.22870000,11437.70000000,0.2311
1749266645,0.22850000,4285.40000000,0.2311
1749266645,0.22830000,4285.40000000,0.2311
1749266645,0.22810000,4285.40000000,0.2311
1749266645,0.22800000,876.10000000,0.2311
1749266645,0.22770000,565.10000000,0.2311
1749266645,0.22760000,2706.50000000,0.2311
1749266645,0.22750000,8330.30000000,0.2311
1749266645,0.22710000,2460.80000000,0.2311
1749266645,0.22700000,880.00000000,0.2311
1749266645,0.22630000,185.30000000,0.2311
1749266645,0.22620000,221.00000000,0.2311
1749266645,0.22590000,48.60000000,0.2311
1749266645,0.22580000,4460.00000000,0.2311
1749266645,0.22410000,79.70000000,0.2311
1749266645,0.22370000,48.70000000,0.2311
1749266645,0.22360000,187.60000000,0.2311
1749266645,0.22330000,110528.00000000,0.2311
1749266645,0.22320000,15340.40000000,0.2311
1749266645,0.22190000,201.20000000,0.2311
1749266645,0.22140000,707.50000000,0.2311
1749266645,0.22100000,200.00000000,0.2311
1749266645,0.22090000,189.90000000,0.2311
1749266645,0.22060000,10000.00000000,0.2311
1749266645,0.22030000,690.30000000,0.2311
1749266645,0.22000000,1845.90000000,0.2311
1749266645,0.21990000,25.00000000,0.2311
1749266645,0.21830000,132.20000000,0.2311
1749266645,0.21820000,192.20000000,0.2311
1749266645,0.21780000,303.40000000,0.2311
1749266645,0.21750000,80.00000000,0.2311
1749266645,0.21730000,230.00000000,0.2311
1749266645,0.21710000,25.40000000,0.2311
1749266645,0.21680000,230.90000000,0.2311
1749266645,0.21580000,133.50000000,0.2311
1749266645,0.21560000,194.50000000,0.2311
1749266645,0.21510000,136.40000000,0.2311
1749266645,0.21500000,70.00000000,0.2311
1749266645,0.21420000,2345.70000000,0.2311
1749266645,0.21380000,136.30000000,0.2311
1749266645,0.21370000,48.70000000,0.2311
1749266645,0.21330000,3280.90000000,0.2311
1749266645,0.21310000,3280.90000000,0.2311
1749266645,0.21290000,3280.90000000,0.2311
1749266645,0.21270000,3280.90000000,0.2311
1749266645,0.21250000,3280.90000000,0.2311
1749266645,0.21180000,299.70000000,0.2311
1749266645,0.21110000,155.00000000,0.2311
1749266645,0.21010000,951.90000000,0.2311
1749266645,0.21000000,949.90000000,0.2311
1749266645,0.20910000,239.10000000,0.2311
1749266645,0.20800000,105.20000000,0.2311
1749266645,0.20630000,263.70000000,0.2311
1749266645,0.20370000,48.70000000,0.2311
1749266645,0.20260000,49.30000000,0.2311
1749266645,0.20190000,27.70000000,0.2311
1749266645,0.20060000,448.60000000,0.2311
1749266645,0.20050000,199.80000000,0.2311
1749266645,0.20000000,1105.50000000,0.2311
1749266645,0.19930000,28.10000000,0.2311
1749266645,0.19900000,35.10000000,0.2311
1749266645,0.19870000,30.50000000,0.2311
1749266645,0.19750000,101.20000000,0.2311
1749266645,0.19650000,509.30000000,0.2311
1749266645,0.19400000,26.20000000,0.2311
1749266645,0.19360000,48.70000000,0.2311
1749266645,0.19280000,150.00000000,0.2311
1749266645,0.19000000,1014.10000000,0.2311
1749266645,0.18880000,26.50000000,0.2311
1749266645,0.18510000,518.70000000,0.2311
1749266645,0.18470000,32.50000000,0.2311
1749266645,0.18360000,48.70000000,0.2311
1749266645,0.18200000,494.50000000,0.2311
1749266645,0.18040000,27.80000000,0.2311
1749266946,0.23130000,1980.00000000,0.2315
1749266946,0.23120000,7455.80000000,0.2315
1749266946,0.23110000,17437.30000000,0.2315
1749266946,0.23100000,15995.80000000,0.2315
1749266946,0.23090000,25347.30000000,0.2315
1749266946,0.23080000,2114.50000000,0.2315
1749266946,0.23070000,7591.60000000,0.2315
1749266946,0.23060000,10084.20000000,0.2315
1749266946,0.23050000,15665.90000000,0.2315
1749266946,0.23040000,26525.80000000,0.2315
1749266946,0.23030000,11393.70000000,0.2315
1749266946,0.23020000,24060.90000000,0.2315
1749266946,0.23010000,7762.90000000,0.2315
1749266946,0.23000000,1706.90000000,0.2315
1749266946,0.22990000,5275.40000000,0.2315
1749266946,0.22980000,1707.20000000,0.2315
1749266946,0.22970000,5275.40000000,0.2315
1749266946,0.22960000,2065.50000000,0.2315
1749266946,0.22950000,5275.40000000,0.2315
1749266946,0.22940000,5334.30000000,0.2315
1749266946,0.22930000,10447.80000000,0.2315
1749266946,0.22920000,990.00000000,0.2315
1749266946,0.22910000,5275.40000000,0.2315
1749266946,0.22900000,115.30000000,0.2315
1749266946,0.22890000,5275.40000000,0.2315
1749266946,0.22880000,6275.30000000,0.2315
1749266946,0.22870000,6251.70000000,0.2315
1749266946,0.22850000,5159.60000000,0.2315
1749266946,0.22830000,4285.40000000,0.2315
1749266946,0.22820000,8169.70000000,0.2315
1749266946,0.22800000,564.20000000,0.2315
1749266946,0.22760000,2706.50000000,0.2315
1749266946,0.22710000,2460.80000000,0.2315
1749266946,0.22700000,880.00000000,0.2315
1749266946,0.22630000,185.30000000,0.2315
1749266946,0.22620000,221.00000000,0.2315
1749266946,0.22590000,48.60000000,0.2315
1749266946,0.22470000,110139.60000000,0.2315
1749266946,0.22460000,15369.30000000,0.2315
1749266946,0.22410000,79.70000000,0.2315
1749266946,0.22370000,48.70000000,0.2315
1749266946,0.22360000,187.60000000,0.2315
1749266946,0.22190000,201.20000000,0.2315
1749266946,0.22140000,707.30000000,0.2315
1749266946,0.22100000,200.00000000,0.2315
1749266946,0.22090000,189.90000000,0.2315
1749266946,0.22060000,10000.00000000,0.2315
1749266946,0.22030000,690.30000000,0.2315
1749266946,0.22000000,1845.90000000,0.2315
1749266946,0.21990000,25.00000000,0.2315
1749266946,0.21830000,132.20000000,0.2315
1749266946,0.21820000,192.20000000,0.2315
1749266946,0.21780000,303.40000000,0.2315
1749266946,0.21750000,80.00000000,0.2315
1749266946,0.21730000,230.00000000,0.2315
1749266946,0.21710000,25.40000000,0.2315
1749266946,0.21680000,230.90000000,0.2315
1749266946,0.21580000,133.50000000,0.2315
1749266946,0.21560000,194.50000000,0.2315
1749266946,0.21510000,136.40000000,0.2315
1749266946,0.21500000,70.00000000,0.2315
1749266946,0.21420000,2345.70000000,0.2315
1749266946,0.21380000,136.30000000,0.2315
1749266946,0.21370000,48.70000000,0.2315
1749266946,0.21330000,3280.90000000,0.2315
1749266946,0.21310000,3280.90000000,0.2315
1749266946,0.21290000,3280.90000000,0.2315
1749266946,0.21270000,3280.90000000,0.2315
1749266946,0.21250000,3280.90000000,0.2315
1749266946,0.21180000,299.70000000,0.2315
1749266946,0.21110000,155.00000000,0.2315
1749266946,0.21010000,951.90000000,0.2315
1749266946,0.21000000,949.90000000,0.2315
1749266946,0.20910000,239.10000000,0.2315
1749266946,0.20830000,104.80000000,0.2315
1749266946,0.20630000,263.70000000,0.2315
1749266946,0.20370000,48.70000000,0.2315
1749266946,0.20260000,49.30000000,0.2315
1749266946,0.20190000,27.70000000,0.2315
1749266946,0.20060000,448.60000000,0.2315
1749266946,0.20050000,199.80000000,0.2315
1749266946,0.20000000,1105.50000000,0.2315
1749266946,0.19930000,28.10000000,0.2315
1749266946,0.19900000,35.10000000,0.2315
1749266946,0.19870000,30.50000000,0.2315
1749266946,0.19750000,101.20000000,0.2315
1749266946,0.19650000,509.30000000,0.2315
1749266946,0.19400000,26.20000000,0.2315
1749266946,0.19360000,48.70000000,0.2315
1749266946,0.19280000,150.00000000,0.2315
1749266946,0.19000000,1014.10000000,0.2315
1749266946,0.18880000,26.50000000,0.2315
1749266946,0.18510000,518.70000000,0.2315
1749266946,0.18470000,32.50000000,0.2315
1749266946,0.18360000,48.70000000,0.2315
1749266946,0.18200000,494.50000000,0.2315
1749266946,0.18040000,27.80000000,0.2315
1749266946,0.18000000,117.20000000,0.2315
1749266946,0.17770000,77.00000000,0.2315
1749266946,0.17650000,5665.70000000,0.2315
1749267248,0.23090000,12477.00000000,0.2313
1749267248,0.23080000,13904.40000000,0.2313
1749267248,0.23070000,14941.20000000,0.2313
1749267248,0.23060000,6863.80000000,0.2313
1749267248,0.23050000,17150.80000000,0.2313
1749267248,0.23040000,2475.20000000,0.2313
1749267248,0.23030000,14283.30000000,0.2313
1749267248,0.23020000,7387.90000000,0.2313
1749267248,0.23010000,25946.60000000,0.2313
1749267248,0.23000000,8918.10000000,0.2313
1749267248,0.22990000,12313.20000000,0.2313
1749267248,0.22980000,2930.30000000,0.2313
1749267248,0.22970000,22406.80000000,0.2313
1749267248,0.22960000,6108.90000000,0.2313
1749267248,0.22950000,5993.50000000,0.2313
1749267248,0.22940000,5334.30000000,0.2313
1749267248,0.22930000,9576.60000000,0.2313
1749267248,0.22920000,990.00000000,0.2313
1749267248,0.22910000,5275.40000000,0.2313
1749267248,0.22900000,115.30000000,0.2313
1749267248,0.22890000,5275.40000000,0.2313
1749267248,0.22880000,8138.40000000,0.2313
1749267248,0.22870000,7241.70000000,0.2313
1749267248,0.22850000,5275.40000000,0.2313
1749267248,0.22830000,4285.40000000,0.2313
1749267248,0.22820000,8169.70000000,0.2313
1749267248,0.22800000,1440.30000000,0.2313
1749267248,0.22760000,2706.50000000,0.2313
1749267248,0.22710000,2460.80000000,0.2313
1749267248,0.22700000,880.00000000,0.2313
1749267248,0.22630000,185.30000000,0.2313
1749267248,0.22620000,221.00000000,0.2313
1749267248,0.22590000,4508.60000000,0.2313
1749267248,0.22470000,110139.60000000,0.2313
1749267248,0.22460000,15369.30000000,0.2313
1749267248,0.22410000,79.70000000,0.2313
1749267248,0.22370000,48.70000000,0.2313
1749267248,0.22360000,187.60000000,0.2313
1749267248,0.22190000,201.20000000,0.2313
1749267248,0.22140000,26.80000000,0.2313
1749267248,0.22100000,882.10000000,0.2313
1749267248,0.22090000,189.90000000,0.2313
1749267248,0.22060000,10000.00000000,0.2313
1749267248,0.22030000,690.30000000,0.2313
1749267248,0.22000000,1845.90000000,0.2313
1749267248,0.21990000,25.00000000,0.2313
1749267248,0.21830000,132.20000000,0.2313
1749267248,0.21820000,192.20000000,0.2313
1749267248,0.21780000,303.40000000,0.2313
1749267248,0.21750000,80.00000000,0.2313
1749267248,0.21730000,230.00000000,0.2313
1749267248,0.21710000,25.40000000,0.2313
1749267248,0.21680000,230.90000000,0.2313
1749267248,0.21580000,133.50000000,0.2313
1749267248,0.21560000,194.50000000,0.2313
1749267248,0.21510000,136.40000000,0.2313
1749267248,0.21500000,70.00000000,0.2313
1749267248,0.21420000,2345.70000000,0.2313
1749267248,0.21380000,136.30000000,0.2313
1749267248,0.21370000,48.70000000,0.2313
1749267248,0.21330000,3280.90000000,0.2313
1749267248,0.21310000,3280.90000000,0.2313
1749267248,0.21290000,3280.90000000,0.2313
1749267248,0.21270000,3280.90000000,0.2313
1749267248,0.21250000,3280.90000000,0.2313
1749267248,0.21180000,299.70000000,0.2313
1749267248,0.21110000,155.00000000,0.2313
1749267248,0.21010000,951.90000000,0.2313
1749267248,0.21000000,949.90000000,0.2313
1749267248,0.20910000,239.10000000,0.2313
1749267248,0.20830000,104.80000000,0.2313
1749267248,0.20630000,263.70000000,0.2313
1749267248,0.20370000,48.70000000,0.2313
1749267248,0.20260000,49.30000000,0.2313
1749267248,0.20190000,27.70000000,0.2313
1749267248,0.20060000,448.60000000,0.2313
1749267248,0.20050000,199.80000000,0.2313
1749267248,0.20000000,1105.50000000,0.2313
1749267248,0.19930000,28.10000000,0.2313
1749267248,0.19900000,35.10000000,0.2313
1749267248,0.19870000,30.50000000,0.2313
1749267248,0.19750000,101.20000000,0.2313
1749267248,0.19650000,509.30000000,0.2313
1749267248,0.19400000,26.20000000,0.2313
1749267248,0.19360000,48.70000000,0.2313
1749267248,0.19280000,150.00000000,0.2313
1749267248,0.19000000,1014.10000000,0.2313
1749267248,0.18880000,26.50000000,0.2313
1749267248,0.18510000,518.70000000,0.2313
1749267248,0.18470000,32.50000000,0.2313
1749267248,0.18360000,48.70000000,0.2313
1749267248,0.18200000,494.50000000,0.2313
1749267248,0.18040000,27.80000000,0.2313
1749267248,0.18000000,117.20000000,0.2313
1749267248,0.17770000,77.00000000,0.2313
1749267248,0.17650000,5665.70000000,0.2313
1749267248,0.17360000,48.70000000,0.2313
1749267248,0.17330000,28.90000000,0.2313
1749267248,0.17230000,415.50000000,0.2313
1749267248,0.17180000,35.30000000,0.2313
1749267549,0.23120000,1980.00000000,0.2313
1749267549,0.23110000,4335.30000000,0.2313
1749267549,0.23100000,5737.90000000,0.2313
1749267549,0.23090000,13332.20000000,0.2313
1749267549,0.23080000,13476.80000000,0.2313
1749267549,0.23070000,18335.50000000,0.2313
1749267549,0.23060000,4358.20000000,0.2313
1749267549,0.23050000,24595.10000000,0.2313
1749267549,0.23040000,2475.20000000,0.2313
1749267549,0.23030000,25321.80000000,0.2313
1749267549,0.23020000,7803.50000000,0.2313
1749267549,0.23010000,7762.90000000,0.2313
1749267549,0.23000000,4470.60000000,0.2313
1749267549,0.22990000,31791.60000000,0.2313
1749267549,0.22980000,2569.90000000,0.2313
1749267549,0.22970000,5993.80000000,0.2313
1749267549,0.22960000,2065.50000000,0.2313
1749267549,0.22950000,5275.40000000,0.2313
1749267549,0.22940000,5334.30000000,0.2313
1749267549,0.22930000,5275.40000000,0.2313
1749267549,0.22920000,990.00000000,0.2313
1749267549,0.22910000,5275.40000000,0.2313
1749267549,0.22900000,115.30000000,0.2313
1749267549,0.22890000,5275.40000000,0.2313
1749267549,0.22880000,8138.40000000,0.2313
1749267549,0.22870000,10564.20000000,0.2313
1749267549,0.22850000,4285.40000000,0.2313
1749267549,0.22830000,4285.40000000,0.2313
1749267549,0.22820000,8169.70000000,0.2313
1749267549,0.22800000,1440.30000000,0.2313
1749267549,0.22760000,2706.50000000,0.2313
1749267549,0.22710000,2460.80000000,0.2313
1749267549,0.22700000,880.00000000,0.2313
1749267549,0.22630000,185.30000000,0.2313
1749267549,0.22620000,221.00000000,0.2313
1749267549,0.22590000,48.60000000,0.2313
1749267549,0.22580000,4460.00000000,0.2313
1749267549,0.22470000,110139.60000000,0.2313
1749267549,0.22460000,15369.30000000,0.2313
1749267549,0.22410000,79.70000000,0.2313
1749267549,0.22370000,48.70000000,0.2313
1749267549,0.22360000,187.60000000,0.2313
1749267549,0.22190000,201.20000000,0.2313
1749267549,0.22140000,26.80000000,0.2313
1749267549,0.22100000,882.50000000,0.2313
1749267549,0.22090000,189.90000000,0.2313
1749267549,0.22060000,10000.00000000,0.2313
1749267549,0.22030000,690.30000000,0.2313
1749267549,0.22000000,1845.90000000,0.2313
1749267549,0.21990000,25.00000000,0.2313
1749267549,0.21830000,132.20000000,0.2313
1749267549,0.21820000,192.20000000,0.2313
1749267549,0.21780000,303.40000000,0.2313
1749267549,0.21750000,80.00000000,0.2313
1749267549,0.21730000,230.00000000,0.2313
1749267549,0.21710000,25.40000000,0.2313
1749267549,0.21680000,230.90000000,0.2313
1749267549,0.21580000,133.50000000,0.2313
1749267549,0.21560000,194.50000000,0.2313
1749267549,0.21510000,136.40000000,0.2313
1749267549,0.21500000,70.00000000,0.2313
1749267549,0.21420000,2345.70000000,0.2313
1749267549,0.21380000,136.30000000,0.2313
1749267549,0.21370000,48.70000000,0.2313
1749267549,0.21330000,3280.90000000,0.2313
1749267549,0.21310000,3280.90000000,0.2313
1749267549,0.21290000,3280.90000000,0.2313
1749267549,0.21270000,3280.90000000,0.2313
1749267549,0.21250000,3280.90000000,0.2313
1749267549,0.21180000,299.70000000,0.2313
1749267549,0.21110000,155.00000000,0.2313
1749267549,0.21010000,951.90000000,0.2313
1749267549,0.21000000,949.90000000,0.2313
1749267549,0.20910000,239.10000000,0.2313
1749267549,0.20800000,105.20000000,0.2313
1749267549,0.20630000,263.70000000,0.2313
1749267549,0.20370000,48.70000000,0.2313
1749267549,0.20260000,49.30000000,0.2313
1749267549,0.20190000,27.70000000,0.2313
1749267549,0.20060000,448.60000000,0.2313
1749267549,0.20050000,199.80000000,0.2313
1749267549,0.20000000,1105.50000000,0.2313
1749267549,0.19930000,28.10000000,0.2313
1749267549,0.19900000,35.10000000,0.2313
1749267549,0.19870000,30.50000000,0.2313
1749267549,0.19750000,101.20000000,0.2313
1749267549,0.19650000,509.30000000,0.2313
1749267549,0.19400000,26.20000000,0.2313
1749267549,0.19360000,48.70000000,0.2313
1749267549,0.19280000,150.00000000,0.2313
1749267549,0.19000000,1014.10000000,0.2313
1749267549,0.18880000,26.50000000,0.2313
1749267549,0.18510000,518.70000000,0.2313
1749267549,0.18470000,32.50000000,0.2313
1749267549,0.18360000,48.70000000,0.2313
1749267549,0.18200000,494.50000000,0.2313
1749267549,0.18040000,27.80000000,0.2313
1749267549,0.18000000,117.20000000,0.2313
1749267549,0.17770000,77.00000000,0.2313
1749267549,0.17650000,5665.70000000,0.2313
1749267851,0.23160000,1889.70000000,0.2314
1749267851,0.23150000,3931.20000000,0.2314
1749267851,0.23140000,12241.60000000,0.2314
1749267851,0.23130000,21751.70000000,0.2314
1749267851,0.23120000,4721.20000000,0.2314
1749267851,0.23110000,8386.30000000,0.2314
1749267851,0.23100000,11946.20000000,0.2314
1749267851,0.23090000,8723.10000000,0.2314
1749267851,0.23080000,5416.50000000,0.2314
1749267851,0.23070000,14216.70000000,0.2314
1749267851,0.23060000,21375.50000000,0.2314
1749267851,0.23050000,12699.70000000,0.2314
1749267851,0.23040000,5075.60000000,0.2314
1749267851,0.23030000,23083.00000000,0.2314
1749267851,0.23020000,8720.10000000,0.2314
1749267851,0.23010000,7402.90000000,0.2314
1749267851,0.23000000,990.00000000,0.2314
