timestamp,price,volume,current_price
1749254700,0.22870000,2779.50000000,0.2289
1749254700,0.22860000,5405.80000000,0.2289
1749254700,0.22850000,11721.90000000,0.2289
1749254700,0.22840000,21629.40000000,0.2289
1749254700,0.22830000,23272.30000000,0.2289
1749254700,0.22820000,8807.80000000,0.2289
1749254700,0.22810000,23364.80000000,0.2289
1749254700,0.22800000,5107.30000000,0.2289
1749254700,0.22790000,13435.10000000,0.2289
1749254700,0.22780000,6579.40000000,0.2289
1749254700,0.22770000,24425.00000000,0.2289
1749254700,0.22760000,11672.10000000,0.2289
1749254700,0.22750000,6932.10000000,0.2289
1749254700,0.22740000,5159.30000000,0.2289
1749254700,0.22730000,4069.90000000,0.2289
1749254700,0.22720000,2182.90000000,0.2289
1749254700,0.22710000,6362.70000000,0.2289
1749254700,0.22700000,1099.40000000,0.2289
1749254700,0.22690000,990.00000000,0.2289
1749254700,0.22680000,1099.40000000,0.2289
1749254700,0.22670000,5275.40000000,0.2289
1749254700,0.22660000,109.20000000,0.2289
1749254700,0.22650000,990.00000000,0.2289
1749254700,0.22640000,4477.70000000,0.2289
1749254700,0.22630000,8828.90000000,0.2289
1749254700,0.22620000,221.00000000,0.2289
1749254700,0.22600000,1989.20000000,0.2289
1749254700,0.22590000,4334.00000000,0.2289
1749254700,0.22540000,2730.80000000,0.2289
1749254700,0.22520000,8838.50000000,0.2289
1749254700,0.22470000,903.30000000,0.2289
1749254700,0.22410000,79.70000000,0.2289
1749254700,0.22380000,4460.00000000,0.2289
1749254700,0.22370000,48.70000000,0.2289
1749254700,0.22360000,187.60000000,0.2289
1749254700,0.22260000,911.80000000,0.2289
1749254700,0.22250000,173.60000000,0.2289
1749254700,0.22180000,43383.90000000,0.2289
1749254700,0.22170000,67659.00000000,0.2289
1749254700,0.22160000,15156.40000000,0.2289
1749254700,0.22140000,26.80000000,0.2289
1749254700,0.22100000,200.00000000,0.2289
1749254700,0.22090000,189.90000000,0.2289
1749254700,0.22060000,10000.00000000,0.2289
1749254700,0.22030000,690.30000000,0.2289
1749254700,0.22000000,1845.90000000,0.2289
1749254700,0.21990000,25.00000000,0.2289
1749254700,0.21830000,822.70000000,0.2289
1749254700,0.21820000,192.20000000,0.2289
1749254700,0.21780000,303.40000000,0.2289
1749254700,0.21750000,80.00000000,0.2289
1749254700,0.21730000,230.00000000,0.2289
1749254700,0.21710000,25.40000000,0.2289
1749254700,0.21680000,230.90000000,0.2289
1749254700,0.21580000,133.50000000,0.2289
1749254700,0.21560000,194.50000000,0.2289
1749254700,0.21510000,136.40000000,0.2289
1749254700,0.21500000,70.00000000,0.2289
1749254700,0.21420000,2345.70000000,0.2289
1749254700,0.21380000,136.30000000,0.2289
1749254700,0.21370000,48.70000000,0.2289
1749254700,0.21330000,3280.90000000,0.2289
1749254700,0.21310000,3280.90000000,0.2289
1749254700,0.21290000,3280.90000000,0.2289
1749254700,0.21270000,3280.90000000,0.2289
1749254700,0.21250000,3280.90000000,0.2289
1749254700,0.21180000,299.70000000,0.2289
1749254700,0.21110000,155.00000000,0.2289
1749254700,0.21010000,951.90000000,0.2289
1749254700,0.21000000,949.90000000,0.2289
1749254700,0.20910000,239.10000000,0.2289
1749254700,0.20630000,263.70000000,0.2289
1749254700,0.20570000,106.40000000,0.2289
1749254700,0.20370000,48.70000000,0.2289
1749254700,0.20260000,49.30000000,0.2289
1749254700,0.20190000,27.70000000,0.2289
1749254700,0.20060000,448.60000000,0.2289
1749254700,0.20050000,199.80000000,0.2289
1749254700,0.20000000,1105.50000000,0.2289
1749254700,0.19930000,28.10000000,0.2289
1749254700,0.19900000,35.10000000,0.2289
1749254700,0.19870000,30.50000000,0.2289
1749254700,0.19750000,101.20000000,0.2289
1749254700,0.19650000,509.30000000,0.2289
1749254700,0.19400000,26.20000000,0.2289
1749254700,0.19360000,48.70000000,0.2289
1749254700,0.19280000,150.00000000,0.2289
1749254700,0.19000000,1014.10000000,0.2289
1749254700,0.18880000,26.50000000,0.2289
1749254700,0.18510000,518.70000000,0.2289
1749254700,0.18470000,32.50000000,0.2289
1749254700,0.18360000,48.70000000,0.2289
1749254700,0.18040000,27.80000000,0.2289
1749254700,0.18000000,117.20000000,0.2289
1749254700,0.17770000,77.00000000,0.2289
1749254700,0.17650000,5665.70000000,0.2289
1749254700,0.17360000,48.70000000,0.2289
1749254700,0.17330000,28.90000000,0.2289
1749254700,0.17230000,415.50000000,0.2289
1749254700,0.17180000,35.30000000,0.2289
1749255030,0.22850000,1828.20000000,0.2285
1749255030,0.22840000,9120.10000000,0.2285
1749255030,0.22830000,14613.60000000,0.2285
1749255030,0.22820000,44513.40000000,0.2285
1749255030,0.22810000,11668.60000000,0.2285
1749255030,0.22800000,10156.10000000,0.2285
1749255030,0.22790000,11399.50000000,0.2285
1749255030,0.22780000,3107.60000000,0.2285
1749255030,0.22770000,13473.10000000,0.2285
1749255030,0.22760000,10006.10000000,0.2285
1749255030,0.22750000,6870.50000000,0.2285
1749255030,0.22740000,2808.20000000,0.2285
1749255030,0.22730000,20397.70000000,0.2285
1749255030,0.22720000,2908.20000000,0.2285
1749255030,0.22710000,9653.60000000,0.2285
1749255030,0.22700000,835.40000000,0.2285
1749255030,0.22680000,1099.10000000,0.2285
1749255030,0.22670000,9674.00000000,0.2285
1749255030,0.22660000,109.20000000,0.2285
1749255030,0.22650000,990.00000000,0.2285
1749255030,0.22640000,5576.90000000,0.2285
1749255030,0.22630000,9818.90000000,0.2285
1749255030,0.22620000,221.00000000,0.2285
1749255030,0.22610000,990.00000000,0.2285
1749255030,0.22600000,1989.20000000,0.2285
1749255030,0.22590000,4334.00000000,0.2285
1749255030,0.22570000,570.20000000,0.2285
1749255030,0.22540000,3617.00000000,0.2285
1749255030,0.22520000,8267.10000000,0.2285
1749255030,0.22410000,79.70000000,0.2285
1749255030,0.22370000,48.70000000,0.2285
1749255030,0.22360000,187.60000000,0.2285
1749255030,0.22320000,895.00000000,0.2285
1749255030,0.22250000,173.60000000,0.2285
1749255030,0.22180000,43383.90000000,0.2285
1749255030,0.22170000,67659.00000000,0.2285
1749255030,0.22160000,15156.40000000,0.2285
1749255030,0.22140000,26.80000000,0.2285
1749255030,0.22100000,200.00000000,0.2285
1749255030,0.22090000,189.90000000,0.2285
1749255030,0.22060000,10000.00000000,0.2285
1749255030,0.22030000,690.30000000,0.2285
1749255030,0.22000000,1845.90000000,0.2285
1749255030,0.21990000,25.00000000,0.2285
1749255030,0.21830000,822.70000000,0.2285
1749255030,0.21820000,192.20000000,0.2285
1749255030,0.21780000,303.40000000,0.2285
1749255030,0.21750000,80.00000000,0.2285
1749255030,0.21730000,230.00000000,0.2285
1749255030,0.21710000,25.40000000,0.2285
1749255030,0.21680000,230.90000000,0.2285
1749255030,0.21580000,133.50000000,0.2285
1749255030,0.21560000,194.50000000,0.2285
1749255030,0.21510000,136.40000000,0.2285
1749255030,0.21500000,70.00000000,0.2285
1749255030,0.21420000,2345.70000000,0.2285
1749255030,0.21380000,136.30000000,0.2285
1749255030,0.21370000,48.70000000,0.2285
1749255030,0.21330000,3280.90000000,0.2285
1749255030,0.21310000,3280.90000000,0.2285
1749255030,0.21290000,3280.90000000,0.2285
1749255030,0.21270000,3280.90000000,0.2285
1749255030,0.21250000,3280.90000000,0.2285
1749255030,0.21180000,299.70000000,0.2285
1749255030,0.21110000,155.00000000,0.2285
1749255030,0.21010000,951.90000000,0.2285
1749255030,0.21000000,949.90000000,0.2285
1749255030,0.20910000,239.10000000,0.2285
1749255030,0.20630000,263.70000000,0.2285
1749255030,0.20570000,106.40000000,0.2285
1749255030,0.20370000,48.70000000,0.2285
1749255030,0.20260000,49.30000000,0.2285
1749255030,0.20190000,27.70000000,0.2285
1749255030,0.20060000,947.10000000,0.2285
1749255030,0.20050000,199.80000000,0.2285
1749255030,0.20000000,1105.50000000,0.2285
1749255030,0.19930000,28.10000000,0.2285
1749255030,0.19900000,35.10000000,0.2285
1749255030,0.19870000,30.50000000,0.2285
1749255030,0.19750000,101.20000000,0.2285
1749255030,0.19650000,509.30000000,0.2285
1749255030,0.19400000,26.20000000,0.2285
1749255030,0.19360000,48.70000000,0.2285
1749255030,0.19280000,150.00000000,0.2285
1749255030,0.19000000,1014.10000000,0.2285
1749255030,0.18880000,26.50000000,0.2285
1749255030,0.18510000,518.70000000,0.2285
1749255030,0.18470000,32.50000000,0.2285
1749255030,0.18360000,48.70000000,0.2285
1749255030,0.18200000,494.50000000,0.2285
1749255030,0.18040000,27.80000000,0.2285
1749255030,0.18000000,117.20000000,0.2285
1749255030,0.17770000,77.00000000,0.2285
1749255030,0.17650000,5665.70000000,0.2285
1749255030,0.17360000,48.70000000,0.2285
1749255030,0.17330000,28.90000000,0.2285
1749255030,0.17230000,415.50000000,0.2285
1749255030,0.17180000,35.30000000,0.2285
1749255030,0.17000000,30.00000000,0.2285
1749255030,0.16660000,1651.00000000,0.2285
