timestamp,price,volume,current_price
1749260802,123.50000000,2.96000000,123.5
1749260802,123.40000000,5.80500000,123.5
1749260802,123.30000000,4.09200000,123.5
1749260802,123.20000000,30.68800000,123.5
1749260802,123.10000000,24.29300000,123.5
1749260802,123.00000000,10.97500000,123.5
1749260802,122.90000000,19.63300000,123.5
1749260802,122.80000000,6.29500000,123.5
1749260802,122.70000000,11.85300000,123.5
1749260802,122.60000000,25.56300000,123.5
1749260802,122.50000000,3.24100000,123.5
1749260802,122.40000000,131.05400000,123.5
1749260802,122.30000000,7.54500000,123.5
1749260802,122.20000000,2.66000000,123.5
1749260802,122.10000000,2.66200000,123.5
1749260802,122.00000000,2.66400000,123.5
1749260802,121.90000000,7.77800000,123.5
1749260802,121.80000000,2.66900000,123.5
1749260802,121.70000000,3.44000000,123.5
1749260802,121.60000000,2.67300000,123.5
1749260802,121.50000000,1.04200000,123.5
1749260802,121.30000000,0.11700000,123.5
1749260802,121.10000000,738.01100000,123.5
1749260802,121.00000000,4.71200000,123.5
1749260802,120.80000000,0.13400000,123.5
1749260802,120.50000000,0.08600000,123.5
1749260802,120.40000000,0.27600000,123.5
1749260802,120.00000000,0.36800000,123.5
1749260802,119.90000000,0.18000000,123.5
1749260802,119.60000000,0.08600000,123.5
1749260802,119.30000000,0.20200000,123.5
1749260802,119.10000000,0.15800000,123.5
1749260802,118.70000000,0.08600000,123.5
1749260802,118.50000000,2.85400000,123.5
1749260802,118.20000000,0.08600000,123.5
1749260802,118.10000000,0.12700000,123.5
1749260802,118.00000000,0.16900000,123.5
1749260802,117.90000000,0.05800000,123.5
1749260802,117.70000000,0.08600000,123.5
1749260802,117.30000000,0.08600000,123.5
1749260802,117.10000000,0.11700000,123.5
1749260802,116.80000000,0.08600000,123.5
1749260802,116.50000000,0.16100000,123.5
1749260802,116.40000000,0.08600000,123.5
1749260802,116.30000000,4.55600000,123.5
1749260802,115.90000000,0.11100000,123.5
1749260802,115.70000000,0.16500000,123.5
1749260802,115.40000000,0.07400000,123.5
1749260802,115.00000000,0.65100000,123.5
1749260802,114.60000000,0.12000000,123.5
1749260802,114.40000000,0.59600000,123.5
1749260802,114.30000000,0.11700000,123.5
1749260802,113.90000000,0.05800000,123.5
1749260802,113.00000000,0.11700000,123.5
1749260802,111.90000000,0.05800000,123.5
1749260802,111.70000000,0.07600000,123.5
1749260802,111.60000000,0.54800000,123.5
1749260802,111.20000000,0.05000000,123.5
1749260802,110.70000000,0.81300000,123.5
1749260802,110.50000000,0.48600000,123.5
1749260802,110.30000000,0.17200000,123.5
1749260802,110.10000000,0.05100000,123.5
1749260802,110.00000000,0.40800000,123.5
1749260802,109.90000000,0.05800000,123.5
1749260802,109.00000000,0.11700000,123.5
1749260802,108.20000000,0.12000000,123.5
1749260802,108.10000000,0.07900000,123.5
1749260802,108.00000000,1.00000000,123.5
1749260802,107.90000000,0.05800000,123.5
1749260802,107.70000000,0.11700000,123.5
1749260802,106.50000000,0.11700000,123.5
1749260802,105.90000000,0.05800000,123.5
1749260802,105.20000000,0.11700000,123.5
1749260802,105.10000000,0.67800000,123.5
1749260802,105.00000000,1.00000000,123.5
1749260802,104.40000000,0.08200000,123.5
1749260802,104.20000000,0.05900000,123.5
1749260802,104.00000000,0.17100000,123.5
1749260802,103.90000000,0.05800000,123.5
1749260802,102.70000000,0.11700000,123.5
1749260802,102.20000000,0.05000000,123.5
1749260802,102.00000000,0.88200000,123.5
1749260802,101.90000000,0.17800000,123.5
1749260802,101.50000000,0.11700000,123.5
1749260802,100.70000000,0.08500000,123.5
1749260802,100.60000000,1.19300000,123.5
1749260802,100.50000000,0.07400000,123.5
1749260802,100.30000000,0.11700000,123.5
1749260802,100.00000000,0.40000000,123.5
1749260802,99.90000000,0.05800000,123.5
1749260802,99.10000000,0.11700000,123.5
1749260802,98.00000000,0.11700000,123.5
1749260802,97.90000000,0.05800000,123.5
1749260802,97.40000000,0.06300000,123.5
1749260802,97.30000000,0.05800000,123.5
1749260802,97.00000000,0.08800000,123.5
1749260802,96.80000000,0.11700000,123.5
1749260802,96.00000000,1.05800000,123.5
1749260802,95.70000000,0.11700000,123.5
1749260802,95.60000000,0.12000000,123.5
1749261122,123.50000000,2.87700000,123.6
1749261122,123.40000000,5.80500000,123.6
1749261122,123.30000000,4.09200000,123.6
1749261122,123.20000000,38.24700000,123.6
1749261122,123.10000000,20.43000000,123.6
1749261122,123.00000000,11.11700000,123.6
1749261122,122.90000000,15.78800000,123.6
1749261122,122.80000000,6.29500000,123.6
1749261122,122.70000000,11.85300000,123.6
1749261122,122.60000000,26.32700000,123.6
1749261122,122.50000000,3.24100000,123.6
1749261122,122.40000000,134.63600000,123.6
1749261122,122.30000000,6.78000000,123.6
1749261122,122.20000000,2.66000000,123.6
1749261122,122.10000000,8.33300000,123.6
1749261122,122.00000000,2.66400000,123.6
1749261122,121.90000000,7.77800000,123.6
1749261122,121.80000000,3.43800000,123.6
1749261122,121.70000000,2.67100000,123.6
1749261122,121.60000000,2.67300000,123.6
1749261122,121.50000000,1.04200000,123.6
1749261122,121.30000000,0.11700000,123.6
1749261122,121.10000000,738.01100000,123.6
1749261122,121.00000000,4.71200000,123.6
1749261122,120.80000000,0.13400000,123.6
1749261122,120.50000000,0.08600000,123.6
1749261122,120.40000000,0.27600000,123.6
1749261122,120.00000000,0.36800000,123.6
1749261122,119.90000000,0.18000000,123.6
1749261122,119.60000000,0.08600000,123.6
1749261122,119.30000000,0.20200000,123.6
1749261122,119.10000000,0.15800000,123.6
1749261122,118.70000000,0.08600000,123.6
1749261122,118.50000000,2.85400000,123.6
1749261122,118.20000000,0.08600000,123.6
1749261122,118.10000000,0.12700000,123.6
1749261122,118.00000000,0.16900000,123.6
1749261122,117.90000000,0.05800000,123.6
1749261122,117.70000000,0.08600000,123.6
1749261122,117.30000000,0.08600000,123.6
1749261122,117.10000000,0.11700000,123.6
1749261122,116.80000000,0.08600000,123.6
1749261122,116.50000000,0.16100000,123.6
1749261122,116.40000000,0.08600000,123.6
1749261122,116.30000000,4.55600000,123.6
1749261122,115.90000000,0.11100000,123.6
1749261122,115.70000000,0.16500000,123.6
1749261122,115.40000000,0.07400000,123.6
1749261122,115.00000000,0.65100000,123.6
1749261122,114.60000000,0.12000000,123.6
1749261122,114.40000000,0.59600000,123.6
1749261122,114.30000000,0.11700000,123.6
1749261122,113.90000000,0.05800000,123.6
1749261122,113.00000000,0.11700000,123.6
1749261122,111.90000000,0.05800000,123.6
1749261122,111.70000000,0.07600000,123.6
1749261122,111.60000000,0.54800000,123.6
1749261122,111.20000000,0.05000000,123.6
1749261122,110.70000000,0.81300000,123.6
1749261122,110.50000000,0.48600000,123.6
1749261122,110.30000000,0.17200000,123.6
1749261122,110.10000000,0.05100000,123.6
1749261122,110.00000000,0.40800000,123.6
1749261122,109.90000000,0.05800000,123.6
1749261122,109.00000000,0.11700000,123.6
1749261122,108.20000000,0.12000000,123.6
1749261122,108.10000000,0.07900000,123.6
1749261122,108.00000000,1.00000000,123.6
1749261122,107.90000000,0.05800000,123.6
1749261122,107.70000000,0.11700000,123.6
1749261122,106.50000000,0.11700000,123.6
1749261122,105.90000000,0.05800000,123.6
1749261122,105.20000000,0.11700000,123.6
1749261122,105.10000000,0.67800000,123.6
1749261122,105.00000000,1.00000000,123.6
1749261122,104.40000000,0.08200000,123.6
1749261122,104.20000000,0.05900000,123.6
1749261122,104.00000000,0.17100000,123.6
1749261122,103.90000000,0.05800000,123.6
1749261122,102.70000000,0.11700000,123.6
1749261122,102.20000000,0.05000000,123.6
1749261122,102.00000000,0.88200000,123.6
1749261122,101.90000000,0.17800000,123.6
1749261122,101.50000000,0.11700000,123.6
1749261122,100.70000000,0.08500000,123.6
1749261122,100.60000000,1.19300000,123.6
1749261122,100.50000000,0.07400000,123.6
1749261122,100.30000000,0.11700000,123.6
1749261122,100.00000000,0.40000000,123.6
1749261122,99.90000000,0.05800000,123.6
1749261122,99.10000000,0.11700000,123.6
1749261122,98.00000000,0.11700000,123.6
1749261122,97.90000000,0.05800000,123.6
1749261122,97.40000000,0.06300000,123.6
1749261122,97.30000000,0.05800000,123.6
1749261122,97.00000000,0.08800000,123.6
1749261122,96.80000000,0.11700000,123.6
1749261122,96.00000000,1.05800000,123.6
1749261122,95.70000000,0.11700000,123.6
1749261122,95.60000000,0.12000000,123.6
1749261440,123.50000000,1.12400000,123.5
1749261440,123.40000000,5.80500000,123.5
1749261440,123.30000000,19.81500000,123.5
1749261440,123.20000000,16.89700000,123.5
1749261440,123.10000000,24.27000000,123.5
1749261440,123.00000000,9.36000000,123.5
1749261440,122.90000000,15.78800000,123.5
1749261440,122.80000000,6.29500000,123.5
1749261440,122.70000000,6.18300000,123.5
1749261440,122.60000000,31.24300000,123.5
1749261440,122.50000000,3.24100000,123.5
1749261440,122.40000000,136.27700000,123.5
1749261440,122.30000000,7.54500000,123.5
1749261440,122.20000000,2.66000000,123.5
1749261440,122.10000000,8.33300000,123.5
1749261440,122.00000000,2.66400000,123.5
1749261440,121.90000000,7.77800000,123.5
1749261440,121.80000000,3.43800000,123.5
1749261440,121.70000000,2.67100000,123.5
1749261440,121.60000000,2.67300000,123.5
1749261440,121.50000000,3.71600000,123.5
1749261440,121.30000000,0.11700000,123.5
1749261440,121.10000000,738.01100000,123.5
1749261440,121.00000000,4.71200000,123.5
1749261440,120.80000000,0.13400000,123.5
1749261440,120.50000000,0.08600000,123.5
1749261440,120.40000000,0.27600000,123.5
1749261440,120.00000000,0.36800000,123.5
1749261440,119.90000000,0.18000000,123.5
1749261440,119.60000000,0.08600000,123.5
1749261440,119.30000000,0.20200000,123.5
1749261440,119.10000000,0.15800000,123.5
1749261440,118.70000000,0.08600000,123.5
1749261440,118.50000000,2.85400000,123.5
1749261440,118.20000000,0.08600000,123.5
1749261440,118.10000000,0.12700000,123.5
1749261440,118.00000000,0.16900000,123.5
1749261440,117.90000000,0.05800000,123.5
1749261440,117.70000000,0.08600000,123.5
1749261440,117.30000000,0.08600000,123.5
1749261440,117.10000000,0.11700000,123.5
1749261440,116.80000000,0.08600000,123.5
1749261440,116.50000000,0.16100000,123.5
1749261440,116.40000000,0.08600000,123.5
1749261440,116.30000000,4.55600000,123.5
1749261440,115.90000000,0.11100000,123.5
1749261440,115.70000000,0.16500000,123.5
1749261440,115.40000000,0.07400000,123.5
1749261440,115.00000000,0.65100000,123.5
1749261440,114.60000000,0.12000000,123.5
1749261440,114.40000000,0.59600000,123.5
1749261440,114.30000000,0.11700000,123.5
1749261440,113.90000000,0.05800000,123.5
1749261440,113.00000000,0.11700000,123.5
1749261440,111.90000000,0.05800000,123.5
1749261440,111.70000000,0.07600000,123.5
1749261440,111.60000000,0.54800000,123.5
1749261440,111.20000000,0.05000000,123.5
1749261440,110.70000000,0.81300000,123.5
1749261440,110.50000000,0.48600000,123.5
1749261440,110.30000000,0.17200000,123.5
1749261440,110.10000000,0.05100000,123.5
1749261440,110.00000000,0.40800000,123.5
1749261440,109.90000000,0.05800000,123.5
1749261440,109.00000000,0.11700000,123.5
1749261440,108.20000000,0.12000000,123.5
1749261440,108.10000000,0.07900000,123.5
1749261440,108.00000000,1.00000000,123.5
1749261440,107.90000000,0.05800000,123.5
1749261440,107.70000000,0.11700000,123.5
1749261440,106.50000000,0.11700000,123.5
1749261440,105.90000000,0.05800000,123.5
1749261440,105.20000000,0.11700000,123.5
1749261440,105.10000000,0.67800000,123.5
1749261440,105.00000000,1.00000000,123.5
1749261440,104.40000000,0.08200000,123.5
1749261440,104.20000000,0.05900000,123.5
1749261440,104.00000000,0.17100000,123.5
1749261440,103.90000000,0.05800000,123.5
1749261440,102.70000000,0.11700000,123.5
1749261440,102.20000000,0.05000000,123.5
1749261440,102.00000000,0.88200000,123.5
1749261440,101.90000000,0.17800000,123.5
1749261440,101.50000000,0.11700000,123.5
1749261440,100.70000000,0.08500000,123.5
1749261440,100.60000000,1.19300000,123.5
1749261440,100.50000000,0.07400000,123.5
1749261440,100.30000000,0.11700000,123.5
1749261440,100.00000000,0.40000000,123.5
1749261440,99.90000000,0.05800000,123.5
1749261440,99.10000000,0.11700000,123.5
1749261440,98.00000000,0.11700000,123.5
1749261440,97.90000000,0.05800000,123.5
1749261440,97.40000000,0.06300000,123.5
1749261440,97.30000000,0.05800000,123.5
1749261440,97.00000000,0.08800000,123.5
1749261440,96.80000000,0.11700000,123.5
1749261440,96.00000000,1.05800000,123.5
1749261440,95.70000000,0.11700000,123.5
1749261440,95.60000000,0.12000000,123.5
1749261755,123.60000000,0.65900000,123.6
1749261755,123.50000000,5.83900000,123.6
1749261755,123.40000000,4.04400000,123.6
1749261755,123.30000000,19.81000000,123.6
1749261755,123.20000000,14.20200000,123.6
1749261755,123.10000000,25.04400000,123.6
1749261755,123.00000000,14.81900000,123.6
1749261755,122.90000000,15.78800000,123.6
1749261755,122.80000000,6.29500000,123.6
1749261755,122.70000000,8.77300000,123.6
1749261755,122.60000000,28.66000000,123.6
1749261755,122.50000000,134.66100000,123.6
1749261755,122.40000000,2.85800000,123.6
1749261755,122.30000000,7.54500000,123.6
1749261755,122.20000000,2.66000000,123.6
1749261755,122.10000000,8.33300000,123.6
1749261755,122.00000000,2.66400000,123.6
1749261755,121.90000000,7.77800000,123.6
1749261755,121.80000000,3.43800000,123.6
1749261755,121.70000000,2.67100000,123.6
1749261755,121.50000000,1.04200000,123.6
1749261755,121.30000000,0.11700000,123.6
1749261755,121.20000000,735.94800000,123.6
1749261755,121.10000000,1.46800000,123.6
1749261755,121.00000000,4.71200000,123.6
1749261755,120.80000000,0.13400000,123.6
1749261755,120.50000000,0.08600000,123.6
1749261755,120.40000000,0.27600000,123.6
1749261755,120.00000000,0.36800000,123.6
1749261755,119.90000000,0.18000000,123.6
1749261755,119.60000000,0.08600000,123.6
1749261755,119.30000000,0.20200000,123.6
1749261755,119.10000000,0.15800000,123.6
1749261755,118.70000000,0.08600000,123.6
1749261755,118.50000000,2.85400000,123.6
1749261755,118.20000000,0.08600000,123.6
1749261755,118.10000000,0.12700000,123.6
1749261755,118.00000000,0.16900000,123.6
1749261755,117.90000000,0.05800000,123.6
1749261755,117.70000000,0.08600000,123.6
1749261755,117.30000000,0.08600000,123.6
1749261755,117.10000000,0.11700000,123.6
1749261755,116.80000000,0.08600000,123.6
1749261755,116.50000000,0.16100000,123.6
1749261755,116.40000000,0.08600000,123.6
1749261755,116.30000000,4.55600000,123.6
1749261755,115.90000000,0.11100000,123.6
1749261755,115.70000000,0.16500000,123.6
1749261755,115.40000000,0.07400000,123.6
1749261755,115.00000000,0.65100000,123.6
1749261755,114.60000000,0.12000000,123.6
1749261755,114.40000000,0.59600000,123.6
1749261755,114.30000000,0.11700000,123.6
1749261755,113.90000000,0.05800000,123.6
1749261755,113.00000000,0.11700000,123.6
1749261755,111.90000000,0.05800000,123.6
1749261755,111.70000000,0.07600000,123.6
1749261755,111.60000000,0.54800000,123.6
1749261755,111.20000000,0.05000000,123.6
1749261755,110.70000000,0.81300000,123.6
1749261755,110.50000000,0.48600000,123.6
1749261755,110.30000000,0.17200000,123.6
1749261755,110.10000000,0.05100000,123.6
1749261755,110.00000000,0.40800000,123.6
1749261755,109.90000000,0.05800000,123.6
1749261755,109.00000000,0.11700000,123.6
1749261755,108.20000000,0.12000000,123.6
1749261755,108.10000000,0.07900000,123.6
1749261755,108.00000000,1.00000000,123.6
1749261755,107.90000000,0.05800000,123.6
1749261755,107.70000000,0.11700000,123.6
1749261755,106.50000000,0.11700000,123.6
1749261755,105.90000000,0.05800000,123.6
1749261755,105.20000000,0.11700000,123.6
1749261755,105.10000000,0.67800000,123.6
1749261755,105.00000000,1.00000000,123.6
1749261755,104.40000000,0.08200000,123.6
1749261755,104.20000000,0.05900000,123.6
1749261755,104.00000000,0.17100000,123.6
1749261755,103.90000000,0.05800000,123.6
1749261755,102.70000000,0.11700000,123.6
1749261755,102.20000000,0.05000000,123.6
1749261755,102.00000000,0.88200000,123.6
1749261755,101.90000000,0.17800000,123.6
1749261755,101.50000000,0.11700000,123.6
1749261755,100.70000000,0.08500000,123.6
1749261755,100.60000000,1.19300000,123.6
1749261755,100.50000000,0.07400000,123.6
1749261755,100.30000000,0.11700000,123.6
1749261755,100.00000000,0.40000000,123.6
1749261755,99.90000000,0.05800000,123.6
1749261755,99.10000000,0.11700000,123.6
1749261755,98.00000000,0.11700000,123.6
1749261755,97.90000000,0.05800000,123.6
1749261755,97.40000000,0.06300000,123.6
1749261755,97.30000000,0.05800000,123.6
1749261755,97.00000000,0.08800000,123.6
1749261755,96.80000000,0.11700000,123.6
1749261755,96.00000000,1.05800000,123.6
1749261755,95.70000000,0.11700000,123.6
1749262058,123.60000000,0.52000000,123.8
1749262058,123.50000000,5.83900000,123.8
1749262058,123.40000000,4.04400000,123.8
1749262058,123.30000000,23.76400000,123.8
1749262058,123.20000000,16.02700000,123.8
1749262058,123.10000000,8.64100000,123.8
1749262058,123.00000000,10.97000000,123.8
1749262058,122.90000000,19.32200000,123.8
1749262058,122.80000000,12.66100000,123.8
1749262058,122.70000000,8.77100000,123.8
1749262058,122.60000000,18.93000000,123.8
1749262058,122.50000000,146.90500000,123.8
1749262058,122.40000000,2.85800000,123.8
1749262058,122.30000000,3.42300000,123.8
1749262058,122.20000000,2.66000000,123.8
1749262058,122.10000000,2.66200000,123.8
1749262058,122.00000000,3.43100000,123.8
1749262058,121.90000000,2.72500000,123.8
1749262058,121.80000000,7.72600000,123.8
1749262058,121.70000000,2.67100000,123.8
1749262058,121.50000000,1.04200000,123.8
1749262058,121.30000000,735.76700000,123.8
1749262058,121.00000000,4.71200000,123.8
1749262058,120.80000000,0.13400000,123.8
1749262058,120.50000000,0.08600000,123.8
1749262058,120.40000000,0.27600000,123.8
1749262058,120.00000000,0.36800000,123.8
1749262058,119.90000000,0.18000000,123.8
1749262058,119.60000000,0.08600000,123.8
1749262058,119.30000000,0.20200000,123.8
1749262058,119.10000000,0.15800000,123.8
1749262058,118.70000000,0.08600000,123.8
1749262058,118.50000000,0.16300000,123.8
1749262058,118.20000000,0.08600000,123.8
1749262058,118.10000000,0.12700000,123.8
1749262058,118.00000000,0.16900000,123.8
1749262058,117.90000000,0.05800000,123.8
1749262058,117.70000000,0.08600000,123.8
1749262058,117.30000000,0.08600000,123.8
1749262058,117.10000000,0.11700000,123.8
1749262058,116.80000000,0.08600000,123.8
1749262058,116.50000000,0.16100000,123.8
1749262058,116.40000000,0.08600000,123.8
1749262058,116.30000000,4.55600000,123.8
1749262058,115.90000000,0.11100000,123.8
1749262058,115.70000000,0.16500000,123.8
1749262058,115.40000000,0.07400000,123.8
1749262058,115.00000000,0.65100000,123.8
1749262058,114.60000000,0.12000000,123.8
1749262058,114.40000000,0.59600000,123.8
1749262058,114.30000000,0.11700000,123.8
1749262058,113.90000000,0.05800000,123.8
1749262058,113.00000000,0.11700000,123.8
1749262058,111.90000000,0.05800000,123.8
1749262058,111.70000000,0.07600000,123.8
1749262058,111.60000000,0.54800000,123.8
1749262058,111.20000000,0.05000000,123.8
1749262058,110.70000000,0.81300000,123.8
1749262058,110.50000000,0.48600000,123.8
1749262058,110.30000000,0.17200000,123.8
1749262058,110.10000000,0.05100000,123.8
1749262058,110.00000000,0.40800000,123.8
1749262058,109.90000000,0.05800000,123.8
1749262058,109.00000000,0.11700000,123.8
1749262058,108.20000000,0.12000000,123.8
1749262058,108.10000000,0.07900000,123.8
1749262058,108.00000000,1.00000000,123.8
1749262058,107.90000000,0.05800000,123.8
1749262058,107.70000000,0.11700000,123.8
1749262058,106.50000000,0.11700000,123.8
1749262058,105.90000000,0.05800000,123.8
1749262058,105.20000000,0.11700000,123.8
1749262058,105.10000000,0.67800000,123.8
1749262058,105.00000000,1.00000000,123.8
1749262058,104.40000000,0.08200000,123.8
1749262058,104.20000000,0.05900000,123.8
1749262058,104.00000000,0.17100000,123.8
1749262058,103.90000000,0.05800000,123.8
1749262058,102.70000000,0.11700000,123.8
1749262058,102.20000000,0.05000000,123.8
1749262058,102.00000000,0.88200000,123.8
1749262058,101.90000000,0.17800000,123.8
1749262058,101.50000000,0.11700000,123.8
1749262058,100.70000000,0.08500000,123.8
1749262058,100.60000000,1.19300000,123.8
1749262058,100.50000000,0.07400000,123.8
1749262058,100.30000000,0.11700000,123.8
1749262058,100.00000000,0.40000000,123.8
1749262058,99.90000000,0.05800000,123.8
1749262058,99.10000000,0.11700000,123.8
1749262058,98.00000000,0.11700000,123.8
1749262058,97.90000000,0.05800000,123.8
1749262058,97.40000000,0.06300000,123.8
1749262058,97.30000000,0.05800000,123.8
1749262058,97.00000000,0.08800000,123.8
1749262058,96.80000000,0.11700000,123.8
1749262058,96.00000000,1.05800000,123.8
1749262058,95.70000000,0.11700000,123.8
1749262058,95.60000000,0.12000000,123.8
1749262058,95.00000000,3.00000000,123.8
1749262364,123.60000000,2.63000000,123.7
1749262364,123.50000000,4.59400000,123.7
1749262364,123.40000000,7.99500000,123.7
1749262364,123.30000000,14.80700000,123.7
1749262364,123.20000000,21.77800000,123.7
1749262364,123.10000000,10.56100000,123.7
1749262364,123.00000000,12.89600000,123.7
1749262364,122.90000000,20.08400000,123.7
1749262364,122.80000000,12.66100000,123.7
1749262364,122.70000000,8.77400000,123.7
1749262364,122.60000000,18.93000000,123.7
1749262364,122.50000000,147.93300000,123.7
1749262364,122.40000000,8.54500000,123.7
1749262364,122.30000000,2.65800000,123.7
1749262364,122.20000000,2.66000000,123.7
1749262364,122.10000000,8.33300000,123.7
1749262364,122.00000000,6.79600000,123.7
1749262364,121.90000000,2.72500000,123.7
1749262364,121.80000000,7.72600000,123.7
1749262364,121.70000000,3.44000000,123.7
1749262364,121.50000000,1.04200000,123.7
1749262364,121.30000000,735.47000000,123.7
1749262364,121.10000000,1.46100000,123.7
1749262364,121.00000000,4.71200000,123.7
1749262364,120.80000000,0.13400000,123.7
1749262364,120.50000000,0.08600000,123.7
1749262364,120.40000000,0.27600000,123.7
1749262364,120.00000000,0.36800000,123.7
1749262364,119.90000000,0.18000000,123.7
1749262364,119.80000000,8.52000000,123.7
1749262364,119.60000000,0.08600000,123.7
1749262364,119.30000000,0.20200000,123.7
1749262364,119.10000000,0.15800000,123.7
1749262364,118.70000000,0.08600000,123.7
1749262364,118.50000000,2.84100000,123.7
1749262364,118.20000000,0.08600000,123.7
1749262364,118.10000000,0.12700000,123.7
1749262364,118.00000000,0.16900000,123.7
1749262364,117.90000000,0.05800000,123.7
1749262364,117.70000000,0.08600000,123.7
1749262364,117.30000000,0.08600000,123.7
1749262364,117.10000000,0.11700000,123.7
1749262364,116.80000000,0.08600000,123.7
1749262364,116.50000000,0.16100000,123.7
1749262364,116.40000000,0.08600000,123.7
1749262364,116.30000000,4.55600000,123.7
1749262364,115.90000000,0.11100000,123.7
1749262364,115.70000000,0.16500000,123.7
1749262364,115.40000000,0.07400000,123.7
1749262364,115.00000000,0.65100000,123.7
1749262364,114.60000000,0.12000000,123.7
1749262364,114.40000000,0.59600000,123.7
1749262364,114.30000000,0.11700000,123.7
1749262364,113.90000000,0.05800000,123.7
1749262364,113.00000000,0.11700000,123.7
1749262364,111.90000000,0.05800000,123.7
1749262364,111.70000000,0.07600000,123.7
1749262364,111.60000000,0.54800000,123.7
1749262364,111.20000000,0.05000000,123.7
1749262364,110.70000000,0.81300000,123.7
1749262364,110.50000000,0.48600000,123.7
1749262364,110.30000000,0.17200000,123.7
1749262364,110.10000000,0.05100000,123.7
1749262364,110.00000000,0.40800000,123.7
1749262364,109.90000000,0.05800000,123.7
1749262364,109.00000000,0.11700000,123.7
1749262364,108.20000000,0.12000000,123.7
1749262364,108.10000000,0.07900000,123.7
1749262364,108.00000000,1.00000000,123.7
1749262364,107.90000000,0.05800000,123.7
1749262364,107.70000000,0.11700000,123.7
1749262364,106.50000000,0.11700000,123.7
1749262364,105.90000000,0.05800000,123.7
1749262364,105.20000000,0.11700000,123.7
1749262364,105.10000000,0.67800000,123.7
1749262364,105.00000000,1.00000000,123.7
1749262364,104.40000000,0.08200000,123.7
1749262364,104.20000000,0.05900000,123.7
1749262364,104.00000000,0.17100000,123.7
1749262364,103.90000000,0.05800000,123.7
1749262364,102.70000000,0.11700000,123.7
1749262364,102.20000000,0.05000000,123.7
1749262364,102.00000000,0.88200000,123.7
1749262364,101.90000000,0.17800000,123.7
1749262364,101.50000000,0.11700000,123.7
1749262364,100.70000000,0.08500000,123.7
1749262364,100.60000000,1.19300000,123.7
1749262364,100.50000000,0.07400000,123.7
1749262364,100.30000000,0.11700000,123.7
1749262364,100.00000000,0.40000000,123.7
1749262364,99.90000000,0.05800000,123.7
1749262364,99.10000000,0.11700000,123.7
1749262364,98.00000000,0.11700000,123.7
1749262364,97.90000000,0.05800000,123.7
1749262364,97.40000000,0.06300000,123.7
1749262364,97.30000000,0.05800000,123.7
1749262364,97.00000000,0.08800000,123.7
1749262364,96.80000000,0.11700000,123.7
1749262364,96.00000000,1.05800000,123.7
1749262364,95.70000000,0.11700000,123.7
1749262666,123.70000000,1.14400000,123.8
1749262666,123.60000000,4.38800000,123.8
1749262666,123.50000000,2.83400000,123.8
1749262666,123.40000000,28.27400000,123.8
1749262666,123.30000000,10.22700000,123.8
1749262666,123.20000000,23.83300000,123.8
1749262666,123.10000000,9.87100000,123.8
1749262666,123.00000000,9.19400000,123.8
1749262666,122.90000000,20.08400000,123.8
1749262666,122.80000000,2.76400000,123.8
1749262666,122.70000000,5.23900000,123.8
1749262666,122.60000000,158.86200000,123.8
1749262666,122.50000000,7.29300000,123.8
1749262666,122.40000000,8.54500000,123.8
1749262666,122.30000000,2.65800000,123.8
1749262666,122.20000000,2.66000000,123.8
1749262666,122.10000000,9.10000000,123.8
1749262666,122.00000000,6.79600000,123.8
1749262666,121.90000000,2.72500000,123.8
1749262666,121.80000000,7.72600000,123.8
1749262666,121.70000000,2.67100000,123.8
1749262666,121.50000000,1.04200000,123.8
1749262666,121.40000000,0.33900000,123.8
1749262666,121.30000000,735.76700000,123.8
1749262666,121.10000000,1.46100000,123.8
1749262666,121.00000000,4.71200000,123.8
1749262666,120.80000000,0.13400000,123.8
1749262666,120.50000000,0.08600000,123.8
1749262666,120.40000000,0.27600000,123.8
1749262666,120.00000000,0.36800000,123.8
1749262666,119.90000000,0.18000000,123.8
1749262666,119.60000000,0.08600000,123.8
1749262666,119.30000000,0.20200000,123.8
1749262666,119.10000000,0.15800000,123.8
1749262666,118.70000000,0.08600000,123.8
1749262666,118.50000000,2.84100000,123.8
1749262666,118.20000000,0.08600000,123.8
1749262666,118.10000000,0.12700000,123.8
1749262666,118.00000000,0.16900000,123.8
1749262666,117.90000000,0.05800000,123.8
1749262666,117.70000000,0.08600000,123.8
1749262666,117.30000000,0.08600000,123.8
1749262666,117.10000000,0.11700000,123.8
1749262666,116.80000000,0.08600000,123.8
1749262666,116.50000000,0.16100000,123.8
1749262666,116.40000000,0.08600000,123.8
1749262666,116.30000000,4.55600000,123.8
1749262666,115.90000000,0.11100000,123.8
1749262666,115.70000000,0.16500000,123.8
1749262666,115.40000000,0.07400000,123.8
1749262666,115.00000000,0.65100000,123.8
1749262666,114.60000000,0.12000000,123.8
1749262666,114.40000000,0.59600000,123.8
1749262666,114.30000000,0.11700000,123.8
1749262666,113.90000000,0.05800000,123.8
1749262666,113.00000000,0.11700000,123.8
1749262666,111.90000000,0.05800000,123.8
1749262666,111.70000000,0.07600000,123.8
1749262666,111.60000000,0.54800000,123.8
1749262666,111.20000000,0.05000000,123.8
1749262666,110.70000000,0.81300000,123.8
1749262666,110.50000000,0.48600000,123.8
1749262666,110.30000000,0.17200000,123.8
1749262666,110.10000000,0.05100000,123.8
1749262666,110.00000000,0.40800000,123.8
1749262666,109.90000000,0.05800000,123.8
1749262666,109.00000000,0.11700000,123.8
1749262666,108.20000000,0.12000000,123.8
1749262666,108.10000000,0.07900000,123.8
1749262666,108.00000000,1.00000000,123.8
1749262666,107.90000000,0.05800000,123.8
1749262666,107.70000000,0.11700000,123.8
1749262666,106.50000000,0.11700000,123.8
1749262666,105.90000000,0.05800000,123.8
1749262666,105.20000000,0.11700000,123.8
1749262666,105.10000000,0.67800000,123.8
1749262666,105.00000000,1.00000000,123.8
1749262666,104.40000000,0.08200000,123.8
1749262666,104.20000000,0.05900000,123.8
1749262666,104.00000000,0.17100000,123.8
1749262666,103.90000000,0.05800000,123.8
1749262666,102.70000000,0.11700000,123.8
1749262666,102.20000000,0.05000000,123.8
1749262666,102.00000000,0.88200000,123.8
1749262666,101.90000000,0.17800000,123.8
1749262666,101.50000000,0.11700000,123.8
1749262666,100.70000000,0.08500000,123.8
1749262666,100.60000000,1.19300000,123.8
1749262666,100.50000000,0.07400000,123.8
1749262666,100.30000000,0.11700000,123.8
1749262666,100.00000000,0.40000000,123.8
1749262666,99.90000000,0.05800000,123.8
1749262666,99.10000000,0.11700000,123.8
1749262666,98.00000000,0.11700000,123.8
1749262666,97.90000000,0.05800000,123.8
1749262666,97.40000000,0.06300000,123.8
1749262666,97.30000000,0.05800000,123.8
1749262666,97.00000000,0.08800000,123.8
1749262666,96.80000000,0.11700000,123.8
1749262666,96.00000000,1.05800000,123.8
1749262968,123.70000000,0.99100000,123.8
1749262968,123.60000000,4.38800000,123.8
1749262968,123.50000000,2.83400000,123.8
1749262968,123.40000000,7.99500000,123.8
1749262968,123.30000000,14.80600000,123.8
1749262968,123.20000000,33.56200000,123.8
1749262968,123.10000000,15.87100000,123.8
1749262968,123.00000000,9.53300000,123.8
1749262968,122.90000000,19.32200000,123.8
1749262968,122.80000000,2.76400000,123.8
1749262968,122.70000000,5.23900000,123.8
1749262968,122.60000000,160.60000000,123.8
1749262968,122.50000000,7.29300000,123.8
1749262968,122.40000000,8.54500000,123.8
1749262968,122.30000000,2.65800000,123.8
1749262968,122.20000000,2.66000000,123.8
1749262968,122.10000000,9.10000000,123.8
1749262968,122.00000000,6.79600000,123.8
1749262968,121.90000000,2.72500000,123.8
1749262968,121.80000000,7.72600000,123.8
1749262968,121.70000000,2.67100000,123.8
1749262968,121.50000000,1.04200000,123.8
1749262968,121.30000000,735.47000000,123.8
1749262968,121.10000000,1.46100000,123.8
1749262968,121.00000000,4.71200000,123.8
1749262968,120.80000000,0.13400000,123.8
1749262968,120.50000000,0.08600000,123.8
1749262968,120.40000000,0.27600000,123.8
1749262968,120.00000000,0.36800000,123.8
1749262968,119.90000000,0.18000000,123.8
1749262968,119.60000000,0.08600000,123.8
1749262968,119.30000000,0.20200000,123.8
1749262968,119.10000000,0.15800000,123.8
1749262968,118.70000000,0.08600000,123.8
1749262968,118.50000000,2.84100000,123.8
1749262968,118.20000000,0.08600000,123.8
1749262968,118.10000000,0.12700000,123.8
1749262968,118.00000000,0.16900000,123.8
1749262968,117.90000000,0.05800000,123.8
1749262968,117.70000000,0.08600000,123.8
1749262968,117.30000000,0.08600000,123.8
1749262968,117.10000000,0.11700000,123.8
1749262968,116.80000000,0.08600000,123.8
1749262968,116.50000000,0.16100000,123.8
1749262968,116.40000000,0.08600000,123.8
1749262968,116.30000000,4.55600000,123.8
1749262968,115.90000000,0.11100000,123.8
1749262968,115.70000000,0.16500000,123.8
1749262968,115.40000000,0.07400000,123.8
1749262968,115.00000000,0.65100000,123.8
1749262968,114.60000000,0.12000000,123.8
1749262968,114.40000000,0.59600000,123.8
1749262968,114.30000000,0.11700000,123.8
1749262968,113.90000000,0.05800000,123.8
1749262968,113.00000000,0.11700000,123.8
1749262968,111.90000000,0.05800000,123.8
1749262968,111.70000000,0.07600000,123.8
1749262968,111.60000000,0.54800000,123.8
1749262968,111.20000000,0.05000000,123.8
1749262968,110.70000000,0.81300000,123.8
1749262968,110.50000000,0.48600000,123.8
1749262968,110.30000000,0.17200000,123.8
1749262968,110.10000000,0.05100000,123.8
1749262968,110.00000000,0.40800000,123.8
1749262968,109.90000000,0.05800000,123.8
1749262968,109.00000000,0.11700000,123.8
1749262968,108.20000000,0.12000000,123.8
1749262968,108.10000000,0.07900000,123.8
1749262968,108.00000000,1.00000000,123.8
1749262968,107.90000000,0.05800000,123.8
1749262968,107.70000000,0.11700000,123.8
1749262968,106.50000000,0.11700000,123.8
1749262968,105.90000000,0.05800000,123.8
1749262968,105.20000000,0.11700000,123.8
1749262968,105.10000000,0.67800000,123.8
1749262968,105.00000000,1.00000000,123.8
1749262968,104.40000000,0.08200000,123.8
1749262968,104.20000000,0.05900000,123.8
1749262968,104.00000000,0.17100000,123.8
1749262968,103.90000000,0.05800000,123.8
1749262968,102.70000000,0.11700000,123.8
1749262968,102.20000000,0.05000000,123.8
1749262968,102.00000000,0.88200000,123.8
1749262968,101.90000000,0.17800000,123.8
1749262968,101.50000000,0.11700000,123.8
1749262968,100.70000000,0.08500000,123.8
1749262968,100.60000000,1.19300000,123.8
1749262968,100.50000000,0.07400000,123.8
1749262968,100.30000000,0.11700000,123.8
1749262968,100.00000000,0.40000000,123.8
1749262968,99.90000000,0.05800000,123.8
1749262968,99.10000000,0.11700000,123.8
1749262968,98.00000000,0.11700000,123.8
1749262968,97.90000000,0.05800000,123.8
1749262968,97.40000000,0.06300000,123.8
1749262968,97.30000000,0.05800000,123.8
1749262968,97.00000000,0.08800000,123.8
1749262968,96.80000000,0.11700000,123.8
1749262968,96.00000000,1.05800000,123.8
1749262968,95.70000000,0.11700000,123.8
1749263276,123.70000000,0.99100000,123.8
1749263276,123.60000000,4.38800000,123.8
1749263276,123.50000000,2.83400000,123.8
1749263276,123.40000000,12.57100000,123.8
1749263276,123.30000000,12.17100000,123.8
1749263276,123.20000000,35.31300000,123.8
1749263276,123.10000000,12.17200000,123.8
1749263276,123.00000000,9.19100000,123.8
1749263276,122.90000000,19.32200000,123.8
1749263276,122.80000000,2.76400000,123.8
1749263276,122.70000000,5.23900000,123.8
1749263276,122.60000000,160.99300000,123.8
1749263276,122.50000000,7.28200000,123.8
1749263276,122.40000000,8.54500000,123.8
1749263276,122.30000000,2.65800000,123.8
1749263276,122.20000000,2.66000000,123.8
1749263276,122.10000000,9.10000000,123.8
1749263276,122.00000000,6.79600000,123.8
1749263276,121.90000000,2.72500000,123.8
1749263276,121.80000000,7.72600000,123.8
1749263276,121.70000000,2.67100000,123.8
1749263276,121.50000000,1.04200000,123.8
1749263276,121.40000000,1.75900000,123.8
1749263276,121.30000000,735.47000000,123.8
1749263276,121.10000000,1.43300000,123.8
1749263276,121.00000000,4.71200000,123.8
1749263276,120.80000000,0.13400000,123.8
1749263276,120.50000000,0.08600000,123.8
1749263276,120.40000000,0.27600000,123.8
1749263276,120.00000000,0.36800000,123.8
1749263276,119.90000000,8.70000000,123.8
1749263276,119.60000000,0.08600000,123.8
1749263276,119.30000000,0.20200000,123.8
1749263276,119.10000000,0.15800000,123.8
1749263276,118.70000000,0.08600000,123.8
1749263276,118.50000000,2.79000000,123.8
1749263276,118.20000000,0.08600000,123.8
1749263276,118.10000000,0.12700000,123.8
1749263276,118.00000000,0.16900000,123.8
1749263276,117.90000000,0.05800000,123.8
1749263276,117.70000000,0.08600000,123.8
1749263276,117.30000000,0.08600000,123.8
1749263276,117.10000000,0.11700000,123.8
1749263276,116.80000000,0.08600000,123.8
1749263276,116.50000000,0.16100000,123.8
1749263276,116.40000000,0.08600000,123.8
1749263276,116.30000000,4.55600000,123.8
1749263276,115.90000000,0.11100000,123.8
1749263276,115.70000000,0.16500000,123.8
1749263276,115.40000000,0.07400000,123.8
1749263276,115.00000000,0.65100000,123.8
1749263276,114.60000000,0.12000000,123.8
1749263276,114.40000000,0.59600000,123.8
1749263276,114.30000000,0.11700000,123.8
1749263276,113.90000000,0.05800000,123.8
1749263276,113.00000000,0.11700000,123.8
1749263276,111.90000000,0.05800000,123.8
1749263276,111.70000000,0.07600000,123.8
1749263276,111.60000000,0.54800000,123.8
1749263276,111.20000000,0.05000000,123.8
1749263276,110.70000000,0.81300000,123.8
1749263276,110.50000000,0.48600000,123.8
1749263276,110.30000000,0.17200000,123.8
1749263276,110.10000000,0.05100000,123.8
1749263276,110.00000000,0.40800000,123.8
1749263276,109.90000000,0.05800000,123.8
1749263276,109.00000000,0.11700000,123.8
1749263276,108.20000000,0.12000000,123.8
1749263276,108.10000000,0.07900000,123.8
1749263276,108.00000000,1.00000000,123.8
1749263276,107.90000000,0.05800000,123.8
1749263276,107.70000000,0.11700000,123.8
1749263276,106.50000000,0.11700000,123.8
1749263276,105.90000000,0.05800000,123.8
1749263276,105.20000000,0.11700000,123.8
1749263276,105.10000000,0.67800000,123.8
1749263276,105.00000000,1.00000000,123.8
1749263276,104.40000000,0.08200000,123.8
1749263276,104.20000000,0.05900000,123.8
1749263276,104.00000000,0.17100000,123.8
1749263276,103.90000000,0.05800000,123.8
1749263276,102.70000000,0.11700000,123.8
1749263276,102.20000000,0.05000000,123.8
1749263276,102.00000000,0.88200000,123.8
1749263276,101.90000000,0.17800000,123.8
1749263276,101.50000000,0.11700000,123.8
1749263276,100.70000000,0.08500000,123.8
1749263276,100.60000000,1.19300000,123.8
1749263276,100.50000000,0.07400000,123.8
1749263276,100.30000000,0.11700000,123.8
1749263276,100.00000000,0.40000000,123.8
1749263276,99.90000000,0.05800000,123.8
1749263276,99.10000000,0.11700000,123.8
1749263276,98.00000000,0.11700000,123.8
1749263276,97.90000000,0.05800000,123.8
1749263276,97.40000000,0.06300000,123.8
1749263276,97.30000000,0.05800000,123.8
1749263276,97.00000000,0.08800000,123.8
1749263276,96.80000000,0.11700000,123.8
1749263276,96.00000000,1.05800000,123.8
1749263578,123.70000000,2.30600000,123.7
1749263578,123.60000000,4.38800000,123.7
1749263578,123.50000000,2.83400000,123.7
1749263578,123.40000000,4.04400000,123.7
1749263578,123.30000000,20.70400000,123.7
1749263578,123.20000000,29.52900000,123.7
1749263578,123.10000000,8.09200000,123.7
1749263578,123.00000000,19.07200000,123.7
1749263578,122.90000000,19.32200000,123.7
1749263578,122.80000000,11.02700000,123.7
1749263578,122.70000000,3.41200000,123.7
1749263578,122.60000000,157.45100000,123.7
1749263578,122.50000000,7.28200000,123.7
1749263578,122.40000000,2.85800000,123.7
1749263578,122.30000000,2.65800000,123.7
1749263578,122.20000000,2.66000000,123.7
1749263578,122.10000000,8.33300000,123.7
1749263578,122.00000000,7.56300000,123.7
1749263578,121.90000000,2.72500000,123.7
1749263578,121.80000000,7.72600000,123.7
1749263578,121.50000000,1.04200000,123.7
1749263578,121.40000000,1.75900000,123.7
1749263578,121.30000000,735.47000000,123.7
1749263578,121.10000000,1.43300000,123.7
1749263578,121.00000000,4.71200000,123.7
1749263578,120.80000000,0.13400000,123.7
1749263578,120.50000000,0.08600000,123.7
1749263578,120.40000000,0.27600000,123.7
1749263578,120.00000000,0.36800000,123.7
1749263578,119.90000000,0.18000000,123.7
1749263578,119.60000000,0.08600000,123.7
1749263578,119.30000000,0.20200000,123.7
1749263578,119.10000000,0.15800000,123.7
1749263578,118.70000000,0.08600000,123.7
1749263578,118.50000000,2.79000000,123.7
1749263578,118.20000000,0.08600000,123.7
1749263578,118.10000000,0.12700000,123.7
1749263578,118.00000000,0.16900000,123.7
1749263578,117.90000000,0.05800000,123.7
1749263578,117.70000000,0.08600000,123.7
1749263578,117.30000000,0.08600000,123.7
1749263578,117.10000000,0.11700000,123.7
1749263578,116.80000000,0.08600000,123.7
1749263578,116.50000000,0.16100000,123.7
1749263578,116.40000000,0.08600000,123.7
1749263578,116.30000000,4.55600000,123.7
1749263578,115.90000000,0.11100000,123.7
1749263578,115.70000000,0.16500000,123.7
1749263578,115.40000000,0.07400000,123.7
1749263578,115.00000000,0.65100000,123.7
1749263578,114.60000000,0.12000000,123.7
1749263578,114.40000000,0.59600000,123.7
1749263578,114.30000000,0.11700000,123.7
1749263578,113.90000000,0.05800000,123.7
1749263578,113.00000000,0.11700000,123.7
1749263578,111.90000000,0.05800000,123.7
1749263578,111.70000000,0.07600000,123.7
1749263578,111.60000000,0.54800000,123.7
1749263578,111.20000000,0.05000000,123.7
1749263578,110.70000000,0.81300000,123.7
1749263578,110.50000000,0.48600000,123.7
1749263578,110.30000000,0.17200000,123.7
1749263578,110.10000000,0.05100000,123.7
1749263578,110.00000000,0.40800000,123.7
1749263578,109.90000000,0.05800000,123.7
1749263578,109.00000000,0.11700000,123.7
1749263578,108.20000000,0.12000000,123.7
1749263578,108.10000000,0.07900000,123.7
1749263578,108.00000000,1.00000000,123.7
1749263578,107.90000000,0.05800000,123.7
1749263578,107.70000000,0.11700000,123.7
1749263578,106.50000000,0.11700000,123.7
1749263578,105.90000000,0.05800000,123.7
1749263578,105.20000000,0.11700000,123.7
1749263578,105.10000000,0.67800000,123.7
1749263578,105.00000000,1.00000000,123.7
1749263578,104.40000000,0.08200000,123.7
1749263578,104.20000000,0.05900000,123.7
1749263578,104.00000000,0.17100000,123.7
1749263578,103.90000000,0.05800000,123.7
1749263578,102.70000000,0.11700000,123.7
1749263578,102.20000000,0.05000000,123.7
1749263578,102.00000000,0.88200000,123.7
1749263578,101.90000000,0.17800000,123.7
1749263578,101.50000000,0.11700000,123.7
1749263578,100.70000000,0.08500000,123.7
1749263578,100.60000000,1.19300000,123.7
1749263578,100.50000000,0.07400000,123.7
1749263578,100.30000000,0.11700000,123.7
1749263578,100.00000000,0.40000000,123.7
1749263578,99.90000000,0.05800000,123.7
1749263578,99.10000000,0.11700000,123.7
1749263578,98.00000000,0.11700000,123.7
1749263578,97.90000000,0.05800000,123.7
1749263578,97.40000000,0.06300000,123.7
1749263578,97.30000000,0.05800000,123.7
1749263578,97.00000000,0.08800000,123.7
1749263578,96.80000000,0.11700000,123.7
1749263578,96.00000000,1.05800000,123.7
1749263578,95.70000000,0.11700000,123.7
1749263879,123.60000000,2.55900000,123.8
1749263879,123.50000000,4.59400000,123.8
1749263879,123.40000000,12.57100000,123.8
1749263879,123.30000000,12.17200000,123.8
1749263879,123.20000000,23.52900000,123.8
1749263879,123.10000000,14.09200000,123.8
1749263879,123.00000000,19.07200000,123.8
1749263879,122.90000000,19.32200000,123.8
1749263879,122.80000000,11.02700000,123.8
1749263879,122.70000000,3.41200000,123.8
1749263879,122.60000000,18.93000000,123.8
1749263879,122.50000000,146.49600000,123.8
1749263879,122.40000000,2.85800000,123.8
1749263879,122.30000000,2.65800000,123.8
1749263879,122.20000000,2.66000000,123.8
1749263879,122.10000000,8.33300000,123.8
1749263879,122.00000000,7.56300000,123.8
1749263879,121.90000000,2.72500000,123.8
1749263879,121.80000000,7.72600000,123.8
1749263879,121.70000000,2.67000000,123.8
1749263879,121.50000000,1.04200000,123.8
1749263879,121.40000000,0.50700000,123.8
1749263879,121.30000000,735.76700000,123.8
1749263879,121.10000000,1.43300000,123.8
1749263879,121.00000000,4.71200000,123.8
1749263879,120.80000000,0.13400000,123.8
1749263879,120.50000000,0.08600000,123.8
1749263879,120.40000000,0.27600000,123.8
1749263879,120.00000000,0.36800000,123.8
1749263879,119.90000000,0.18000000,123.8
1749263879,119.60000000,0.08600000,123.8
1749263879,119.30000000,0.20200000,123.8
1749263879,119.10000000,0.15800000,123.8
1749263879,118.70000000,0.08600000,123.8
1749263879,118.50000000,2.79000000,123.8
1749263879,118.20000000,0.08600000,123.8
1749263879,118.10000000,0.12700000,123.8
1749263879,118.00000000,0.16900000,123.8
1749263879,117.90000000,0.05800000,123.8
1749263879,117.70000000,0.08600000,123.8
1749263879,117.30000000,0.08600000,123.8
1749263879,117.10000000,0.11700000,123.8
1749263879,116.80000000,0.08600000,123.8
1749263879,116.50000000,0.16100000,123.8
1749263879,116.40000000,0.08600000,123.8
1749263879,116.30000000,4.55600000,123.8
1749263879,115.90000000,0.11100000,123.8
1749263879,115.70000000,0.16500000,123.8
1749263879,115.40000000,0.07400000,123.8
1749263879,115.00000000,0.65100000,123.8
1749263879,114.60000000,0.12000000,123.8
1749263879,114.40000000,0.59600000,123.8
1749263879,114.30000000,0.11700000,123.8
1749263879,113.90000000,0.05800000,123.8
1749263879,113.00000000,0.11700000,123.8
1749263879,111.90000000,0.05800000,123.8
1749263879,111.70000000,0.07600000,123.8
1749263879,111.60000000,0.54800000,123.8
1749263879,111.20000000,0.05000000,123.8
1749263879,110.70000000,0.81300000,123.8
1749263879,110.50000000,0.48600000,123.8
1749263879,110.30000000,0.17200000,123.8
1749263879,110.10000000,0.05100000,123.8
1749263879,110.00000000,0.40800000,123.8
1749263879,109.90000000,0.05800000,123.8
1749263879,109.00000000,0.11700000,123.8
1749263879,108.20000000,0.12000000,123.8
1749263879,108.10000000,0.07900000,123.8
1749263879,108.00000000,1.00000000,123.8
1749263879,107.90000000,0.05800000,123.8
1749263879,107.70000000,0.11700000,123.8
1749263879,106.50000000,0.11700000,123.8
1749263879,105.90000000,0.05800000,123.8
1749263879,105.20000000,0.11700000,123.8
1749263879,105.10000000,0.67800000,123.8
1749263879,105.00000000,1.00000000,123.8
1749263879,104.40000000,0.08200000,123.8
1749263879,104.20000000,0.05900000,123.8
1749263879,104.00000000,0.17100000,123.8
1749263879,103.90000000,0.05800000,123.8
1749263879,102.70000000,0.11700000,123.8
1749263879,102.20000000,0.05000000,123.8
1749263879,102.00000000,0.88200000,123.8
1749263879,101.90000000,0.17800000,123.8
1749263879,101.50000000,0.11700000,123.8
1749263879,100.70000000,0.08500000,123.8
1749263879,100.60000000,1.19300000,123.8
1749263879,100.50000000,0.07400000,123.8
1749263879,100.30000000,0.11700000,123.8
1749263879,100.00000000,0.40000000,123.8
1749263879,99.90000000,0.05800000,123.8
1749263879,99.10000000,0.11700000,123.8
1749263879,98.00000000,0.11700000,123.8
1749263879,97.90000000,0.05800000,123.8
1749263879,97.40000000,0.06300000,123.8
1749263879,97.30000000,0.05800000,123.8
1749263879,97.00000000,0.08800000,123.8
1749263879,96.80000000,0.11700000,123.8
1749263879,96.00000000,1.05800000,123.8
1749263879,95.70000000,0.11700000,123.8
1749264181,123.60000000,2.34900000,123.6
1749264181,123.50000000,4.59400000,123.6
1749264181,123.40000000,4.04400000,123.6
1749264181,123.30000000,4.09200000,123.6
1749264181,123.20000000,14.94800000,123.6
1749264181,123.10000000,34.04100000,123.6
1749264181,123.00000000,24.69600000,123.6
1749264181,122.90000000,19.32200000,123.6
1749264181,122.80000000,11.02700000,123.6
1749264181,122.70000000,3.49900000,123.6
1749264181,122.60000000,18.93000000,123.6
1749264181,122.50000000,144.24300000,123.6
1749264181,122.40000000,2.85800000,123.6
1749264181,122.30000000,2.65800000,123.6
1749264181,122.20000000,2.66000000,123.6
1749264181,122.10000000,9.10000000,123.6
1749264181,122.00000000,6.79600000,123.6
1749264181,121.90000000,2.72500000,123.6
1749264181,121.80000000,7.72600000,123.6
1749264181,121.70000000,2.67000000,123.6
1749264181,121.50000000,1.04200000,123.6
1749264181,121.30000000,735.76700000,123.6
1749264181,121.10000000,1.43300000,123.6
1749264181,121.00000000,4.71200000,123.6
1749264181,120.80000000,0.13400000,123.6
1749264181,120.50000000,0.08600000,123.6
1749264181,120.40000000,0.27600000,123.6
1749264181,120.00000000,0.36800000,123.6
1749264181,119.90000000,0.18000000,123.6
1749264181,119.60000000,0.08600000,123.6
1749264181,119.30000000,0.20200000,123.6
1749264181,119.10000000,0.15800000,123.6
1749264181,118.70000000,0.08600000,123.6
1749264181,118.50000000,2.79000000,123.6
1749264181,118.20000000,0.08600000,123.6
1749264181,118.10000000,0.12700000,123.6
1749264181,118.00000000,0.16900000,123.6
1749264181,117.90000000,0.05800000,123.6
1749264181,117.70000000,0.08600000,123.6
1749264181,117.30000000,0.08600000,123.6
1749264181,117.10000000,0.11700000,123.6
1749264181,116.80000000,0.08600000,123.6
1749264181,116.50000000,0.16100000,123.6
1749264181,116.40000000,0.08600000,123.6
1749264181,116.30000000,4.55600000,123.6
1749264181,115.90000000,0.11100000,123.6
1749264181,115.70000000,0.16500000,123.6
1749264181,115.40000000,0.07400000,123.6
1749264181,115.00000000,0.65100000,123.6
1749264181,114.60000000,0.12000000,123.6
1749264181,114.40000000,0.59600000,123.6
1749264181,114.30000000,0.11700000,123.6
1749264181,113.90000000,0.05800000,123.6
1749264181,113.00000000,0.11700000,123.6
1749264181,111.90000000,0.05800000,123.6
1749264181,111.70000000,0.07600000,123.6
1749264181,111.60000000,0.54800000,123.6
1749264181,111.20000000,0.05000000,123.6
1749264181,110.70000000,0.81300000,123.6
1749264181,110.50000000,0.48600000,123.6
1749264181,110.30000000,0.17200000,123.6
1749264181,110.10000000,0.05100000,123.6
1749264181,110.00000000,0.40800000,123.6
1749264181,109.90000000,0.05800000,123.6
1749264181,109.00000000,0.11700000,123.6
1749264181,108.20000000,0.12000000,123.6
1749264181,108.10000000,0.07900000,123.6
1749264181,108.00000000,1.00000000,123.6
1749264181,107.90000000,0.05800000,123.6
1749264181,107.70000000,0.11700000,123.6
1749264181,106.50000000,0.11700000,123.6
1749264181,105.90000000,0.05800000,123.6
1749264181,105.20000000,0.11700000,123.6
1749264181,105.10000000,0.67800000,123.6
1749264181,105.00000000,1.00000000,123.6
1749264181,104.40000000,0.08200000,123.6
1749264181,104.20000000,0.05900000,123.6
1749264181,104.00000000,0.17100000,123.6
1749264181,103.90000000,0.05800000,123.6
1749264181,102.70000000,0.11700000,123.6
1749264181,102.20000000,0.05000000,123.6
1749264181,102.00000000,0.88200000,123.6
1749264181,101.90000000,0.17800000,123.6
1749264181,101.50000000,0.11700000,123.6
1749264181,100.70000000,0.08500000,123.6
1749264181,100.60000000,1.19300000,123.6
1749264181,100.50000000,0.07400000,123.6
1749264181,100.30000000,0.11700000,123.6
1749264181,100.00000000,0.40000000,123.6
1749264181,99.90000000,0.05800000,123.6
1749264181,99.10000000,0.11700000,123.6
1749264181,98.00000000,0.11700000,123.6
1749264181,97.90000000,0.05800000,123.6
1749264181,97.40000000,0.06300000,123.6
1749264181,97.30000000,0.05800000,123.6
1749264181,97.00000000,0.08800000,123.6
1749264181,96.80000000,0.11700000,123.6
1749264181,96.00000000,1.05800000,123.6
1749264181,95.70000000,0.11700000,123.6
1749264181,95.60000000,0.12000000,123.6
1749264482,123.50000000,1.07300000,123.4
1749264482,123.40000000,5.80500000,123.4
1749264482,123.30000000,19.81300000,123.4
1749264482,123.20000000,4.10400000,123.4
1749264482,123.10000000,19.13500000,123.4
1749264482,123.00000000,20.82600000,123.4
1749264482,122.90000000,19.46800000,123.4
1749264482,122.80000000,12.65700000,123.4
1749264482,122.70000000,9.11200000,123.4
1749264482,122.60000000,18.93000000,123.4
1749264482,122.50000000,147.03300000,123.4
1749264482,122.40000000,9.31000000,123.4
1749264482,122.30000000,2.65800000,123.4
1749264482,122.20000000,2.66000000,123.4
1749264482,122.10000000,8.33300000,123.4
1749264482,122.00000000,6.79600000,123.4
1749264482,121.90000000,2.72500000,123.4
1749264482,121.80000000,7.72600000,123.4
1749264482,121.70000000,2.67100000,123.4
1749264482,121.60000000,0.77000000,123.4
1749264482,121.50000000,1.04200000,123.4
1749264482,121.30000000,0.11700000,123.4
1749264482,121.20000000,735.94800000,123.4
1749264482,121.10000000,1.46100000,123.4
1749264482,121.00000000,4.71200000,123.4
1749264482,120.80000000,0.13400000,123.4
1749264482,120.50000000,0.08600000,123.4
1749264482,120.40000000,0.27600000,123.4
1749264482,120.00000000,0.36800000,123.4
1749264482,119.90000000,0.18000000,123.4
1749264482,119.60000000,0.08600000,123.4
1749264482,119.30000000,0.20200000,123.4
1749264482,119.10000000,0.15800000,123.4
1749264482,118.70000000,0.08600000,123.4
1749264482,118.50000000,2.84200000,123.4
1749264482,118.20000000,0.08600000,123.4
1749264482,118.10000000,0.12700000,123.4
1749264482,118.00000000,0.16900000,123.4
1749264482,117.90000000,0.05800000,123.4
1749264482,117.70000000,0.08600000,123.4
1749264482,117.30000000,0.08600000,123.4
1749264482,117.10000000,0.11700000,123.4
1749264482,116.80000000,0.08600000,123.4
1749264482,116.50000000,0.16100000,123.4
1749264482,116.40000000,0.08600000,123.4
1749264482,116.30000000,4.55600000,123.4
1749264482,115.90000000,0.11100000,123.4
1749264482,115.70000000,0.16500000,123.4
1749264482,115.40000000,0.07400000,123.4
1749264482,115.00000000,0.65100000,123.4
1749264482,114.60000000,0.12000000,123.4
1749264482,114.40000000,0.59600000,123.4
1749264482,114.30000000,0.11700000,123.4
1749264482,113.90000000,0.05800000,123.4
1749264482,113.00000000,0.11700000,123.4
1749264482,111.90000000,0.05800000,123.4
1749264482,111.70000000,0.07600000,123.4
1749264482,111.60000000,0.54800000,123.4
1749264482,111.20000000,0.05000000,123.4
1749264482,110.70000000,0.81300000,123.4
1749264482,110.50000000,0.48600000,123.4
1749264482,110.30000000,0.17200000,123.4
1749264482,110.10000000,0.05100000,123.4
1749264482,110.00000000,0.40800000,123.4
1749264482,109.90000000,0.05800000,123.4
1749264482,109.00000000,0.11700000,123.4
1749264482,108.20000000,0.12000000,123.4
1749264482,108.10000000,0.07900000,123.4
1749264482,108.00000000,1.00000000,123.4
1749264482,107.90000000,0.05800000,123.4
1749264482,107.70000000,0.11700000,123.4
1749264482,106.50000000,0.11700000,123.4
1749264482,105.90000000,0.05800000,123.4
1749264482,105.20000000,0.11700000,123.4
1749264482,105.10000000,0.67800000,123.4
1749264482,105.00000000,1.00000000,123.4
1749264482,104.40000000,0.08200000,123.4
1749264482,104.20000000,0.05900000,123.4
1749264482,104.00000000,0.17100000,123.4
1749264482,103.90000000,0.05800000,123.4
1749264482,102.70000000,0.11700000,123.4
1749264482,102.20000000,0.05000000,123.4
1749264482,102.00000000,0.88200000,123.4
1749264482,101.90000000,0.17800000,123.4
1749264482,101.50000000,0.11700000,123.4
1749264482,100.70000000,0.08500000,123.4
1749264482,100.60000000,1.19300000,123.4
1749264482,100.50000000,0.07400000,123.4
1749264482,100.30000000,0.11700000,123.4
1749264482,100.00000000,0.40000000,123.4
1749264482,99.90000000,0.05800000,123.4
1749264482,99.10000000,0.11700000,123.4
1749264482,98.00000000,0.11700000,123.4
1749264482,97.90000000,0.05800000,123.4
1749264482,97.40000000,0.06300000,123.4
1749264482,97.30000000,0.05800000,123.4
1749264482,97.00000000,0.08800000,123.4
1749264482,96.80000000,0.11700000,123.4
1749264482,96.00000000,1.05800000,123.4
1749264482,95.70000000,0.11700000,123.4
1749264784,123.40000000,1.19600000,123.6
1749264784,123.30000000,5.85500000,123.6
1749264784,123.20000000,30.69300000,123.6
1749264784,123.10000000,8.42800000,123.6
1749264784,123.00000000,17.13600000,123.6
1749264784,122.90000000,12.62100000,123.6
1749264784,122.80000000,19.50900000,123.6
1749264784,122.70000000,6.52300000,123.6
1749264784,122.60000000,22.46900000,123.6
1749264784,122.50000000,9.87300000,123.6
1749264784,122.40000000,9.31000000,123.6
1749264784,122.30000000,134.93400000,123.6
1749264784,122.20000000,2.66000000,123.6
1749264784,122.10000000,8.33300000,123.6
1749264784,122.00000000,6.79600000,123.6
1749264784,121.90000000,2.72500000,123.6
1749264784,121.80000000,7.72600000,123.6
1749264784,121.70000000,2.67100000,123.6
1749264784,121.60000000,3.44300000,123.6
1749264784,121.50000000,3.71600000,123.6
1749264784,121.30000000,0.11700000,123.6
1749264784,121.10000000,1.46100000,123.6
1749264784,121.00000000,741.85200000,123.6
1749264784,120.80000000,0.13400000,123.6
1749264784,120.50000000,0.08600000,123.6
1749264784,120.40000000,0.27600000,123.6
1749264784,120.00000000,0.36800000,123.6
1749264784,119.90000000,0.18000000,123.6
1749264784,119.60000000,0.08600000,123.6
1749264784,119.30000000,0.20200000,123.6
1749264784,119.10000000,0.15800000,123.6
1749264784,118.70000000,0.08600000,123.6
1749264784,118.50000000,2.84200000,123.6
1749264784,118.20000000,0.08600000,123.6
1749264784,118.10000000,0.12700000,123.6
1749264784,118.00000000,0.16900000,123.6
1749264784,117.90000000,0.05800000,123.6
1749264784,117.70000000,0.08600000,123.6
1749264784,117.30000000,0.08600000,123.6
1749264784,117.10000000,0.11700000,123.6
1749264784,116.80000000,0.08600000,123.6
1749264784,116.50000000,0.16100000,123.6
1749264784,116.40000000,0.08600000,123.6
1749264784,116.30000000,4.55600000,123.6
1749264784,115.90000000,0.11100000,123.6
1749264784,115.70000000,0.16500000,123.6
1749264784,115.40000000,0.07400000,123.6
1749264784,115.00000000,0.65100000,123.6
1749264784,114.60000000,0.12000000,123.6
1749264784,114.40000000,0.59600000,123.6
1749264784,114.30000000,0.11700000,123.6
1749264784,113.90000000,0.05800000,123.6
1749264784,113.00000000,0.11700000,123.6
1749264784,111.90000000,0.05800000,123.6
1749264784,111.70000000,0.07600000,123.6
1749264784,111.60000000,0.54800000,123.6
1749264784,111.20000000,0.05000000,123.6
1749264784,110.70000000,0.81300000,123.6
1749264784,110.50000000,0.48600000,123.6
1749264784,110.30000000,0.17200000,123.6
1749264784,110.10000000,0.05100000,123.6
1749264784,110.00000000,0.40800000,123.6
1749264784,109.90000000,0.05800000,123.6
1749264784,109.00000000,0.11700000,123.6
1749264784,108.20000000,0.12000000,123.6
1749264784,108.10000000,0.07900000,123.6
1749264784,108.00000000,1.00000000,123.6
1749264784,107.90000000,0.05800000,123.6
1749264784,107.70000000,0.11700000,123.6
1749264784,106.50000000,0.11700000,123.6
1749264784,105.90000000,0.05800000,123.6
1749264784,105.20000000,0.11700000,123.6
1749264784,105.10000000,0.67800000,123.6
1749264784,105.00000000,1.00000000,123.6
1749264784,104.40000000,0.08200000,123.6
1749264784,104.20000000,0.05900000,123.6
1749264784,104.00000000,0.17100000,123.6
1749264784,103.90000000,0.05800000,123.6
1749264784,102.70000000,0.11700000,123.6
1749264784,102.20000000,0.05000000,123.6
1749264784,102.00000000,0.88200000,123.6
1749264784,101.90000000,0.17800000,123.6
1749264784,101.50000000,0.11700000,123.6
1749264784,100.70000000,0.08500000,123.6
1749264784,100.60000000,1.19300000,123.6
1749264784,100.50000000,0.07400000,123.6
1749264784,100.30000000,0.11700000,123.6
1749264784,100.00000000,0.40000000,123.6
1749264784,99.90000000,0.05800000,123.6
1749264784,99.10000000,0.11700000,123.6
1749264784,98.00000000,0.11700000,123.6
1749264784,97.90000000,0.05800000,123.6
1749264784,97.40000000,0.06300000,123.6
1749264784,97.30000000,0.05800000,123.6
1749264784,97.00000000,0.08800000,123.6
1749264784,96.80000000,0.11700000,123.6
1749264784,96.00000000,1.05800000,123.6
1749264784,95.70000000,0.11700000,123.6
1749264784,95.60000000,0.12000000,123.6
1749264784,95.00000000,3.00000000,123.6
1749265086,123.40000000,0.83500000,123.4
1749265086,123.30000000,4.39900000,123.4
1749265086,123.20000000,28.23800000,123.4
1749265086,123.10000000,15.44600000,123.4
1749265086,123.00000000,20.13300000,123.4
1749265086,122.90000000,12.62100000,123.4
1749265086,122.80000000,9.61600000,123.4
1749265086,122.70000000,6.94700000,123.4
1749265086,122.60000000,22.46900000,123.4
1749265086,122.50000000,10.63700000,123.4
1749265086,122.40000000,8.54500000,123.4
1749265086,122.30000000,143.71400000,123.4
1749265086,122.20000000,2.66000000,123.4
1749265086,122.10000000,8.33300000,123.4
1749265086,122.00000000,6.79600000,123.4
1749265086,121.90000000,2.72500000,123.4
1749265086,121.80000000,7.72600000,123.4
1749265086,121.70000000,2.67100000,123.4
1749265086,121.60000000,2.67300000,123.4
1749265086,121.50000000,3.71600000,123.4
1749265086,121.30000000,0.11700000,123.4
1749265086,121.10000000,739.69100000,123.4
1749265086,121.00000000,4.71200000,123.4
1749265086,120.80000000,0.13400000,123.4
1749265086,120.50000000,0.08600000,123.4
1749265086,120.40000000,0.27600000,123.4
1749265086,120.00000000,0.36800000,123.4
1749265086,119.90000000,0.18000000,123.4
1749265086,119.60000000,0.08600000,123.4
1749265086,119.30000000,0.20200000,123.4
1749265086,119.10000000,0.15800000,123.4
1749265086,118.70000000,0.08600000,123.4
1749265086,118.50000000,2.84200000,123.4
1749265086,118.20000000,0.08600000,123.4
1749265086,118.10000000,0.12700000,123.4
1749265086,118.00000000,0.16900000,123.4
1749265086,117.90000000,0.05800000,123.4
1749265086,117.70000000,0.08600000,123.4
1749265086,117.30000000,0.08600000,123.4
1749265086,117.10000000,0.11700000,123.4
1749265086,116.80000000,0.08600000,123.4
1749265086,116.50000000,0.16100000,123.4
1749265086,116.40000000,0.08600000,123.4
1749265086,116.30000000,4.55600000,123.4
1749265086,115.90000000,0.11100000,123.4
1749265086,115.70000000,0.16500000,123.4
1749265086,115.40000000,0.07400000,123.4
1749265086,115.00000000,0.65100000,123.4
1749265086,114.60000000,0.12000000,123.4
1749265086,114.40000000,0.59600000,123.4
1749265086,114.30000000,0.11700000,123.4
1749265086,113.90000000,0.05800000,123.4
1749265086,113.00000000,0.11700000,123.4
1749265086,111.90000000,0.05800000,123.4
1749265086,111.70000000,0.07600000,123.4
1749265086,111.60000000,0.54800000,123.4
1749265086,111.20000000,0.05000000,123.4
1749265086,110.70000000,0.81300000,123.4
1749265086,110.50000000,0.48600000,123.4
1749265086,110.30000000,0.17200000,123.4
1749265086,110.10000000,0.05100000,123.4
1749265086,110.00000000,0.40800000,123.4
1749265086,109.90000000,0.05800000,123.4
1749265086,109.00000000,0.11700000,123.4
1749265086,108.20000000,0.12000000,123.4
1749265086,108.10000000,0.07900000,123.4
1749265086,108.00000000,1.00000000,123.4
1749265086,107.90000000,0.05800000,123.4
1749265086,107.70000000,0.11700000,123.4
1749265086,106.50000000,0.11700000,123.4
1749265086,105.90000000,0.05800000,123.4
1749265086,105.20000000,0.11700000,123.4
1749265086,105.10000000,0.67800000,123.4
1749265086,105.00000000,1.00000000,123.4
1749265086,104.40000000,0.08200000,123.4
1749265086,104.20000000,0.05900000,123.4
1749265086,104.00000000,0.17100000,123.4
1749265086,103.90000000,0.05800000,123.4
1749265086,102.70000000,0.11700000,123.4
1749265086,102.20000000,0.05000000,123.4
1749265086,102.00000000,0.88200000,123.4
1749265086,101.90000000,0.17800000,123.4
1749265086,101.50000000,0.11700000,123.4
1749265086,100.70000000,0.08500000,123.4
1749265086,100.60000000,1.19300000,123.4
1749265086,100.50000000,0.07400000,123.4
1749265086,100.30000000,0.11700000,123.4
1749265086,100.00000000,0.40000000,123.4
1749265086,99.90000000,0.05800000,123.4
1749265086,99.10000000,0.11700000,123.4
1749265086,98.00000000,0.11700000,123.4
1749265086,97.90000000,0.05800000,123.4
1749265086,97.40000000,0.06300000,123.4
1749265086,97.30000000,0.05800000,123.4
1749265086,97.00000000,0.08800000,123.4
1749265086,96.80000000,0.11700000,123.4
1749265086,96.00000000,1.05800000,123.4
1749265086,95.70000000,0.11700000,123.4
1749265086,95.60000000,0.12000000,123.4
1749265086,95.00000000,3.00000000,123.4
1749265390,123.50000000,2.20900000,123.5
1749265390,123.40000000,2.59600000,123.5
1749265390,123.30000000,2.63600000,123.5
1749265390,123.20000000,22.60600000,123.5
1749265390,123.10000000,9.17500000,123.5
1749265390,123.00000000,32.05100000,123.5
1749265390,122.90000000,12.62100000,123.5
1749265390,122.80000000,9.61600000,123.5
1749265390,122.70000000,6.18400000,123.5
1749265390,122.60000000,25.81800000,123.5
1749265390,122.50000000,7.29400000,123.5
1749265390,122.40000000,145.04200000,123.5
1749265390,122.30000000,2.65800000,123.5
1749265390,122.20000000,2.66000000,123.5
1749265390,122.10000000,8.33300000,123.5
1749265390,122.00000000,7.56300000,123.5
1749265390,121.90000000,2.72500000,123.5
1749265390,121.80000000,7.72600000,123.5
1749265390,121.70000000,2.67100000,123.5
1749265390,121.60000000,2.67300000,123.5
1749265390,121.50000000,1.04200000,123.5
1749265390,121.30000000,0.11700000,123.5
1749265390,121.10000000,739.39200000,123.5
1749265390,121.00000000,4.71200000,123.5
1749265390,120.80000000,0.13400000,123.5
1749265390,120.50000000,0.08600000,123.5
1749265390,120.40000000,0.27600000,123.5
1749265390,120.00000000,0.36800000,123.5
1749265390,119.90000000,0.18000000,123.5
1749265390,119.60000000,0.08600000,123.5
1749265390,119.30000000,0.20200000,123.5
1749265390,119.10000000,0.15800000,123.5
1749265390,118.70000000,0.08600000,123.5
1749265390,118.50000000,2.84200000,123.5
1749265390,118.20000000,0.08600000,123.5
1749265390,118.10000000,0.12700000,123.5
1749265390,118.00000000,0.16900000,123.5
1749265390,117.90000000,0.05800000,123.5
1749265390,117.70000000,0.08600000,123.5
1749265390,117.30000000,0.08600000,123.5
1749265390,117.10000000,0.11700000,123.5
1749265390,116.80000000,0.08600000,123.5
1749265390,116.50000000,0.16100000,123.5
1749265390,116.40000000,0.08600000,123.5
1749265390,116.30000000,4.55600000,123.5
1749265390,115.90000000,0.11100000,123.5
1749265390,115.70000000,0.16500000,123.5
1749265390,115.40000000,0.07400000,123.5
1749265390,115.00000000,0.65100000,123.5
1749265390,114.60000000,0.12000000,123.5
1749265390,114.40000000,0.59600000,123.5
1749265390,114.30000000,0.11700000,123.5
1749265390,113.90000000,0.05800000,123.5
1749265390,113.00000000,0.11700000,123.5
1749265390,111.90000000,0.05800000,123.5
1749265390,111.70000000,0.07600000,123.5
1749265390,111.60000000,0.54800000,123.5
1749265390,111.20000000,0.05000000,123.5
1749265390,110.70000000,0.81300000,123.5
1749265390,110.50000000,0.48600000,123.5
1749265390,110.30000000,0.17200000,123.5
1749265390,110.10000000,0.05100000,123.5
1749265390,110.00000000,0.40800000,123.5
1749265390,109.90000000,0.05800000,123.5
1749265390,109.00000000,0.11700000,123.5
1749265390,108.20000000,0.12000000,123.5
1749265390,108.10000000,0.07900000,123.5
1749265390,108.00000000,1.00000000,123.5
1749265390,107.90000000,0.05800000,123.5
1749265390,107.70000000,0.11700000,123.5
1749265390,106.50000000,0.11700000,123.5
1749265390,105.90000000,0.05800000,123.5
1749265390,105.20000000,0.11700000,123.5
1749265390,105.10000000,0.67800000,123.5
1749265390,104.40000000,0.08200000,123.5
1749265390,104.20000000,0.05900000,123.5
1749265390,104.00000000,0.17100000,123.5
1749265390,103.90000000,0.05800000,123.5
1749265390,102.70000000,0.11700000,123.5
1749265390,102.20000000,0.05000000,123.5
1749265390,102.00000000,0.88200000,123.5
1749265390,101.90000000,0.17800000,123.5
1749265390,101.50000000,0.11700000,123.5
1749265390,100.70000000,0.08500000,123.5
1749265390,100.60000000,1.19300000,123.5
1749265390,100.50000000,0.07400000,123.5
1749265390,100.30000000,0.11700000,123.5
1749265390,100.00000000,0.40000000,123.5
1749265390,99.90000000,0.05800000,123.5
1749265390,99.10000000,0.11700000,123.5
1749265390,98.00000000,0.11700000,123.5
1749265390,97.90000000,0.05800000,123.5
1749265390,97.40000000,0.06300000,123.5
1749265390,97.30000000,0.05800000,123.5
1749265390,97.00000000,0.08800000,123.5
1749265390,96.80000000,0.11700000,123.5
1749265390,96.00000000,1.05800000,123.5
1749265390,95.70000000,0.11700000,123.5
1749265390,95.60000000,0.12000000,123.5
1749265390,95.00000000,3.00000000,123.5
1749265692,123.50000000,2.11200000,123.6
1749265692,123.40000000,2.59600000,123.6
1749265692,123.30000000,17.19500000,123.6
1749265692,123.20000000,20.56500000,123.6
1749265692,123.10000000,22.08800000,123.6
1749265692,123.00000000,19.72200000,123.6
1749265692,122.90000000,6.32500000,123.6
1749265692,122.80000000,2.76400000,123.6
1749265692,122.70000000,6.18400000,123.6
1749265692,122.60000000,25.81800000,123.6
1749265692,122.50000000,7.08100000,123.6
1749265692,122.40000000,152.33300000,123.6
1749265692,122.30000000,2.65800000,123.6
1749265692,122.20000000,2.66000000,123.6
1749265692,122.10000000,8.33300000,123.6
1749265692,122.00000000,7.56300000,123.6
1749265692,121.90000000,2.72500000,123.6
1749265692,121.80000000,7.72600000,123.6
1749265692,121.70000000,2.67100000,123.6
1749265692,121.60000000,2.67300000,123.6
1749265692,121.50000000,1.04200000,123.6
1749265692,121.30000000,0.11700000,123.6
1749265692,121.20000000,1.39000000,123.6
1749265692,121.10000000,736.54300000,123.6
1749265692,121.00000000,6.17500000,123.6
1749265692,120.80000000,0.13400000,123.6
1749265692,120.50000000,0.08600000,123.6
1749265692,120.40000000,0.27600000,123.6
1749265692,120.00000000,0.36800000,123.6
1749265692,119.90000000,0.18000000,123.6
1749265692,119.60000000,0.08600000,123.6
1749265692,119.30000000,0.20200000,123.6
1749265692,119.10000000,0.15800000,123.6
1749265692,118.70000000,0.08600000,123.6
1749265692,118.50000000,0.16300000,123.6
1749265692,118.40000000,2.68300000,123.6
1749265692,118.20000000,0.08600000,123.6
1749265692,118.10000000,0.12700000,123.6
1749265692,118.00000000,0.16900000,123.6
1749265692,117.90000000,0.05800000,123.6
1749265692,117.70000000,0.08600000,123.6
1749265692,117.30000000,0.08600000,123.6
1749265692,117.10000000,0.11700000,123.6
1749265692,116.80000000,0.08600000,123.6
1749265692,116.50000000,0.16100000,123.6
1749265692,116.40000000,0.08600000,123.6
1749265692,116.30000000,4.55600000,123.6
1749265692,115.90000000,0.11100000,123.6
1749265692,115.70000000,0.16500000,123.6
1749265692,115.40000000,0.07400000,123.6
1749265692,115.00000000,0.65100000,123.6
1749265692,114.60000000,0.12000000,123.6
1749265692,114.40000000,0.59600000,123.6
1749265692,114.30000000,0.11700000,123.6
1749265692,113.90000000,0.05800000,123.6
1749265692,113.00000000,0.11700000,123.6
1749265692,111.90000000,0.05800000,123.6
1749265692,111.70000000,0.07600000,123.6
1749265692,111.60000000,0.54800000,123.6
1749265692,111.20000000,0.05000000,123.6
1749265692,110.70000000,0.81300000,123.6
1749265692,110.50000000,0.48600000,123.6
1749265692,110.30000000,0.17200000,123.6
1749265692,110.10000000,0.05100000,123.6
1749265692,110.00000000,0.40800000,123.6
1749265692,109.90000000,0.05800000,123.6
1749265692,109.00000000,0.11700000,123.6
1749265692,108.20000000,0.12000000,123.6
1749265692,108.10000000,0.07900000,123.6
1749265692,108.00000000,1.00000000,123.6
1749265692,107.90000000,0.05800000,123.6
1749265692,107.70000000,0.11700000,123.6
1749265692,106.50000000,0.11700000,123.6
1749265692,105.90000000,0.05800000,123.6
1749265692,105.20000000,0.11700000,123.6
1749265692,105.10000000,0.67800000,123.6
1749265692,104.40000000,0.08200000,123.6
1749265692,104.20000000,0.05900000,123.6
1749265692,104.00000000,0.17100000,123.6
1749265692,103.90000000,0.05800000,123.6
1749265692,102.70000000,0.11700000,123.6
1749265692,102.20000000,0.05000000,123.6
1749265692,102.00000000,0.88200000,123.6
1749265692,101.90000000,0.17800000,123.6
1749265692,101.50000000,0.11700000,123.6
1749265692,100.70000000,0.08500000,123.6
1749265692,100.60000000,1.19300000,123.6
1749265692,100.50000000,0.07400000,123.6
1749265692,100.30000000,0.11700000,123.6
1749265692,100.00000000,0.40000000,123.6
1749265692,99.90000000,0.05800000,123.6
1749265692,99.10000000,0.11700000,123.6
1749265692,98.00000000,0.11700000,123.6
1749265692,97.90000000,0.05800000,123.6
1749265692,97.40000000,0.06300000,123.6
1749265692,97.30000000,0.05800000,123.6
1749265692,97.00000000,0.08800000,123.6
1749265692,96.80000000,0.11700000,123.6
1749265692,96.00000000,1.05800000,123.6
1749265692,95.70000000,0.11700000,123.6
1749265994,123.50000000,2.06700000,123.7
1749265994,123.40000000,17.38200000,123.7
1749265994,123.30000000,16.32900000,123.7
1749265994,123.20000000,10.55800000,123.7
1749265994,123.10000000,22.84800000,123.7
1749265994,123.00000000,15.77700000,123.7
1749265994,122.90000000,21.73300000,123.7
1749265994,122.80000000,11.96700000,123.7
1749265994,122.70000000,11.01500000,123.7
1749265994,122.60000000,18.93000000,123.7
1749265994,122.50000000,7.08100000,123.7
1749265994,122.40000000,147.23700000,123.7
1749265994,122.30000000,2.65800000,123.7
1749265994,122.20000000,2.66000000,123.7
1749265994,122.10000000,8.33300000,123.7
1749265994,122.00000000,6.79600000,123.7
1749265994,121.90000000,2.72500000,123.7
1749265994,121.80000000,8.49500000,123.7
1749265994,121.70000000,2.67100000,123.7
1749265994,121.60000000,2.67300000,123.7
1749265994,121.50000000,0.27200000,123.7
1749265994,121.30000000,0.11700000,123.7
1749265994,121.10000000,736.54300000,123.7
1749265994,121.00000000,6.17500000,123.7
1749265994,120.80000000,0.13400000,123.7
1749265994,120.50000000,0.08600000,123.7
1749265994,120.40000000,0.27600000,123.7
1749265994,120.00000000,0.36800000,123.7
1749265994,119.90000000,0.18000000,123.7
1749265994,119.60000000,0.08600000,123.7
1749265994,119.30000000,0.20200000,123.7
1749265994,119.10000000,0.15800000,123.7
1749265994,118.70000000,0.08600000,123.7
1749265994,118.50000000,0.16300000,123.7
1749265994,118.40000000,2.68300000,123.7
1749265994,118.20000000,0.08600000,123.7
1749265994,118.10000000,0.12700000,123.7
1749265994,118.00000000,0.16900000,123.7
1749265994,117.90000000,0.05800000,123.7
1749265994,117.70000000,0.08600000,123.7
1749265994,117.30000000,0.08600000,123.7
1749265994,117.10000000,0.11700000,123.7
1749265994,116.80000000,0.08600000,123.7
1749265994,116.50000000,0.16100000,123.7
1749265994,116.40000000,0.08600000,123.7
1749265994,116.30000000,4.55600000,123.7
1749265994,115.90000000,0.11100000,123.7
1749265994,115.70000000,0.16500000,123.7
1749265994,115.40000000,0.07400000,123.7
1749265994,115.00000000,0.65100000,123.7
1749265994,114.60000000,0.12000000,123.7
1749265994,114.40000000,0.59600000,123.7
1749265994,114.30000000,0.11700000,123.7
1749265994,113.90000000,0.05800000,123.7
1749265994,113.00000000,0.11700000,123.7
1749265994,111.90000000,0.05800000,123.7
1749265994,111.70000000,0.07600000,123.7
1749265994,111.60000000,0.54800000,123.7
1749265994,111.20000000,0.05000000,123.7
1749265994,110.70000000,0.81300000,123.7
1749265994,110.50000000,0.48600000,123.7
1749265994,110.30000000,0.17200000,123.7
1749265994,110.10000000,0.05100000,123.7
1749265994,110.00000000,0.40800000,123.7
1749265994,109.90000000,0.05800000,123.7
1749265994,109.00000000,0.11700000,123.7
1749265994,108.20000000,0.12000000,123.7
1749265994,108.10000000,0.07900000,123.7
1749265994,108.00000000,1.00000000,123.7
1749265994,107.90000000,0.05800000,123.7
1749265994,107.70000000,0.11700000,123.7
1749265994,106.50000000,0.11700000,123.7
1749265994,105.90000000,0.05800000,123.7
1749265994,105.20000000,0.11700000,123.7
1749265994,105.10000000,0.67800000,123.7
1749265994,104.40000000,0.08200000,123.7
1749265994,104.20000000,0.05900000,123.7
1749265994,104.00000000,0.17100000,123.7
1749265994,103.90000000,0.05800000,123.7
1749265994,102.70000000,0.11700000,123.7
1749265994,102.20000000,0.05000000,123.7
1749265994,102.00000000,0.88200000,123.7
1749265994,101.90000000,0.17800000,123.7
1749265994,101.50000000,0.11700000,123.7
1749265994,100.70000000,0.08500000,123.7
1749265994,100.60000000,1.19300000,123.7
1749265994,100.50000000,0.07400000,123.7
1749265994,100.30000000,0.11700000,123.7
1749265994,100.00000000,0.40000000,123.7
1749265994,99.90000000,0.05800000,123.7
1749265994,99.10000000,0.11700000,123.7
1749265994,98.00000000,0.11700000,123.7
1749265994,97.90000000,0.05800000,123.7
1749265994,97.40000000,0.06300000,123.7
1749265994,97.30000000,0.05800000,123.7
1749265994,97.00000000,0.08800000,123.7
1749265994,96.80000000,0.11700000,123.7
1749265994,96.00000000,1.05800000,123.7
1749265994,95.70000000,0.11700000,123.7
1749265994,95.60000000,0.12000000,123.7
1749266300,123.40000000,3.25900000,123.6
1749266300,123.30000000,5.82500000,123.6
1749266300,123.20000000,15.75200000,123.6
1749266300,123.10000000,24.55000000,123.6
1749266300,123.00000000,12.64700000,123.6
1749266300,122.90000000,8.64500000,123.6
1749266300,122.80000000,12.73600000,123.6
1749266300,122.70000000,6.94700000,123.6
1749266300,122.60000000,13.55300000,123.6
1749266300,122.50000000,10.25100000,123.6
1749266300,122.40000000,2.85800000,123.6
1749266300,122.30000000,165.11900000,123.6
1749266300,122.20000000,2.66000000,123.6
1749266300,122.10000000,8.91600000,123.6
1749266300,122.00000000,6.79600000,123.6
1749266300,121.90000000,2.72500000,123.6
1749266300,121.80000000,7.72600000,123.6
1749266300,121.70000000,2.67100000,123.6
1749266300,121.60000000,2.67300000,123.6
1749266300,121.50000000,3.71600000,123.6
1749266300,121.30000000,2.16700000,123.6
1749266300,121.00000000,6.17500000,123.6
1749266300,120.90000000,737.73800000,123.6
1749266300,120.80000000,0.13400000,123.6
1749266300,120.50000000,0.08600000,123.6
1749266300,120.40000000,0.27600000,123.6
1749266300,120.00000000,0.36800000,123.6
1749266300,119.90000000,0.18000000,123.6
1749266300,119.60000000,0.08600000,123.6
1749266300,119.30000000,0.20200000,123.6
1749266300,119.10000000,0.15800000,123.6
1749266300,118.70000000,0.08600000,123.6
1749266300,118.50000000,0.16300000,123.6
1749266300,118.40000000,2.68300000,123.6
1749266300,118.20000000,0.08600000,123.6
1749266300,118.10000000,0.12700000,123.6
1749266300,118.00000000,0.16900000,123.6
1749266300,117.90000000,0.05800000,123.6
1749266300,117.70000000,0.08600000,123.6
1749266300,117.30000000,0.08600000,123.6
1749266300,117.10000000,0.11700000,123.6
1749266300,116.80000000,0.08600000,123.6
1749266300,116.50000000,0.16100000,123.6
1749266300,116.40000000,0.08600000,123.6
1749266300,116.30000000,4.55600000,123.6
1749266300,115.90000000,0.11100000,123.6
1749266300,115.70000000,0.16500000,123.6
1749266300,115.40000000,0.07400000,123.6
1749266300,115.00000000,0.65100000,123.6
1749266300,114.60000000,0.12000000,123.6
1749266300,114.40000000,0.59600000,123.6
1749266300,114.30000000,0.11700000,123.6
1749266300,113.90000000,0.05800000,123.6
1749266300,113.00000000,0.11700000,123.6
1749266300,111.90000000,0.05800000,123.6
1749266300,111.70000000,0.07600000,123.6
1749266300,111.60000000,0.54800000,123.6
1749266300,111.20000000,0.05000000,123.6
1749266300,110.70000000,0.81300000,123.6
1749266300,110.50000000,0.48600000,123.6
1749266300,110.30000000,0.17200000,123.6
1749266300,110.10000000,0.05100000,123.6
1749266300,110.00000000,0.40800000,123.6
1749266300,109.90000000,0.05800000,123.6
1749266300,109.00000000,0.11700000,123.6
1749266300,108.20000000,0.12000000,123.6
1749266300,108.10000000,0.07900000,123.6
1749266300,108.00000000,1.00000000,123.6
1749266300,107.90000000,0.05800000,123.6
1749266300,107.70000000,0.11700000,123.6
1749266300,106.50000000,0.11700000,123.6
1749266300,105.90000000,0.05800000,123.6
1749266300,105.20000000,0.11700000,123.6
1749266300,105.10000000,0.67800000,123.6
1749266300,104.40000000,0.08200000,123.6
1749266300,104.20000000,0.05900000,123.6
1749266300,104.00000000,0.17100000,123.6
1749266300,103.90000000,0.05800000,123.6
1749266300,102.70000000,0.11700000,123.6
1749266300,102.20000000,0.05000000,123.6
1749266300,102.00000000,0.88200000,123.6
1749266300,101.90000000,0.17800000,123.6
1749266300,101.50000000,0.11700000,123.6
1749266300,100.70000000,0.08500000,123.6
1749266300,100.60000000,1.19300000,123.6
1749266300,100.50000000,0.07400000,123.6
1749266300,100.30000000,0.11700000,123.6
1749266300,100.00000000,0.40000000,123.6
1749266300,99.90000000,0.05800000,123.6
1749266300,99.10000000,0.11700000,123.6
1749266300,98.00000000,0.11700000,123.6
1749266300,97.90000000,0.05800000,123.6
1749266300,97.40000000,0.06300000,123.6
1749266300,97.30000000,0.05800000,123.6
1749266300,97.00000000,0.08800000,123.6
1749266300,96.80000000,0.11700000,123.6
1749266300,96.00000000,1.05800000,123.6
1749266300,95.70000000,0.11700000,123.6
1749266300,95.60000000,0.12000000,123.6
1749266300,95.00000000,3.00000000,123.6
1749266606,123.40000000,3.05800000,123.6
1749266606,123.30000000,5.82500000,123.6
1749266606,123.20000000,15.75200000,123.6
1749266606,123.10000000,8.79300000,123.6
1749266606,123.00000000,28.41700000,123.6
1749266606,122.90000000,2.64500000,123.6
1749266606,122.80000000,12.73600000,123.6
1749266606,122.70000000,12.18400000,123.6
1749266606,122.60000000,13.55300000,123.6
1749266606,122.50000000,10.25100000,123.6
1749266606,122.40000000,3.62300000,123.6
1749266606,122.30000000,135.55200000,123.6
1749266606,122.20000000,2.66000000,123.6
1749266606,122.10000000,8.91600000,123.6
1749266606,122.00000000,6.79600000,123.6
1749266606,121.90000000,2.72500000,123.6
1749266606,121.80000000,7.72600000,123.6
1749266606,121.70000000,2.67100000,123.6
1749266606,121.60000000,2.67300000,123.6
1749266606,121.50000000,3.71600000,123.6
1749266606,121.30000000,0.56000000,123.6
1749266606,121.20000000,2.22100000,123.6
1749266606,121.10000000,736.84200000,123.6
1749266606,121.00000000,6.17500000,123.6
1749266606,120.80000000,0.13400000,123.6
1749266606,120.50000000,0.08600000,123.6
1749266606,120.40000000,0.27600000,123.6
1749266606,120.00000000,0.36800000,123.6
1749266606,119.90000000,0.18000000,123.6
1749266606,119.60000000,0.08600000,123.6
1749266606,119.30000000,0.20200000,123.6
1749266606,119.10000000,0.15800000,123.6
1749266606,118.70000000,0.08600000,123.6
1749266606,118.50000000,0.16300000,123.6
1749266606,118.40000000,2.68300000,123.6
1749266606,118.20000000,0.08600000,123.6
1749266606,118.10000000,0.12700000,123.6
1749266606,118.00000000,0.16900000,123.6
1749266606,117.90000000,0.05800000,123.6
1749266606,117.70000000,0.08600000,123.6
1749266606,117.30000000,0.08600000,123.6
1749266606,117.10000000,0.11700000,123.6
1749266606,116.80000000,0.08600000,123.6
1749266606,116.50000000,0.16100000,123.6
1749266606,116.40000000,0.08600000,123.6
1749266606,116.30000000,4.55600000,123.6
1749266606,115.90000000,0.11100000,123.6
1749266606,115.70000000,0.16500000,123.6
1749266606,115.40000000,0.07400000,123.6
1749266606,115.00000000,0.65100000,123.6
1749266606,114.60000000,0.12000000,123.6
1749266606,114.40000000,0.59600000,123.6
1749266606,114.30000000,0.11700000,123.6
1749266606,113.90000000,0.05800000,123.6
1749266606,113.00000000,0.11700000,123.6
1749266606,111.90000000,0.05800000,123.6
1749266606,111.70000000,0.07600000,123.6
1749266606,111.60000000,0.54800000,123.6
1749266606,111.20000000,0.05000000,123.6
1749266606,110.70000000,0.81300000,123.6
1749266606,110.50000000,0.48600000,123.6
1749266606,110.30000000,0.17200000,123.6
1749266606,110.10000000,0.05100000,123.6
1749266606,110.00000000,0.40800000,123.6
1749266606,109.90000000,0.05800000,123.6
1749266606,109.00000000,0.11700000,123.6
1749266606,108.20000000,0.12000000,123.6
1749266606,108.10000000,0.07900000,123.6
1749266606,108.00000000,1.00000000,123.6
1749266606,107.90000000,0.05800000,123.6
1749266606,107.70000000,0.11700000,123.6
1749266606,106.50000000,0.11700000,123.6
1749266606,105.90000000,0.05800000,123.6
1749266606,105.20000000,0.11700000,123.6
1749266606,105.10000000,0.67800000,123.6
1749266606,104.40000000,0.08200000,123.6
1749266606,104.20000000,0.05900000,123.6
1749266606,104.00000000,0.17100000,123.6
1749266606,103.90000000,0.05800000,123.6
1749266606,102.70000000,0.11700000,123.6
1749266606,102.20000000,0.05000000,123.6
1749266606,102.00000000,0.88200000,123.6
1749266606,101.90000000,0.17800000,123.6
1749266606,101.50000000,0.11700000,123.6
1749266606,100.70000000,0.08500000,123.6
1749266606,100.60000000,1.19300000,123.6
1749266606,100.50000000,0.07400000,123.6
1749266606,100.30000000,0.11700000,123.6
1749266606,100.00000000,0.40000000,123.6
1749266606,99.90000000,0.05800000,123.6
1749266606,99.10000000,0.11700000,123.6
1749266606,98.00000000,0.11700000,123.6
1749266606,97.90000000,0.05800000,123.6
1749266606,97.40000000,0.06300000,123.6
1749266606,97.30000000,0.05800000,123.6
1749266606,97.00000000,0.08800000,123.6
1749266606,96.80000000,0.11700000,123.6
1749266606,96.00000000,1.05800000,123.6
1749266606,95.70000000,0.11700000,123.6
1749266606,95.60000000,0.12000000,123.6
1749266908,123.50000000,3.50800000,123.7
1749266908,123.40000000,4.81900000,123.7
1749266908,123.30000000,4.06200000,123.7
1749266908,123.20000000,23.81800000,123.7
1749266908,123.10000000,18.39800000,123.7
1749266908,123.00000000,10.72400000,123.7
1749266908,122.90000000,6.18300000,123.7
1749266908,122.80000000,18.73600000,123.7
1749266908,122.70000000,8.77500000,123.7
1749266908,122.60000000,10.96900000,123.7
1749266908,122.50000000,6.70900000,123.7
1749266908,122.40000000,144.70600000,123.7
1749266908,122.30000000,3.24800000,123.7
1749266908,122.20000000,2.66000000,123.7
1749266908,122.10000000,8.33300000,123.7
1749266908,122.00000000,6.79600000,123.7
1749266908,121.90000000,2.72500000,123.7
1749266908,121.80000000,7.72600000,123.7
1749266908,121.70000000,2.67100000,123.7
1749266908,121.60000000,2.67300000,123.7
1749266908,121.50000000,1.04200000,123.7
1749266908,121.30000000,0.17200000,123.7
1749266908,121.20000000,738.81300000,123.7
1749266908,121.00000000,6.17500000,123.7
1749266908,120.80000000,0.13400000,123.7
1749266908,120.50000000,0.08600000,123.7
1749266908,120.40000000,0.27600000,123.7
1749266908,120.20000000,8.52000000,123.7
1749266908,120.00000000,0.36800000,123.7
1749266908,119.90000000,0.18000000,123.7
1749266908,119.60000000,0.08600000,123.7
1749266908,119.30000000,0.20200000,123.7
1749266908,119.10000000,0.15800000,123.7
1749266908,118.70000000,0.08600000,123.7
1749266908,118.50000000,0.16300000,123.7
1749266908,118.40000000,2.68300000,123.7
1749266908,118.20000000,0.08600000,123.7
1749266908,118.10000000,0.12700000,123.7
1749266908,118.00000000,0.16900000,123.7
1749266908,117.90000000,0.05800000,123.7
1749266908,117.70000000,0.08600000,123.7
1749266908,117.30000000,0.08600000,123.7
1749266908,117.10000000,0.11700000,123.7
1749266908,116.80000000,0.08600000,123.7
1749266908,116.50000000,0.16100000,123.7
1749266908,116.40000000,0.08600000,123.7
1749266908,116.30000000,4.55600000,123.7
1749266908,115.90000000,0.11100000,123.7
1749266908,115.70000000,0.16500000,123.7
1749266908,115.40000000,0.07400000,123.7
1749266908,115.00000000,0.65100000,123.7
1749266908,114.60000000,0.12000000,123.7
1749266908,114.40000000,0.59600000,123.7
1749266908,114.30000000,0.11700000,123.7
1749266908,113.90000000,0.05800000,123.7
1749266908,113.00000000,0.11700000,123.7
1749266908,111.90000000,0.05800000,123.7
1749266908,111.70000000,0.07600000,123.7
1749266908,111.60000000,0.54800000,123.7
1749266908,111.20000000,0.05000000,123.7
1749266908,110.70000000,0.81300000,123.7
1749266908,110.50000000,0.48600000,123.7
1749266908,110.30000000,0.17200000,123.7
1749266908,110.10000000,0.05100000,123.7
1749266908,110.00000000,0.40800000,123.7
1749266908,109.90000000,0.05800000,123.7
1749266908,109.00000000,0.11700000,123.7
1749266908,108.20000000,0.12000000,123.7
1749266908,108.10000000,0.07900000,123.7
1749266908,108.00000000,1.00000000,123.7
1749266908,107.90000000,0.05800000,123.7
1749266908,107.70000000,0.11700000,123.7
1749266908,106.50000000,0.11700000,123.7
1749266908,105.90000000,0.05800000,123.7
1749266908,105.20000000,0.11700000,123.7
1749266908,105.10000000,0.67800000,123.7
1749266908,104.40000000,0.08200000,123.7
1749266908,104.20000000,0.05900000,123.7
1749266908,104.00000000,0.17100000,123.7
1749266908,103.90000000,0.05800000,123.7
1749266908,102.70000000,0.11700000,123.7
1749266908,102.20000000,0.05000000,123.7
1749266908,102.00000000,0.88200000,123.7
1749266908,101.90000000,0.17800000,123.7
1749266908,101.50000000,0.11700000,123.7
1749266908,100.70000000,0.08500000,123.7
1749266908,100.60000000,1.19300000,123.7
1749266908,100.50000000,0.07400000,123.7
1749266908,100.30000000,0.11700000,123.7
1749266908,100.00000000,0.40000000,123.7
1749266908,99.90000000,0.05800000,123.7
1749266908,99.10000000,0.11700000,123.7
1749266908,98.00000000,0.11700000,123.7
1749266908,97.90000000,0.05800000,123.7
1749266908,97.40000000,0.06300000,123.7
1749266908,97.30000000,0.05800000,123.7
1749266908,97.00000000,0.08800000,123.7
1749266908,96.80000000,0.11700000,123.7
1749266908,96.00000000,1.05800000,123.7
1749266908,95.70000000,0.11700000,123.7
1749267209,123.90000000,0.95000000,123.9
1749267209,123.80000000,1.86000000,123.9
1749267209,123.70000000,1.94600000,123.9
1749267209,123.60000000,3.26100000,123.9
1749267209,123.50000000,3.50800000,123.9
1749267209,123.40000000,3.05800000,123.9
1749267209,123.30000000,7.59600000,123.9
1749267209,123.20000000,23.15200000,123.9
1749267209,123.10000000,29.86200000,123.9
1749267209,123.00000000,21.25400000,123.9
1749267209,122.90000000,2.79100000,123.9
1749267209,122.80000000,150.42000000,123.9
1749267209,122.70000000,2.64900000,123.9
1749267209,122.60000000,10.82200000,123.9
1749267209,122.50000000,7.47300000,123.9
1749267209,122.40000000,3.44100000,123.9
1749267209,122.30000000,2.65800000,123.9
1749267209,122.20000000,2.66000000,123.9
1749267209,122.10000000,9.10000000,123.9
1749267209,122.00000000,6.79600000,123.9
1749267209,121.90000000,2.72500000,123.9
1749267209,121.80000000,7.72600000,123.9
1749267209,121.70000000,2.67100000,123.9
1749267209,121.50000000,1.04200000,123.9
1749267209,121.30000000,2.84000000,123.9
1749267209,121.20000000,735.94800000,123.9
1749267209,121.00000000,6.17000000,123.9
1749267209,120.80000000,0.13400000,123.9
1749267209,120.50000000,0.08600000,123.9
1749267209,120.40000000,0.27600000,123.9
1749267209,120.00000000,0.36800000,123.9
1749267209,119.90000000,0.18000000,123.9
1749267209,119.60000000,0.08600000,123.9
1749267209,119.30000000,0.20200000,123.9
1749267209,119.10000000,0.15800000,123.9
1749267209,118.70000000,0.08600000,123.9
1749267209,118.50000000,0.16300000,123.9
1749267209,118.40000000,2.67300000,123.9
1749267209,118.20000000,0.08600000,123.9
1749267209,118.10000000,0.12700000,123.9
1749267209,118.00000000,0.16900000,123.9
1749267209,117.90000000,0.05800000,123.9
1749267209,117.70000000,0.08600000,123.9
1749267209,117.30000000,0.08600000,123.9
1749267209,117.10000000,0.11700000,123.9
1749267209,116.80000000,0.08600000,123.9
1749267209,116.50000000,0.16100000,123.9
1749267209,116.40000000,0.08600000,123.9
1749267209,116.30000000,4.55600000,123.9
1749267209,115.90000000,0.11100000,123.9
1749267209,115.70000000,0.16500000,123.9
1749267209,115.40000000,0.07400000,123.9
1749267209,115.00000000,0.65100000,123.9
1749267209,114.60000000,0.12000000,123.9
1749267209,114.40000000,0.59600000,123.9
1749267209,114.30000000,0.11700000,123.9
1749267209,113.90000000,0.05800000,123.9
1749267209,113.00000000,0.11700000,123.9
1749267209,111.90000000,0.05800000,123.9
1749267209,111.70000000,0.07600000,123.9
1749267209,111.60000000,0.54800000,123.9
1749267209,111.20000000,0.05000000,123.9
1749267209,110.70000000,0.81300000,123.9
1749267209,110.50000000,0.48600000,123.9
1749267209,110.30000000,0.17200000,123.9
1749267209,110.10000000,0.05100000,123.9
1749267209,110.00000000,0.40800000,123.9
1749267209,109.90000000,0.05800000,123.9
1749267209,109.00000000,0.11700000,123.9
1749267209,108.20000000,0.12000000,123.9
1749267209,108.10000000,0.07900000,123.9
1749267209,108.00000000,1.00000000,123.9
1749267209,107.90000000,0.05800000,123.9
1749267209,107.70000000,0.11700000,123.9
1749267209,106.50000000,0.11700000,123.9
1749267209,105.90000000,0.05800000,123.9
1749267209,105.20000000,0.11700000,123.9
1749267209,105.10000000,0.67800000,123.9
1749267209,104.40000000,0.08200000,123.9
1749267209,104.20000000,0.05900000,123.9
1749267209,104.00000000,0.17100000,123.9
1749267209,103.90000000,0.05800000,123.9
1749267209,102.70000000,0.11700000,123.9
1749267209,102.20000000,0.05000000,123.9
1749267209,102.00000000,0.88200000,123.9
1749267209,101.90000000,0.17800000,123.9
1749267209,101.50000000,0.11700000,123.9
1749267209,100.70000000,0.08500000,123.9
1749267209,100.60000000,1.19300000,123.9
1749267209,100.50000000,0.07400000,123.9
1749267209,100.30000000,0.11700000,123.9
1749267209,100.00000000,0.40000000,123.9
1749267209,99.90000000,0.05800000,123.9
1749267209,99.10000000,0.11700000,123.9
1749267209,98.00000000,0.11700000,123.9
1749267209,97.90000000,0.05800000,123.9
1749267209,97.40000000,0.06300000,123.9
1749267209,97.30000000,0.05800000,123.9
1749267209,97.00000000,0.08800000,123.9
1749267209,96.80000000,0.11700000,123.9
1749267511,123.60000000,5.05000000,123.7
1749267511,123.50000000,5.26800000,123.7
1749267511,123.40000000,3.05800000,123.7
1749267511,123.30000000,4.06200000,123.7
1749267511,123.20000000,27.37800000,123.7
1749267511,123.10000000,29.71100000,123.7
1749267511,123.00000000,14.57000000,123.7
1749267511,122.90000000,6.31600000,123.7
1749267511,122.80000000,8.43200000,123.7
1749267511,122.70000000,5.24000000,123.7
1749267511,122.60000000,10.82200000,123.7
1749267511,122.50000000,154.54200000,123.7
1749267511,122.40000000,3.44100000,123.7
1749267511,122.30000000,2.65800000,123.7
1749267511,122.20000000,2.66000000,123.7
1749267511,122.10000000,9.10000000,123.7
1749267511,122.00000000,6.79600000,123.7
1749267511,121.90000000,2.72400000,123.7
1749267511,121.80000000,7.72600000,123.7
1749267511,121.50000000,1.04200000,123.7
1749267511,121.30000000,2.78500000,123.7
1749267511,121.20000000,735.94800000,123.7
1749267511,121.00000000,6.17000000,123.7
1749267511,120.80000000,0.13400000,123.7
1749267511,120.50000000,0.08600000,123.7
1749267511,120.40000000,0.27600000,123.7
1749267511,120.00000000,0.36800000,123.7
1749267511,119.90000000,0.18000000,123.7
1749267511,119.60000000,0.08600000,123.7
1749267511,119.30000000,0.20200000,123.7
1749267511,119.10000000,0.15800000,123.7
1749267511,118.70000000,0.08600000,123.7
1749267511,118.50000000,0.16300000,123.7
1749267511,118.40000000,2.67300000,123.7
1749267511,118.20000000,0.08600000,123.7
1749267511,118.10000000,0.12700000,123.7
1749267511,118.00000000,0.16900000,123.7
1749267511,117.90000000,0.05800000,123.7
1749267511,117.70000000,0.08600000,123.7
1749267511,117.30000000,0.08600000,123.7
1749267511,117.10000000,0.11700000,123.7
1749267511,116.80000000,0.08600000,123.7
1749267511,116.50000000,0.16100000,123.7
1749267511,116.40000000,0.08600000,123.7
1749267511,116.30000000,4.55600000,123.7
1749267511,115.90000000,0.11100000,123.7
1749267511,115.70000000,0.16500000,123.7
1749267511,115.40000000,0.07400000,123.7
1749267511,115.00000000,0.65100000,123.7
1749267511,114.60000000,0.12000000,123.7
1749267511,114.40000000,0.59600000,123.7
1749267511,114.30000000,0.11700000,123.7
1749267511,113.90000000,0.05800000,123.7
1749267511,113.00000000,0.11700000,123.7
1749267511,111.90000000,0.05800000,123.7
1749267511,111.70000000,0.07600000,123.7
1749267511,111.60000000,0.54800000,123.7
1749267511,111.20000000,0.05000000,123.7
1749267511,110.70000000,0.81300000,123.7
1749267511,110.50000000,0.48600000,123.7
1749267511,110.30000000,0.17200000,123.7
1749267511,110.10000000,0.05100000,123.7
1749267511,110.00000000,0.40800000,123.7
1749267511,109.90000000,0.05800000,123.7
1749267511,109.00000000,0.11700000,123.7
1749267511,108.20000000,0.12000000,123.7
1749267511,108.10000000,0.07900000,123.7
1749267511,108.00000000,1.00000000,123.7
1749267511,107.90000000,0.05800000,123.7
1749267511,107.70000000,0.11700000,123.7
1749267511,106.50000000,0.11700000,123.7
1749267511,105.90000000,0.05800000,123.7
1749267511,105.20000000,0.11700000,123.7
1749267511,105.10000000,0.67800000,123.7
1749267511,104.40000000,0.08200000,123.7
1749267511,104.20000000,0.05900000,123.7
1749267511,104.00000000,0.17100000,123.7
1749267511,103.90000000,0.05800000,123.7
1749267511,102.70000000,0.11700000,123.7
1749267511,102.20000000,0.05000000,123.7
1749267511,102.00000000,0.88200000,123.7
1749267511,101.90000000,0.17800000,123.7
1749267511,101.50000000,0.11700000,123.7
1749267511,100.70000000,0.08500000,123.7
1749267511,100.60000000,1.19300000,123.7
1749267511,100.50000000,0.07400000,123.7
1749267511,100.30000000,0.11700000,123.7
1749267511,100.00000000,0.40000000,123.7
1749267511,99.90000000,0.05800000,123.7
1749267511,99.10000000,0.11700000,123.7
1749267511,98.00000000,0.11700000,123.7
1749267511,97.90000000,0.05800000,123.7
1749267511,97.40000000,0.06300000,123.7
1749267511,97.30000000,0.05800000,123.7
1749267511,97.00000000,0.08800000,123.7
1749267511,96.80000000,0.11700000,123.7
1749267511,96.00000000,1.05800000,123.7
1749267511,95.70000000,0.11700000,123.7
1749267511,95.60000000,0.12000000,123.7
1749267511,95.00000000,3.00000000,123.7
1749267813,123.80000000,1.70800000,123.8
1749267813,123.70000000,3.92300000,123.8
1749267813,123.60000000,2.42200000,123.8
1749267813,123.50000000,3.50800000,123.8
1749267813,123.40000000,3.05800000,123.8
1749267813,123.30000000,13.73100000,123.8
1749267813,123.20000000,46.67600000,123.8
1749267813,123.10000000,8.09700000,123.8
1749267813,123.00000000,10.72400000,123.8
1749267813,122.90000000,8.92000000,123.8
1749267813,122.80000000,9.19400000,123.8
1749267813,122.70000000,2.64900000,123.8
1749267813,122.60000000,157.20600000,123.8
1749267813,122.50000000,6.70900000,123.8
1749267813,122.40000000,3.44100000,123.8
1749267813,122.30000000,2.65800000,123.8
1749267813,122.20000000,2.66000000,123.8
1749267813,122.10000000,9.10000000,123.8
1749267813,122.00000000,6.79600000,123.8
1749267813,121.90000000,2.72400000,123.8
1749267813,121.80000000,7.72600000,123.8
1749267813,121.50000000,1.04200000,123.8
1749267813,121.40000000,2.57600000,123.8
1749267813,121.30000000,735.47000000,123.8
1749267813,121.00000000,6.17000000,123.8
1749267813,120.80000000,0.13400000,123.8
1749267813,120.50000000,0.08600000,123.8
1749267813,120.40000000,0.27600000,123.8
1749267813,120.30000000,8.52000000,123.8
1749267813,120.00000000,0.36800000,123.8
1749267813,119.90000000,0.18000000,123.8
1749267813,119.60000000,0.08600000,123.8
1749267813,119.30000000,0.20200000,123.8
1749267813,119.10000000,0.15800000,123.8
1749267813,118.70000000,0.08600000,123.8
1749267813,118.50000000,0.16300000,123.8
1749267813,118.40000000,2.67300000,123.8
1749267813,118.20000000,0.08600000,123.8
1749267813,118.10000000,0.12700000,123.8
1749267813,118.00000000,0.16900000,123.8
1749267813,117.90000000,0.05800000,123.8
1749267813,117.70000000,0.08600000,123.8
1749267813,117.30000000,0.08600000,123.8
1749267813,117.10000000,0.11700000,123.8
1749267813,116.80000000,0.08600000,123.8
1749267813,116.50000000,0.16100000,123.8
1749267813,116.40000000,0.08600000,123.8
1749267813,116.30000000,4.55600000,123.8
1749267813,115.90000000,0.11100000,123.8
1749267813,115.70000000,0.16500000,123.8
1749267813,115.40000000,0.07400000,123.8
1749267813,115.00000000,0.65100000,123.8
1749267813,114.60000000,0.12000000,123.8
1749267813,114.40000000,0.59600000,123.8
1749267813,114.30000000,0.11700000,123.8
1749267813,113.90000000,0.05800000,123.8
1749267813,113.00000000,0.11700000,123.8
1749267813,111.90000000,0.05800000,123.8
1749267813,111.70000000,0.07600000,123.8
1749267813,111.60000000,0.54800000,123.8
1749267813,111.20000000,0.05000000,123.8
1749267813,110.70000000,0.81300000,123.8
1749267813,110.50000000,0.48600000,123.8
1749267813,110.30000000,0.17200000,123.8
1749267813,110.10000000,0.05100000,123.8
1749267813,110.00000000,0.40800000,123.8
1749267813,109.90000000,0.05800000,123.8
1749267813,109.00000000,0.11700000,123.8
1749267813,108.20000000,0.12000000,123.8
1749267813,108.10000000,0.07900000,123.8
1749267813,108.00000000,1.00000000,123.8
1749267813,107.90000000,0.05800000,123.8
1749267813,107.70000000,0.11700000,123.8
1749267813,106.50000000,0.11700000,123.8
1749267813,105.90000000,0.05800000,123.8
1749267813,105.20000000,0.11700000,123.8
1749267813,105.10000000,0.67800000,123.8
1749267813,104.40000000,0.08200000,123.8
1749267813,104.20000000,0.05900000,123.8
1749267813,104.00000000,0.17100000,123.8
