timestamp,price,volume,current_price
1749258418,123.90000000,2.37500000,123.9
1749258418,123.80000000,8.61900000,123.9
1749258418,123.70000000,4.40600000,123.9
1749258418,123.60000000,14.85500000,123.9
1749258418,123.50000000,38.59600000,123.9
1749258418,123.40000000,16.93900000,123.9
1749258418,123.30000000,18.43500000,123.9
1749258418,123.20000000,9.29400000,123.9
1749258418,123.10000000,10.90200000,123.9
1749258418,123.00000000,9.05600000,123.9
1749258418,122.90000000,156.91200000,123.9
1749258418,122.80000000,2.76400000,123.9
1749258418,122.70000000,3.22800000,123.9
1749258418,122.60000000,18.93000000,123.9
1749258418,122.50000000,3.41800000,123.9
1749258418,122.40000000,8.51200000,123.9
1749258418,122.30000000,11.81300000,123.9
1749258418,122.20000000,2.66000000,123.9
1749258418,122.10000000,2.66200000,123.9
1749258418,122.00000000,2.66400000,123.9
1749258418,121.90000000,0.05800000,123.9
1749258418,121.60000000,733.57500000,123.9
1749258418,121.30000000,1.56500000,123.9
1749258418,121.00000000,4.71200000,123.9
1749258418,120.80000000,0.13400000,123.9
1749258418,120.50000000,0.08600000,123.9
1749258418,120.00000000,0.36800000,123.9
1749258418,119.90000000,0.18000000,123.9
1749258418,119.60000000,0.08600000,123.9
1749258418,119.30000000,0.20200000,123.9
1749258418,119.10000000,0.15800000,123.9
1749258418,118.70000000,2.74100000,123.9
1749258418,118.50000000,0.16300000,123.9
1749258418,118.20000000,0.08600000,123.9
1749258418,118.10000000,0.12700000,123.9
1749258418,118.00000000,0.16900000,123.9
1749258418,117.90000000,0.05800000,123.9
1749258418,117.70000000,0.08600000,123.9
1749258418,117.30000000,0.08600000,123.9
1749258418,117.10000000,0.11700000,123.9
1749258418,116.80000000,0.08600000,123.9
1749258418,116.50000000,0.16100000,123.9
1749258418,116.40000000,0.08600000,123.9
1749258418,116.30000000,4.55600000,123.9
1749258418,115.90000000,0.11100000,123.9
1749258418,115.70000000,0.16500000,123.9
1749258418,115.40000000,0.07400000,123.9
1749258418,115.00000000,0.65100000,123.9
1749258418,114.60000000,0.12000000,123.9
1749258418,114.40000000,0.59600000,123.9
1749258418,114.30000000,0.11700000,123.9
1749258418,113.90000000,0.05800000,123.9
1749258418,113.00000000,0.11700000,123.9
1749258418,111.90000000,0.05800000,123.9
1749258418,111.70000000,0.07600000,123.9
1749258418,111.60000000,0.54800000,123.9
1749258418,111.20000000,0.05000000,123.9
1749258418,110.70000000,0.81300000,123.9
1749258418,110.50000000,0.48600000,123.9
1749258418,110.30000000,0.17200000,123.9
1749258418,110.10000000,0.05100000,123.9
1749258418,110.00000000,0.40800000,123.9
1749258418,109.90000000,0.05800000,123.9
1749258418,109.00000000,0.11700000,123.9
1749258418,108.20000000,0.12000000,123.9
1749258418,108.10000000,0.07900000,123.9
1749258418,108.00000000,1.00000000,123.9
1749258418,107.90000000,0.05800000,123.9
1749258418,107.70000000,0.11700000,123.9
1749258418,106.50000000,0.11700000,123.9
1749258418,105.90000000,0.05800000,123.9
1749258418,105.20000000,0.11700000,123.9
1749258418,105.10000000,0.67800000,123.9
1749258418,105.00000000,1.00000000,123.9
1749258418,104.40000000,0.08200000,123.9
1749258418,104.20000000,0.05900000,123.9
1749258418,104.00000000,0.17100000,123.9
1749258418,103.90000000,0.05800000,123.9
1749258418,102.70000000,0.11700000,123.9
1749258418,102.20000000,0.05000000,123.9
1749258418,102.00000000,0.88200000,123.9
1749258418,101.90000000,0.17800000,123.9
1749258418,101.50000000,0.11700000,123.9
1749258418,100.70000000,0.08500000,123.9
1749258418,100.60000000,1.19300000,123.9
1749258418,100.50000000,0.07400000,123.9
1749258418,100.30000000,0.11700000,123.9
1749258418,100.00000000,0.40000000,123.9
1749258418,99.90000000,0.05800000,123.9
1749258418,99.10000000,0.11700000,123.9
1749258418,98.00000000,0.11700000,123.9
1749258418,97.90000000,0.05800000,123.9
1749258418,97.40000000,0.06300000,123.9
1749258418,97.30000000,0.05800000,123.9
1749258418,97.00000000,0.08800000,123.9
1749258418,96.80000000,0.11700000,123.9
1749258418,96.00000000,1.05800000,123.9
1749258418,95.70000000,0.11700000,123.9
1749258418,95.60000000,0.12000000,123.9
1749258418,95.00000000,3.00000000,123.9
1749258754,123.90000000,4.24600000,123.9
1749258754,123.80000000,8.61900000,123.9
1749258754,123.70000000,4.40600000,123.9
1749258754,123.60000000,7.99600000,123.9
1749258754,123.50000000,23.86000000,123.9
1749258754,123.40000000,30.89900000,123.9
1749258754,123.30000000,23.09100000,123.9
1749258754,123.20000000,7.77400000,123.9
1749258754,123.10000000,11.81600000,123.9
1749258754,123.00000000,10.50000000,123.9
1749258754,122.90000000,4.01500000,123.9
1749258754,122.80000000,140.36900000,123.9
1749258754,122.70000000,3.99100000,123.9
1749258754,122.60000000,18.93000000,123.9
1749258754,122.50000000,2.65400000,123.9
1749258754,122.40000000,8.51200000,123.9
1749258754,122.30000000,6.78000000,123.9
1749258754,122.20000000,3.42600000,123.9
1749258754,122.10000000,7.70300000,123.9
1749258754,122.00000000,2.66400000,123.9
1749258754,121.90000000,0.05800000,123.9
1749258754,121.50000000,734.16700000,123.9
1749258754,121.30000000,1.56500000,123.9
1749258754,121.00000000,4.71200000,123.9
1749258754,120.80000000,0.13400000,123.9
1749258754,120.50000000,0.08600000,123.9
1749258754,120.20000000,0.08300000,123.9
1749258754,120.00000000,0.36800000,123.9
1749258754,119.90000000,0.18000000,123.9
1749258754,119.60000000,0.08600000,123.9
1749258754,119.30000000,0.20200000,123.9
1749258754,119.10000000,0.15800000,123.9
1749258754,118.70000000,2.74100000,123.9
1749258754,118.50000000,0.16300000,123.9
1749258754,118.20000000,0.08600000,123.9
1749258754,118.10000000,0.12700000,123.9
1749258754,118.00000000,0.16900000,123.9
1749258754,117.90000000,0.05800000,123.9
1749258754,117.70000000,0.08600000,123.9
1749258754,117.30000000,0.08600000,123.9
1749258754,117.10000000,0.11700000,123.9
1749258754,116.80000000,0.08600000,123.9
1749258754,116.50000000,0.16100000,123.9
1749258754,116.40000000,0.08600000,123.9
1749258754,116.30000000,4.55600000,123.9
1749258754,115.90000000,0.11100000,123.9
1749258754,115.70000000,0.16500000,123.9
1749258754,115.40000000,0.07400000,123.9
1749258754,115.00000000,0.65100000,123.9
1749258754,114.60000000,0.12000000,123.9
1749258754,114.40000000,0.59600000,123.9
1749258754,114.30000000,0.11700000,123.9
1749258754,113.90000000,0.05800000,123.9
1749258754,113.00000000,0.11700000,123.9
1749258754,111.90000000,0.05800000,123.9
1749258754,111.70000000,0.07600000,123.9
1749258754,111.60000000,0.54800000,123.9
1749258754,111.20000000,0.05000000,123.9
1749258754,110.70000000,0.81300000,123.9
1749258754,110.50000000,0.48600000,123.9
1749258754,110.30000000,0.17200000,123.9
1749258754,110.10000000,0.05100000,123.9
1749258754,110.00000000,0.40800000,123.9
1749258754,109.90000000,0.05800000,123.9
1749258754,109.00000000,0.11700000,123.9
1749258754,108.20000000,0.12000000,123.9
1749258754,108.10000000,0.07900000,123.9
1749258754,108.00000000,1.00000000,123.9
1749258754,107.90000000,0.05800000,123.9
1749258754,107.70000000,0.11700000,123.9
1749258754,106.50000000,0.11700000,123.9
1749258754,105.90000000,0.05800000,123.9
1749258754,105.20000000,0.11700000,123.9
1749258754,105.10000000,0.67800000,123.9
1749258754,105.00000000,1.00000000,123.9
1749258754,104.40000000,0.08200000,123.9
1749258754,104.20000000,0.05900000,123.9
1749258754,104.00000000,0.17100000,123.9
1749258754,103.90000000,0.05800000,123.9
1749258754,102.70000000,0.11700000,123.9
1749258754,102.20000000,0.05000000,123.9
1749258754,102.00000000,0.88200000,123.9
1749258754,101.90000000,0.17800000,123.9
1749258754,101.50000000,0.11700000,123.9
1749258754,100.70000000,0.08500000,123.9
1749258754,100.60000000,1.19300000,123.9
1749258754,100.50000000,0.07400000,123.9
1749258754,100.30000000,0.11700000,123.9
1749258754,100.00000000,0.40000000,123.9
1749258754,99.90000000,0.05800000,123.9
1749258754,99.10000000,0.11700000,123.9
1749258754,98.00000000,0.11700000,123.9
1749258754,97.90000000,0.05800000,123.9
1749258754,97.40000000,0.06300000,123.9
1749258754,97.30000000,0.05800000,123.9
1749258754,97.00000000,0.08800000,123.9
1749258754,96.80000000,0.11700000,123.9
1749258754,96.00000000,1.05800000,123.9
1749258754,95.70000000,0.11700000,123.9
1749258754,95.60000000,0.12000000,123.9
1749259056,123.80000000,6.24300000,123.8
1749259056,123.70000000,6.16300000,123.8
1749259056,123.60000000,4.05200000,123.8
1749259056,123.50000000,28.15200000,123.8
1749259056,123.40000000,14.58600000,123.8
1749259056,123.30000000,37.16800000,123.8
1749259056,123.20000000,9.55100000,123.8
1749259056,123.10000000,13.87900000,123.8
1749259056,123.00000000,18.21000000,123.8
1749259056,122.90000000,3.79300000,123.8
1749259056,122.80000000,2.76400000,123.8
1749259056,122.70000000,137.01700000,123.8
1749259056,122.60000000,10.82200000,123.8
1749259056,122.50000000,2.65400000,123.8
1749259056,122.40000000,8.51200000,123.8
1749259056,122.30000000,6.78000000,123.8
1749259056,122.20000000,3.42600000,123.8
1749259056,122.10000000,7.70300000,123.8
1749259056,122.00000000,2.66400000,123.8
1749259056,121.90000000,2.72400000,123.8
1749259056,121.50000000,734.16700000,123.8
1749259056,121.30000000,1.56500000,123.8
1749259056,121.00000000,4.71200000,123.8
1749259056,120.80000000,0.13400000,123.8
1749259056,120.50000000,0.08600000,123.8
1749259056,120.30000000,0.08200000,123.8
1749259056,120.00000000,0.36800000,123.8
1749259056,119.90000000,0.18000000,123.8
1749259056,119.60000000,0.08600000,123.8
1749259056,119.30000000,0.20200000,123.8
1749259056,119.10000000,0.15800000,123.8
1749259056,118.70000000,2.74100000,123.8
1749259056,118.50000000,0.16300000,123.8
1749259056,118.20000000,0.08600000,123.8
1749259056,118.10000000,0.12700000,123.8
1749259056,118.00000000,0.16900000,123.8
1749259056,117.90000000,0.05800000,123.8
1749259056,117.70000000,0.08600000,123.8
1749259056,117.30000000,0.08600000,123.8
1749259056,117.10000000,0.11700000,123.8
1749259056,116.80000000,0.08600000,123.8
1749259056,116.50000000,0.16100000,123.8
1749259056,116.40000000,0.08600000,123.8
1749259056,116.30000000,4.55600000,123.8
1749259056,115.90000000,0.11100000,123.8
1749259056,115.70000000,0.16500000,123.8
1749259056,115.40000000,0.07400000,123.8
1749259056,115.00000000,0.65100000,123.8
1749259056,114.60000000,0.12000000,123.8
1749259056,114.40000000,0.59600000,123.8
1749259056,114.30000000,0.11700000,123.8
1749259056,113.90000000,0.05800000,123.8
1749259056,113.00000000,0.11700000,123.8
1749259056,111.90000000,0.05800000,123.8
1749259056,111.70000000,0.07600000,123.8
1749259056,111.60000000,0.54800000,123.8
1749259056,111.20000000,0.05000000,123.8
1749259056,110.70000000,0.81300000,123.8
1749259056,110.50000000,0.48600000,123.8
1749259056,110.30000000,0.17200000,123.8
1749259056,110.10000000,0.05100000,123.8
1749259056,110.00000000,0.40800000,123.8
1749259056,109.90000000,0.05800000,123.8
1749259056,109.00000000,0.11700000,123.8
1749259056,108.20000000,0.12000000,123.8
1749259056,108.10000000,0.07900000,123.8
1749259056,108.00000000,1.00000000,123.8
1749259056,107.90000000,0.05800000,123.8
1749259056,107.70000000,0.11700000,123.8
1749259056,106.50000000,0.11700000,123.8
1749259056,105.90000000,0.05800000,123.8
1749259056,105.20000000,0.11700000,123.8
1749259056,105.10000000,0.67800000,123.8
1749259056,105.00000000,1.00000000,123.8
1749259056,104.40000000,0.08200000,123.8
1749259056,104.20000000,0.05900000,123.8
1749259056,104.00000000,0.17100000,123.8
1749259056,103.90000000,0.05800000,123.8
1749259056,102.70000000,0.11700000,123.8
1749259056,102.20000000,0.05000000,123.8
1749259056,102.00000000,0.88200000,123.8
1749259056,101.90000000,0.17800000,123.8
1749259056,101.50000000,0.11700000,123.8
1749259056,100.70000000,0.08500000,123.8
1749259056,100.60000000,1.19300000,123.8
1749259056,100.50000000,0.07400000,123.8
1749259056,100.30000000,0.11700000,123.8
1749259056,100.00000000,0.40000000,123.8
1749259056,99.90000000,0.05800000,123.8
1749259056,99.10000000,0.11700000,123.8
1749259056,98.00000000,0.11700000,123.8
1749259056,97.90000000,0.05800000,123.8
1749259056,97.40000000,0.06300000,123.8
1749259056,97.30000000,0.05800000,123.8
1749259056,97.00000000,0.08800000,123.8
1749259056,96.80000000,0.11700000,123.8
1749259056,96.00000000,1.05800000,123.8
1749259056,95.70000000,0.11700000,123.8
1749259056,95.60000000,0.12000000,123.8
1749259056,95.00000000,3.00000000,123.8
