timestamp,price,volume,current_price
1749254459,0.08930000,89159.00000000,0.0893
1749254459,0.08920000,532278.00000000,0.0893
1749254459,0.08910000,834214.00000000,0.0893
1749254459,0.08900000,604756.00000000,0.0893
1749254459,0.08890000,253143.00000000,0.0893
1749254459,0.08880000,72556.00000000,0.0893
1749254459,0.08870000,125844.00000000,0.0893
1749254459,0.08860000,58996.00000000,0.0893
1749254459,0.08850000,41031.00000000,0.0893
1749254459,0.08840000,35129.00000000,0.0893
1749254459,0.08830000,37351.00000000,0.0893
1749254459,0.08820000,35611.00000000,0.0893
1749254459,0.08810000,29227.00000000,0.0893
1749254459,0.08800000,22320.00000000,0.0893
1749254459,0.08790000,51411.00000000,0.0893
1749254459,0.08780000,9615.00000000,0.0893
1749254459,0.08770000,196.00000000,0.0893
1749254459,0.08760000,10842.00000000,0.0893
1749254459,0.08750000,9416.00000000,0.0893
1749254459,0.08740000,19206.00000000,0.0893
1749254459,0.08730000,38774.00000000,0.0893
1749254459,0.08720000,6225.00000000,0.0893
1749254459,0.08710000,9845.00000000,0.0893
1749254459,0.08700000,31161.00000000,0.0893
1749254459,0.08690000,197.00000000,0.0893
1749254459,0.08680000,334.00000000,0.0893
1749254459,0.08670000,112.00000000,0.0893
1749254459,0.08660000,29890.00000000,0.0893
1749254459,0.08650000,13769.00000000,0.0893
1749254459,0.08640000,451.00000000,0.0893
1749254459,0.08630000,10717.00000000,0.0893
1749254459,0.08620000,184.00000000,0.0893
1749254459,0.08610000,5450.00000000,0.0893
1749254459,0.08600000,18625.00000000,0.0893
1749254459,0.08590000,22325.00000000,0.0893
1749254459,0.08580000,1585.00000000,0.0893
1749254459,0.08570000,5263.00000000,0.0893
1749254459,0.08560000,463.00000000,0.0893
1749254459,0.08550000,12559.00000000,0.0893
1749254459,0.08540000,563.00000000,0.0893
1749254459,0.08530000,1766.00000000,0.0893
1749254459,0.08520000,5936.00000000,0.0893
1749254459,0.08510000,2545.00000000,0.0893
1749254459,0.08500000,37402.00000000,0.0893
1749254459,0.08490000,23200.00000000,0.0893
1749254459,0.08480000,12263.00000000,0.0893
1749254459,0.08470000,526.00000000,0.0893
1749254459,0.08460000,272.00000000,0.0893
1749254459,0.08450000,1328.00000000,0.0893
1749254459,0.08440000,1821.00000000,0.0893
1749254459,0.08430000,112.00000000,0.0893
1749254459,0.08420000,57308.00000000,0.0893
1749254459,0.08410000,230.00000000,0.0893
1749254459,0.08400000,491.00000000,0.0893
1749254459,0.08390000,1781.00000000,0.0893
1749254459,0.08380000,396.00000000,0.0893
1749254459,0.08370000,527.00000000,0.0893
1749254459,0.08360000,636.00000000,0.0893
1749254459,0.08350000,1679.00000000,0.0893
1749254459,0.08340000,841.00000000,0.0893
1749254459,0.08330000,307.00000000,0.0893
1749254459,0.08320000,112.00000000,0.0893
1749254459,0.08310000,943.00000000,0.0893
1749254459,0.08300000,1382.00000000,0.0893
1749254459,0.08290000,112.00000000,0.0893
1749254459,0.08280000,30915.00000000,0.0893
1749254459,0.08270000,3063.00000000,0.0893
1749254459,0.08260000,1625.00000000,0.0893
1749254459,0.08250000,400.00000000,0.0893
1749254459,0.08240000,558.00000000,0.0893
1749254459,0.08230000,24878.00000000,0.0893
1749254459,0.08220000,174.00000000,0.0893
1749254459,0.08210000,1732.00000000,0.0893
1749254459,0.08200000,17366.00000000,0.0893
1749254459,0.08190000,56560.00000000,0.0893
1749254459,0.08180000,112.00000000,0.0893
1749254459,0.08170000,2704.00000000,0.0893
1749254459,0.08160000,313.00000000,0.0893
1749254459,0.08150000,5628.00000000,0.0893
1749254459,0.08140000,301.00000000,0.0893
1749254459,0.08130000,4674.00000000,0.0893
1749254459,0.08120000,334.00000000,0.0893
1749254459,0.08110000,3154.00000000,0.0893
1749254459,0.08100000,14282.00000000,0.0893
1749254459,0.08090000,68.00000000,0.0893
1749254459,0.08080000,5678.00000000,0.0893
1749254459,0.08070000,65.00000000,0.0893
1749254459,0.08060000,1260.00000000,0.0893
1749254459,0.08050000,791.00000000,0.0893
1749254459,0.08040000,239.00000000,0.0893
1749254459,0.08030000,184.00000000,0.0893
1749254459,0.08020000,187.00000000,0.0893
1749254459,0.08010000,466.00000000,0.0893
1749254459,0.08000000,222028.00000000,0.0893
1749254459,0.07990000,87.00000000,0.0893
1749254459,0.07980000,241.00000000,0.0893
1749254459,0.07960000,69.00000000,0.0893
1749254459,0.07950000,6113.00000000,0.0893
1749254459,0.07940000,380.00000000,0.0893
1749254459,0.07930000,226.00000000,0.0893
1749254760,0.08940000,48905.00000000,0.0894
1749254760,0.08930000,393772.00000000,0.0894
1749254760,0.08920000,713644.00000000,0.0894
1749254760,0.08910000,175937.00000000,0.0894
1749254760,0.08900000,828029.00000000,0.0894
1749254760,0.08890000,225050.00000000,0.0894
1749254760,0.08880000,60167.00000000,0.0894
1749254760,0.08870000,125844.00000000,0.0894
1749254760,0.08860000,58996.00000000,0.0894
1749254760,0.08850000,54737.00000000,0.0894
1749254760,0.08840000,21049.00000000,0.0894
1749254760,0.08830000,46717.00000000,0.0894
1749254760,0.08820000,48524.00000000,0.0894
1749254760,0.08810000,9348.00000000,0.0894
1749254760,0.08800000,22320.00000000,0.0894
1749254760,0.08790000,51411.00000000,0.0894
1749254760,0.08780000,9615.00000000,0.0894
1749254760,0.08770000,196.00000000,0.0894
1749254760,0.08760000,10842.00000000,0.0894
1749254760,0.08750000,9416.00000000,0.0894
1749254760,0.08740000,19206.00000000,0.0894
1749254760,0.08730000,44447.00000000,0.0894
1749254760,0.08720000,488.00000000,0.0894
1749254760,0.08710000,9845.00000000,0.0894
1749254760,0.08700000,31161.00000000,0.0894
1749254760,0.08690000,197.00000000,0.0894
1749254760,0.08680000,334.00000000,0.0894
1749254760,0.08670000,12574.00000000,0.0894
1749254760,0.08660000,26425.00000000,0.0894
1749254760,0.08650000,4769.00000000,0.0894
1749254760,0.08640000,451.00000000,0.0894
1749254760,0.08630000,10717.00000000,0.0894
1749254760,0.08620000,6576.00000000,0.0894
1749254760,0.08610000,5450.00000000,0.0894
1749254760,0.08600000,18625.00000000,0.0894
1749254760,0.08590000,22325.00000000,0.0894
1749254760,0.08580000,5047.00000000,0.0894
1749254760,0.08570000,1798.00000000,0.0894
1749254760,0.08560000,463.00000000,0.0894
1749254760,0.08550000,12559.00000000,0.0894
1749254760,0.08540000,563.00000000,0.0894
1749254760,0.08530000,1766.00000000,0.0894
1749254760,0.08520000,5936.00000000,0.0894
1749254760,0.08510000,2545.00000000,0.0894
1749254760,0.08500000,37402.00000000,0.0894
1749254760,0.08490000,26662.00000000,0.0894
1749254760,0.08480000,8798.00000000,0.0894
1749254760,0.08470000,526.00000000,0.0894
1749254760,0.08460000,272.00000000,0.0894
1749254760,0.08450000,1328.00000000,0.0894
1749254760,0.08440000,1821.00000000,0.0894
1749254760,0.08430000,112.00000000,0.0894
1749254760,0.08420000,57308.00000000,0.0894
1749254760,0.08410000,230.00000000,0.0894
1749254760,0.08400000,491.00000000,0.0894
1749254760,0.08390000,1781.00000000,0.0894
1749254760,0.08380000,396.00000000,0.0894
1749254760,0.08370000,527.00000000,0.0894
1749254760,0.08360000,636.00000000,0.0894
1749254760,0.08350000,1679.00000000,0.0894
1749254760,0.08340000,841.00000000,0.0894
1749254760,0.08330000,307.00000000,0.0894
1749254760,0.08320000,112.00000000,0.0894
1749254760,0.08310000,943.00000000,0.0894
1749254760,0.08300000,1382.00000000,0.0894
1749254760,0.08290000,112.00000000,0.0894
1749254760,0.08280000,30915.00000000,0.0894
1749254760,0.08270000,3063.00000000,0.0894
1749254760,0.08260000,1625.00000000,0.0894
1749254760,0.08250000,400.00000000,0.0894
1749254760,0.08240000,558.00000000,0.0894
1749254760,0.08230000,24878.00000000,0.0894
1749254760,0.08220000,174.00000000,0.0894
1749254760,0.08210000,1732.00000000,0.0894
1749254760,0.08200000,17366.00000000,0.0894
1749254760,0.08190000,56560.00000000,0.0894
1749254760,0.08170000,2704.00000000,0.0894
1749254760,0.08160000,313.00000000,0.0894
1749254760,0.08150000,5628.00000000,0.0894
1749254760,0.08140000,301.00000000,0.0894
1749254760,0.08130000,4674.00000000,0.0894
1749254760,0.08120000,334.00000000,0.0894
1749254760,0.08110000,3154.00000000,0.0894
1749254760,0.08100000,14282.00000000,0.0894
1749254760,0.08090000,68.00000000,0.0894
1749254760,0.08080000,5678.00000000,0.0894
1749254760,0.08070000,65.00000000,0.0894
1749254760,0.08060000,1260.00000000,0.0894
1749254760,0.08050000,791.00000000,0.0894
1749254760,0.08040000,511.00000000,0.0894
1749254760,0.08030000,184.00000000,0.0894
1749254760,0.08020000,187.00000000,0.0894
1749254760,0.08010000,466.00000000,0.0894
1749254760,0.08000000,221965.00000000,0.0894
1749254760,0.07990000,87.00000000,0.0894
1749254760,0.07980000,241.00000000,0.0894
1749254760,0.07960000,69.00000000,0.0894
1749254760,0.07950000,6113.00000000,0.0894
1749254760,0.07940000,380.00000000,0.0894
1749254760,0.07930000,226.00000000,0.0894
