timestamp,price,volume,current_price
1749260648,0.09030000,23247.00000000,0.0903
1749260648,0.09020000,295369.00000000,0.0903
1749260648,0.09010000,513779.00000000,0.0903
1749260648,0.09000000,626335.00000000,0.0903
1749260648,0.08990000,148541.00000000,0.0903
1749260648,0.08980000,117638.00000000,0.0903
1749260648,0.08970000,148552.00000000,0.0903
1749260648,0.08960000,32223.00000000,0.0903
1749260648,0.08950000,58975.00000000,0.0903
1749260648,0.08940000,102587.00000000,0.0903
1749260648,0.08930000,42011.00000000,0.0903
1749260648,0.08920000,42626.00000000,0.0903
1749260648,0.08910000,33401.00000000,0.0903
1749260648,0.08900000,517979.00000000,0.0903
1749260648,0.08890000,51997.00000000,0.0903
1749260648,0.08880000,21531.00000000,0.0903
1749260648,0.08870000,306.00000000,0.0903
1749260648,0.08860000,321.00000000,0.0903
1749260648,0.08850000,525.00000000,0.0903
1749260648,0.08840000,196.00000000,0.0903
1749260648,0.08830000,17065.00000000,0.0903
1749260648,0.08820000,640.00000000,0.0903
1749260648,0.08810000,384.00000000,0.0903
1749260648,0.08800000,6417.00000000,0.0903
1749260648,0.08790000,196.00000000,0.0903
1749260648,0.08780000,615.00000000,0.0903
1749260648,0.08770000,196.00000000,0.0903
1749260648,0.08760000,17134.00000000,0.0903
1749260648,0.08750000,477.00000000,0.0903
1749260648,0.08740000,10206.00000000,0.0903
1749260648,0.08730000,318.00000000,0.0903
1749260648,0.08720000,488.00000000,0.0903
1749260648,0.08710000,845.00000000,0.0903
1749260648,0.08700000,21761.00000000,0.0903
1749260648,0.08690000,197.00000000,0.0903
1749260648,0.08680000,2468.00000000,0.0903
1749260648,0.08670000,3574.00000000,0.0903
1749260648,0.08660000,285.00000000,0.0903
1749260648,0.08650000,4769.00000000,0.0903
1749260648,0.08640000,335.00000000,0.0903
1749260648,0.08630000,403.00000000,0.0903
1749260648,0.08620000,112.00000000,0.0903
1749260648,0.08610000,5567.00000000,0.0903
1749260648,0.08600000,18625.00000000,0.0903
1749260648,0.08590000,11955.00000000,0.0903
1749260648,0.08580000,5047.00000000,0.0903
1749260648,0.08570000,1798.00000000,0.0903
1749260648,0.08560000,463.00000000,0.0903
1749260648,0.08550000,12766.00000000,0.0903
1749260648,0.08540000,563.00000000,0.0903
1749260648,0.08530000,1872.00000000,0.0903
1749260648,0.08520000,5936.00000000,0.0903
1749260648,0.08510000,2545.00000000,0.0903
1749260648,0.08500000,49219.00000000,0.0903
1749260648,0.08490000,26662.00000000,0.0903
1749260648,0.08480000,8674.00000000,0.0903
1749260648,0.08470000,526.00000000,0.0903
1749260648,0.08460000,272.00000000,0.0903
1749260648,0.08450000,1328.00000000,0.0903
1749260648,0.08440000,1821.00000000,0.0903
1749260648,0.08430000,112.00000000,0.0903
1749260648,0.08420000,57308.00000000,0.0903
1749260648,0.08410000,230.00000000,0.0903
1749260648,0.08400000,491.00000000,0.0903
1749260648,0.08390000,1781.00000000,0.0903
1749260648,0.08380000,396.00000000,0.0903
1749260648,0.08370000,527.00000000,0.0903
1749260648,0.08360000,636.00000000,0.0903
1749260648,0.08350000,1679.00000000,0.0903
1749260648,0.08340000,841.00000000,0.0903
1749260648,0.08330000,306.00000000,0.0903
1749260648,0.08320000,111.00000000,0.0903
1749260648,0.08310000,942.00000000,0.0903
1749260648,0.08300000,1381.00000000,0.0903
1749260648,0.08290000,111.00000000,0.0903
1749260648,0.08280000,30914.00000000,0.0903
1749260648,0.08270000,2951.00000000,0.0903
1749260648,0.08260000,1513.00000000,0.0903
1749260648,0.08250000,433.00000000,0.0903
1749260648,0.08240000,446.00000000,0.0903
1749260648,0.08230000,24766.00000000,0.0903
1749260648,0.08220000,62.00000000,0.0903
1749260648,0.08210000,1620.00000000,0.0903
1749260648,0.08200000,17254.00000000,0.0903
1749260648,0.08190000,56448.00000000,0.0903
1749260648,0.08170000,2704.00000000,0.0903
1749260648,0.08160000,313.00000000,0.0903
1749260648,0.08150000,5628.00000000,0.0903
1749260648,0.08140000,301.00000000,0.0903
1749260648,0.08130000,4674.00000000,0.0903
1749260648,0.08120000,606.00000000,0.0903
1749260648,0.08110000,3154.00000000,0.0903
1749260648,0.08100000,14282.00000000,0.0903
1749260648,0.08090000,68.00000000,0.0903
1749260648,0.08080000,5678.00000000,0.0903
1749260648,0.08070000,65.00000000,0.0903
1749260648,0.08060000,1260.00000000,0.0903
1749260648,0.08050000,791.00000000,0.0903
1749260648,0.08040000,239.00000000,0.0903
1749260648,0.08030000,184.00000000,0.0903
1749260950,0.09050000,30819.00000000,0.0906
1749260950,0.09040000,369994.00000000,0.0906
1749260950,0.09030000,564632.00000000,0.0906
1749260950,0.09020000,406666.00000000,0.0906
1749260950,0.09010000,214416.00000000,0.0906
1749260950,0.09000000,164788.00000000,0.0906
1749260950,0.08990000,25994.00000000,0.0906
1749260950,0.08980000,123846.00000000,0.0906
1749260950,0.08970000,44412.00000000,0.0906
1749260950,0.08960000,40859.00000000,0.0906
1749260950,0.08950000,112316.00000000,0.0906
1749260950,0.08940000,51230.00000000,0.0906
1749260950,0.08930000,14754.00000000,0.0906
1749260950,0.08920000,14970.00000000,0.0906
1749260950,0.08910000,42516.00000000,0.0906
1749260950,0.08900000,430411.00000000,0.0906
1749260950,0.08890000,23277.00000000,0.0906
1749260950,0.08880000,196.00000000,0.0906
1749260950,0.08870000,306.00000000,0.0906
1749260950,0.08860000,321.00000000,0.0906
1749260950,0.08850000,525.00000000,0.0906
1749260950,0.08840000,17193.00000000,0.0906
1749260950,0.08830000,301.00000000,0.0906
1749260950,0.08820000,640.00000000,0.0906
1749260950,0.08810000,384.00000000,0.0906
1749260950,0.08800000,6497.00000000,0.0906
1749260950,0.08790000,196.00000000,0.0906
1749260950,0.08780000,615.00000000,0.0906
1749260950,0.08770000,17068.00000000,0.0906
1749260950,0.08760000,787.00000000,0.0906
1749260950,0.08750000,477.00000000,0.0906
1749260950,0.08740000,10206.00000000,0.0906
1749260950,0.08730000,318.00000000,0.0906
1749260950,0.08720000,488.00000000,0.0906
1749260950,0.08710000,845.00000000,0.0906
1749260950,0.08700000,21821.00000000,0.0906
1749260950,0.08690000,197.00000000,0.0906
1749260950,0.08680000,2468.00000000,0.0906
1749260950,0.08670000,3574.00000000,0.0906
1749260950,0.08660000,285.00000000,0.0906
1749260950,0.08650000,4769.00000000,0.0906
1749260950,0.08640000,335.00000000,0.0906
1749260950,0.08630000,403.00000000,0.0906
1749260950,0.08620000,112.00000000,0.0906
1749260950,0.08610000,5567.00000000,0.0906
1749260950,0.08600000,18625.00000000,0.0906
1749260950,0.08590000,11955.00000000,0.0906
1749260950,0.08580000,5047.00000000,0.0906
1749260950,0.08570000,1798.00000000,0.0906
1749260950,0.08560000,463.00000000,0.0906
1749260950,0.08550000,12766.00000000,0.0906
1749260950,0.08540000,563.00000000,0.0906
1749260950,0.08530000,1872.00000000,0.0906
1749260950,0.08520000,5936.00000000,0.0906
1749260950,0.08510000,2545.00000000,0.0906
1749260950,0.08500000,49219.00000000,0.0906
1749260950,0.08490000,26662.00000000,0.0906
1749260950,0.08480000,8674.00000000,0.0906
1749260950,0.08470000,526.00000000,0.0906
1749260950,0.08460000,272.00000000,0.0906
1749260950,0.08450000,1328.00000000,0.0906
1749260950,0.08440000,1821.00000000,0.0906
1749260950,0.08430000,112.00000000,0.0906
1749260950,0.08420000,57308.00000000,0.0906
1749260950,0.08410000,230.00000000,0.0906
1749260950,0.08400000,491.00000000,0.0906
1749260950,0.08390000,1781.00000000,0.0906
1749260950,0.08380000,396.00000000,0.0906
1749260950,0.08370000,527.00000000,0.0906
1749260950,0.08360000,636.00000000,0.0906
1749260950,0.08350000,1679.00000000,0.0906
1749260950,0.08340000,841.00000000,0.0906
1749260950,0.08330000,306.00000000,0.0906
1749260950,0.08320000,111.00000000,0.0906
1749260950,0.08310000,942.00000000,0.0906
1749260950,0.08300000,1381.00000000,0.0906
1749260950,0.08280000,30803.00000000,0.0906
1749260950,0.08270000,2951.00000000,0.0906
1749260950,0.08260000,1513.00000000,0.0906
1749260950,0.08250000,433.00000000,0.0906
1749260950,0.08240000,446.00000000,0.0906
1749260950,0.08230000,24766.00000000,0.0906
1749260950,0.08220000,62.00000000,0.0906
1749260950,0.08210000,1620.00000000,0.0906
1749260950,0.08200000,17254.00000000,0.0906
1749260950,0.08190000,56448.00000000,0.0906
1749260950,0.08170000,2704.00000000,0.0906
1749260950,0.08160000,313.00000000,0.0906
1749260950,0.08150000,5628.00000000,0.0906
1749260950,0.08140000,569.00000000,0.0906
1749260950,0.08130000,4674.00000000,0.0906
1749260950,0.08120000,334.00000000,0.0906
1749260950,0.08110000,3154.00000000,0.0906
1749260950,0.08100000,14282.00000000,0.0906
1749260950,0.08090000,68.00000000,0.0906
1749260950,0.08080000,5678.00000000,0.0906
1749260950,0.08070000,65.00000000,0.0906
1749260950,0.08060000,1260.00000000,0.0906
1749260950,0.08050000,791.00000000,0.0906
1749260950,0.08040000,239.00000000,0.0906
1749261251,0.09040000,80080.00000000,0.0904
1749261251,0.09030000,488754.00000000,0.0904
1749261251,0.09020000,550037.00000000,0.0904
1749261251,0.09010000,413685.00000000,0.0904
1749261251,0.09000000,144803.00000000,0.0904
1749261251,0.08990000,141553.00000000,0.0904
1749261251,0.08980000,25951.00000000,0.0904
1749261251,0.08970000,44412.00000000,0.0904
1749261251,0.08960000,66593.00000000,0.0904
1749261251,0.08950000,112316.00000000,0.0904
1749261251,0.08940000,51557.00000000,0.0904
1749261251,0.08930000,32604.00000000,0.0904
1749261251,0.08920000,27200.00000000,0.0904
1749261251,0.08910000,63800.00000000,0.0904
1749261251,0.08900000,439411.00000000,0.0904
1749261251,0.08890000,23277.00000000,0.0904
1749261251,0.08880000,196.00000000,0.0904
1749261251,0.08870000,306.00000000,0.0904
1749261251,0.08860000,321.00000000,0.0904
1749261251,0.08850000,525.00000000,0.0904
1749261251,0.08840000,17193.00000000,0.0904
1749261251,0.08830000,301.00000000,0.0904
1749261251,0.08820000,640.00000000,0.0904
1749261251,0.08810000,384.00000000,0.0904
1749261251,0.08800000,885.00000000,0.0904
1749261251,0.08790000,5693.00000000,0.0904
1749261251,0.08780000,615.00000000,0.0904
1749261251,0.08770000,17068.00000000,0.0904
1749261251,0.08760000,787.00000000,0.0904
1749261251,0.08750000,477.00000000,0.0904
1749261251,0.08740000,10206.00000000,0.0904
1749261251,0.08730000,318.00000000,0.0904
1749261251,0.08720000,488.00000000,0.0904
1749261251,0.08710000,845.00000000,0.0904
1749261251,0.08700000,21821.00000000,0.0904
1749261251,0.08690000,2328.00000000,0.0904
1749261251,0.08680000,334.00000000,0.0904
1749261251,0.08670000,3574.00000000,0.0904
1749261251,0.08660000,285.00000000,0.0904
1749261251,0.08650000,4769.00000000,0.0904
1749261251,0.08640000,335.00000000,0.0904
1749261251,0.08630000,403.00000000,0.0904
1749261251,0.08620000,112.00000000,0.0904
1749261251,0.08610000,5567.00000000,0.0904
1749261251,0.08600000,18625.00000000,0.0904
1749261251,0.08590000,11955.00000000,0.0904
1749261251,0.08580000,5047.00000000,0.0904
1749261251,0.08570000,1798.00000000,0.0904
1749261251,0.08560000,463.00000000,0.0904
1749261251,0.08550000,12766.00000000,0.0904
1749261251,0.08540000,563.00000000,0.0904
1749261251,0.08530000,1872.00000000,0.0904
1749261251,0.08520000,5936.00000000,0.0904
1749261251,0.08510000,2545.00000000,0.0904
1749261251,0.08500000,49219.00000000,0.0904
1749261251,0.08490000,26662.00000000,0.0904
1749261251,0.08480000,8674.00000000,0.0904
1749261251,0.08470000,526.00000000,0.0904
1749261251,0.08460000,272.00000000,0.0904
1749261251,0.08450000,1328.00000000,0.0904
1749261251,0.08440000,1821.00000000,0.0904
1749261251,0.08430000,112.00000000,0.0904
1749261251,0.08420000,57308.00000000,0.0904
1749261251,0.08410000,230.00000000,0.0904
1749261251,0.08400000,491.00000000,0.0904
1749261251,0.08390000,1781.00000000,0.0904
1749261251,0.08380000,396.00000000,0.0904
1749261251,0.08370000,527.00000000,0.0904
1749261251,0.08360000,636.00000000,0.0904
1749261251,0.08350000,1679.00000000,0.0904
1749261251,0.08340000,841.00000000,0.0904
1749261251,0.08330000,306.00000000,0.0904
1749261251,0.08320000,111.00000000,0.0904
1749261251,0.08310000,942.00000000,0.0904
1749261251,0.08300000,1381.00000000,0.0904
1749261251,0.08290000,111.00000000,0.0904
1749261251,0.08280000,30803.00000000,0.0904
1749261251,0.08270000,2951.00000000,0.0904
1749261251,0.08260000,1513.00000000,0.0904
1749261251,0.08250000,433.00000000,0.0904
1749261251,0.08240000,446.00000000,0.0904
1749261251,0.08230000,24766.00000000,0.0904
1749261251,0.08220000,62.00000000,0.0904
1749261251,0.08210000,1620.00000000,0.0904
1749261251,0.08200000,17254.00000000,0.0904
1749261251,0.08190000,56448.00000000,0.0904
1749261251,0.08170000,2704.00000000,0.0904
1749261251,0.08160000,313.00000000,0.0904
1749261251,0.08150000,5628.00000000,0.0904
1749261251,0.08140000,569.00000000,0.0904
1749261251,0.08130000,4674.00000000,0.0904
1749261251,0.08120000,334.00000000,0.0904
1749261251,0.08110000,3154.00000000,0.0904
1749261251,0.08100000,14282.00000000,0.0904
1749261251,0.08090000,68.00000000,0.0904
1749261251,0.08080000,5678.00000000,0.0904
1749261251,0.08070000,65.00000000,0.0904
1749261251,0.08060000,1260.00000000,0.0904
1749261251,0.08050000,791.00000000,0.0904
1749261251,0.08040000,239.00000000,0.0904
1749261554,0.09030000,160169.00000000,0.0904
1749261554,0.09020000,636667.00000000,0.0904
1749261554,0.09010000,724930.00000000,0.0904
1749261554,0.09000000,166513.00000000,0.0904
1749261554,0.08990000,129146.00000000,0.0904
1749261554,0.08980000,63376.00000000,0.0904
1749261554,0.08970000,44412.00000000,0.0904
1749261554,0.08960000,66593.00000000,0.0904
1749261554,0.08950000,118310.00000000,0.0904
1749261554,0.08940000,39046.00000000,0.0904
1749261554,0.08930000,32604.00000000,0.0904
1749261554,0.08920000,35266.00000000,0.0904
1749261554,0.08910000,63800.00000000,0.0904
1749261554,0.08900000,450109.00000000,0.0904
1749261554,0.08890000,23277.00000000,0.0904
1749261554,0.08880000,196.00000000,0.0904
1749261554,0.08870000,306.00000000,0.0904
1749261554,0.08860000,321.00000000,0.0904
1749261554,0.08850000,525.00000000,0.0904
1749261554,0.08840000,17193.00000000,0.0904
1749261554,0.08830000,301.00000000,0.0904
1749261554,0.08820000,640.00000000,0.0904
1749261554,0.08810000,384.00000000,0.0904
1749261554,0.08800000,6719.00000000,0.0904
1749261554,0.08790000,196.00000000,0.0904
1749261554,0.08780000,615.00000000,0.0904
1749261554,0.08770000,17068.00000000,0.0904
1749261554,0.08760000,787.00000000,0.0904
1749261554,0.08750000,477.00000000,0.0904
1749261554,0.08740000,10206.00000000,0.0904
1749261554,0.08730000,318.00000000,0.0904
1749261554,0.08720000,488.00000000,0.0904
1749261554,0.08710000,845.00000000,0.0904
1749261554,0.08700000,21821.00000000,0.0904
1749261554,0.08690000,2328.00000000,0.0904
1749261554,0.08680000,334.00000000,0.0904
1749261554,0.08670000,3574.00000000,0.0904
1749261554,0.08660000,285.00000000,0.0904
1749261554,0.08650000,4769.00000000,0.0904
1749261554,0.08640000,335.00000000,0.0904
1749261554,0.08630000,403.00000000,0.0904
1749261554,0.08620000,112.00000000,0.0904
1749261554,0.08610000,5567.00000000,0.0904
1749261554,0.08600000,18625.00000000,0.0904
1749261554,0.08590000,11955.00000000,0.0904
1749261554,0.08580000,5047.00000000,0.0904
1749261554,0.08570000,1798.00000000,0.0904
1749261554,0.08560000,463.00000000,0.0904
1749261554,0.08550000,12766.00000000,0.0904
1749261554,0.08540000,563.00000000,0.0904
1749261554,0.08530000,1872.00000000,0.0904
1749261554,0.08520000,5936.00000000,0.0904
1749261554,0.08510000,2545.00000000,0.0904
1749261554,0.08500000,49219.00000000,0.0904
1749261554,0.08490000,26662.00000000,0.0904
1749261554,0.08480000,8674.00000000,0.0904
1749261554,0.08470000,526.00000000,0.0904
1749261554,0.08460000,272.00000000,0.0904
1749261554,0.08450000,1328.00000000,0.0904
1749261554,0.08440000,1821.00000000,0.0904
1749261554,0.08430000,112.00000000,0.0904
1749261554,0.08420000,57308.00000000,0.0904
1749261554,0.08410000,230.00000000,0.0904
1749261554,0.08400000,491.00000000,0.0904
1749261554,0.08390000,1781.00000000,0.0904
1749261554,0.08380000,396.00000000,0.0904
1749261554,0.08370000,527.00000000,0.0904
1749261554,0.08360000,636.00000000,0.0904
1749261554,0.08350000,1679.00000000,0.0904
1749261554,0.08340000,841.00000000,0.0904
1749261554,0.08330000,306.00000000,0.0904
1749261554,0.08320000,111.00000000,0.0904
1749261554,0.08310000,942.00000000,0.0904
1749261554,0.08300000,1381.00000000,0.0904
1749261554,0.08290000,111.00000000,0.0904
1749261554,0.08280000,30914.00000000,0.0904
1749261554,0.08270000,2951.00000000,0.0904
1749261554,0.08260000,1513.00000000,0.0904
1749261554,0.08250000,433.00000000,0.0904
1749261554,0.08240000,446.00000000,0.0904
1749261554,0.08230000,24766.00000000,0.0904
1749261554,0.08220000,62.00000000,0.0904
1749261554,0.08210000,1620.00000000,0.0904
1749261554,0.08200000,17254.00000000,0.0904
1749261554,0.08190000,56448.00000000,0.0904
1749261554,0.08170000,2704.00000000,0.0904
1749261554,0.08160000,313.00000000,0.0904
1749261554,0.08150000,5628.00000000,0.0904
1749261554,0.08140000,569.00000000,0.0904
1749261554,0.08130000,4674.00000000,0.0904
1749261554,0.08120000,334.00000000,0.0904
1749261554,0.08110000,3154.00000000,0.0904
1749261554,0.08100000,14282.00000000,0.0904
1749261554,0.08090000,68.00000000,0.0904
1749261554,0.08080000,5678.00000000,0.0904
1749261554,0.08070000,65.00000000,0.0904
1749261554,0.08060000,1260.00000000,0.0904
1749261554,0.08050000,791.00000000,0.0904
1749261554,0.08040000,239.00000000,0.0904
1749261554,0.08030000,184.00000000,0.0904
1749261855,0.09020000,214710.00000000,0.0903
1749261855,0.09010000,590859.00000000,0.0903
1749261855,0.09000000,696443.00000000,0.0903
1749261855,0.08990000,178199.00000000,0.0903
1749261855,0.08980000,59180.00000000,0.0903
1749261855,0.08970000,172323.00000000,0.0903
1749261855,0.08960000,44264.00000000,0.0903
1749261855,0.08950000,104937.00000000,0.0903
1749261855,0.08940000,67089.00000000,0.0903
1749261855,0.08930000,56459.00000000,0.0903
1749261855,0.08920000,47242.00000000,0.0903
1749261855,0.08910000,67030.00000000,0.0903
1749261855,0.08900000,457536.00000000,0.0903
1749261855,0.08890000,11006.00000000,0.0903
1749261855,0.08880000,196.00000000,0.0903
1749261855,0.08870000,12605.00000000,0.0903
1749261855,0.08860000,321.00000000,0.0903
1749261855,0.08850000,525.00000000,0.0903
1749261855,0.08840000,17193.00000000,0.0903
1749261855,0.08830000,301.00000000,0.0903
1749261855,0.08820000,640.00000000,0.0903
1749261855,0.08810000,384.00000000,0.0903
1749261855,0.08800000,6760.00000000,0.0903
1749261855,0.08790000,196.00000000,0.0903
1749261855,0.08780000,615.00000000,0.0903
1749261855,0.08770000,17068.00000000,0.0903
1749261855,0.08760000,787.00000000,0.0903
1749261855,0.08750000,477.00000000,0.0903
1749261855,0.08740000,10206.00000000,0.0903
1749261855,0.08730000,318.00000000,0.0903
1749261855,0.08720000,488.00000000,0.0903
1749261855,0.08710000,845.00000000,0.0903
1749261855,0.08700000,21821.00000000,0.0903
1749261855,0.08690000,2328.00000000,0.0903
1749261855,0.08680000,334.00000000,0.0903
1749261855,0.08670000,3574.00000000,0.0903
1749261855,0.08660000,285.00000000,0.0903
1749261855,0.08650000,4769.00000000,0.0903
1749261855,0.08640000,335.00000000,0.0903
1749261855,0.08630000,403.00000000,0.0903
1749261855,0.08620000,229.00000000,0.0903
1749261855,0.08610000,5450.00000000,0.0903
1749261855,0.08600000,18625.00000000,0.0903
1749261855,0.08590000,11955.00000000,0.0903
1749261855,0.08580000,5047.00000000,0.0903
1749261855,0.08570000,1798.00000000,0.0903
1749261855,0.08560000,463.00000000,0.0903
1749261855,0.08550000,12766.00000000,0.0903
1749261855,0.08540000,563.00000000,0.0903
1749261855,0.08530000,1872.00000000,0.0903
1749261855,0.08520000,5936.00000000,0.0903
1749261855,0.08510000,2545.00000000,0.0903
1749261855,0.08500000,49219.00000000,0.0903
1749261855,0.08490000,26662.00000000,0.0903
1749261855,0.08480000,8750.00000000,0.0903
1749261855,0.08470000,526.00000000,0.0903
1749261855,0.08460000,272.00000000,0.0903
1749261855,0.08450000,1328.00000000,0.0903
1749261855,0.08440000,1821.00000000,0.0903
1749261855,0.08430000,112.00000000,0.0903
1749261855,0.08420000,57308.00000000,0.0903
1749261855,0.08410000,230.00000000,0.0903
1749261855,0.08400000,491.00000000,0.0903
1749261855,0.08390000,1781.00000000,0.0903
1749261855,0.08380000,396.00000000,0.0903
1749261855,0.08370000,527.00000000,0.0903
1749261855,0.08360000,636.00000000,0.0903
1749261855,0.08350000,1679.00000000,0.0903
1749261855,0.08340000,841.00000000,0.0903
1749261855,0.08330000,306.00000000,0.0903
1749261855,0.08320000,111.00000000,0.0903
1749261855,0.08310000,942.00000000,0.0903
1749261855,0.08300000,1381.00000000,0.0903
1749261855,0.08290000,111.00000000,0.0903
1749261855,0.08280000,30914.00000000,0.0903
1749261855,0.08270000,3062.00000000,0.0903
1749261855,0.08260000,1513.00000000,0.0903
1749261855,0.08250000,433.00000000,0.0903
1749261855,0.08240000,446.00000000,0.0903
1749261855,0.08230000,24766.00000000,0.0903
1749261855,0.08220000,62.00000000,0.0903
1749261855,0.08210000,1620.00000000,0.0903
1749261855,0.08200000,17254.00000000,0.0903
1749261855,0.08190000,56448.00000000,0.0903
1749261855,0.08170000,2704.00000000,0.0903
1749261855,0.08160000,313.00000000,0.0903
1749261855,0.08150000,5628.00000000,0.0903
1749261855,0.08140000,301.00000000,0.0903
1749261855,0.08130000,4946.00000000,0.0903
1749261855,0.08120000,334.00000000,0.0903
1749261855,0.08110000,3154.00000000,0.0903
1749261855,0.08100000,14282.00000000,0.0903
1749261855,0.08090000,68.00000000,0.0903
1749261855,0.08080000,5678.00000000,0.0903
1749261855,0.08070000,65.00000000,0.0903
1749261855,0.08060000,1260.00000000,0.0903
1749261855,0.08050000,791.00000000,0.0903
1749261855,0.08040000,239.00000000,0.0903
1749261855,0.08030000,184.00000000,0.0903
1749261855,0.08020000,187.00000000,0.0903
1749262157,0.09010000,246394.00000000,0.0901
1749262157,0.09000000,584724.00000000,0.0901
1749262157,0.08990000,657626.00000000,0.0901
1749262157,0.08980000,172439.00000000,0.0901
1749262157,0.08970000,164995.00000000,0.0901
1749262157,0.08960000,99236.00000000,0.0901
1749262157,0.08950000,104937.00000000,0.0901
1749262157,0.08940000,67089.00000000,0.0901
1749262157,0.08930000,38287.00000000,0.0901
1749262157,0.08920000,26946.00000000,0.0901
1749262157,0.08910000,68473.00000000,0.0901
1749262157,0.08900000,483245.00000000,0.0901
1749262157,0.08890000,11006.00000000,0.0901
1749262157,0.08880000,12481.00000000,0.0901
1749262157,0.08870000,12605.00000000,0.0901
1749262157,0.08860000,321.00000000,0.0901
1749262157,0.08850000,525.00000000,0.0901
1749262157,0.08840000,17193.00000000,0.0901
1749262157,0.08830000,301.00000000,0.0901
1749262157,0.08820000,640.00000000,0.0901
1749262157,0.08810000,5976.00000000,0.0901
1749262157,0.08800000,885.00000000,0.0901
1749262157,0.08790000,196.00000000,0.0901
1749262157,0.08780000,615.00000000,0.0901
1749262157,0.08770000,17068.00000000,0.0901
1749262157,0.08760000,787.00000000,0.0901
1749262157,0.08750000,477.00000000,0.0901
1749262157,0.08740000,10206.00000000,0.0901
1749262157,0.08730000,318.00000000,0.0901
1749262157,0.08720000,488.00000000,0.0901
1749262157,0.08710000,845.00000000,0.0901
1749262157,0.08700000,21821.00000000,0.0901
1749262157,0.08690000,197.00000000,0.0901
1749262157,0.08680000,334.00000000,0.0901
1749262157,0.08670000,5709.00000000,0.0901
1749262157,0.08660000,285.00000000,0.0901
1749262157,0.08650000,4769.00000000,0.0901
1749262157,0.08640000,335.00000000,0.0901
1749262157,0.08630000,403.00000000,0.0901
1749262157,0.08620000,229.00000000,0.0901
1749262157,0.08610000,5450.00000000,0.0901
1749262157,0.08600000,18625.00000000,0.0901
1749262157,0.08590000,11955.00000000,0.0901
1749262157,0.08580000,5047.00000000,0.0901
1749262157,0.08570000,1798.00000000,0.0901
1749262157,0.08560000,463.00000000,0.0901
1749262157,0.08550000,12766.00000000,0.0901
1749262157,0.08540000,563.00000000,0.0901
1749262157,0.08530000,1872.00000000,0.0901
1749262157,0.08520000,5936.00000000,0.0901
1749262157,0.08510000,2545.00000000,0.0901
1749262157,0.08500000,49219.00000000,0.0901
1749262157,0.08490000,26662.00000000,0.0901
1749262157,0.08480000,8750.00000000,0.0901
1749262157,0.08470000,526.00000000,0.0901
1749262157,0.08460000,272.00000000,0.0901
1749262157,0.08450000,1328.00000000,0.0901
1749262157,0.08440000,1821.00000000,0.0901
1749262157,0.08430000,112.00000000,0.0901
1749262157,0.08420000,57308.00000000,0.0901
1749262157,0.08410000,230.00000000,0.0901
1749262157,0.08400000,491.00000000,0.0901
1749262157,0.08390000,1781.00000000,0.0901
1749262157,0.08380000,396.00000000,0.0901
1749262157,0.08370000,527.00000000,0.0901
1749262157,0.08360000,636.00000000,0.0901
1749262157,0.08350000,1679.00000000,0.0901
1749262157,0.08340000,841.00000000,0.0901
1749262157,0.08330000,306.00000000,0.0901
1749262157,0.08320000,111.00000000,0.0901
1749262157,0.08310000,942.00000000,0.0901
1749262157,0.08300000,1381.00000000,0.0901
1749262157,0.08290000,111.00000000,0.0901
1749262157,0.08280000,30914.00000000,0.0901
1749262157,0.08270000,3062.00000000,0.0901
1749262157,0.08260000,1624.00000000,0.0901
1749262157,0.08250000,433.00000000,0.0901
1749262157,0.08240000,446.00000000,0.0901
1749262157,0.08230000,24766.00000000,0.0901
1749262157,0.08220000,62.00000000,0.0901
1749262157,0.08210000,1620.00000000,0.0901
1749262157,0.08200000,17254.00000000,0.0901
1749262157,0.08190000,56448.00000000,0.0901
1749262157,0.08170000,2704.00000000,0.0901
1749262157,0.08160000,313.00000000,0.0901
1749262157,0.08150000,5628.00000000,0.0901
1749262157,0.08140000,301.00000000,0.0901
1749262157,0.08130000,4946.00000000,0.0901
1749262157,0.08120000,334.00000000,0.0901
1749262157,0.08110000,3154.00000000,0.0901
1749262157,0.08100000,14282.00000000,0.0901
1749262157,0.08090000,68.00000000,0.0901
1749262157,0.08080000,5678.00000000,0.0901
1749262157,0.08070000,65.00000000,0.0901
1749262157,0.08060000,1260.00000000,0.0901
1749262157,0.08050000,791.00000000,0.0901
1749262157,0.08040000,239.00000000,0.0901
1749262157,0.08030000,184.00000000,0.0901
1749262157,0.08020000,187.00000000,0.0901
1749262157,0.08010000,466.00000000,0.0901
1749262459,0.09030000,76742.00000000,0.0903
1749262459,0.09020000,341398.00000000,0.0903
1749262459,0.09010000,338754.00000000,0.0903
1749262459,0.09000000,645431.00000000,0.0903
1749262459,0.08990000,141176.00000000,0.0903
1749262459,0.08980000,121082.00000000,0.0903
1749262459,0.08970000,140717.00000000,0.0903
1749262459,0.08960000,56439.00000000,0.0903
1749262459,0.08950000,110931.00000000,0.0903
1749262459,0.08940000,73023.00000000,0.0903
1749262459,0.08930000,56461.00000000,0.0903
1749262459,0.08920000,18200.00000000,0.0903
1749262459,0.08910000,54816.00000000,0.0903
1749262459,0.08900000,465336.00000000,0.0903
1749262459,0.08890000,23277.00000000,0.0903
1749262459,0.08880000,196.00000000,0.0903
1749262459,0.08870000,306.00000000,0.0903
1749262459,0.08860000,321.00000000,0.0903
1749262459,0.08850000,525.00000000,0.0903
1749262459,0.08840000,17193.00000000,0.0903
1749262459,0.08830000,301.00000000,0.0903
1749262459,0.08820000,640.00000000,0.0903
1749262459,0.08810000,5976.00000000,0.0903
1749262459,0.08800000,885.00000000,0.0903
1749262459,0.08790000,196.00000000,0.0903
1749262459,0.08780000,615.00000000,0.0903
1749262459,0.08770000,17068.00000000,0.0903
1749262459,0.08760000,787.00000000,0.0903
1749262459,0.08750000,477.00000000,0.0903
1749262459,0.08740000,10206.00000000,0.0903
1749262459,0.08730000,318.00000000,0.0903
1749262459,0.08720000,488.00000000,0.0903
1749262459,0.08710000,845.00000000,0.0903
1749262459,0.08700000,21821.00000000,0.0903
1749262459,0.08690000,197.00000000,0.0903
1749262459,0.08680000,2466.00000000,0.0903
1749262459,0.08670000,3574.00000000,0.0903
1749262459,0.08660000,285.00000000,0.0903
1749262459,0.08650000,4769.00000000,0.0903
1749262459,0.08640000,335.00000000,0.0903
1749262459,0.08630000,403.00000000,0.0903
1749262459,0.08620000,229.00000000,0.0903
1749262459,0.08610000,5450.00000000,0.0903
1749262459,0.08600000,18625.00000000,0.0903
1749262459,0.08590000,11955.00000000,0.0903
1749262459,0.08580000,5047.00000000,0.0903
1749262459,0.08570000,1798.00000000,0.0903
1749262459,0.08560000,463.00000000,0.0903
1749262459,0.08550000,12766.00000000,0.0903
1749262459,0.08540000,563.00000000,0.0903
1749262459,0.08530000,1872.00000000,0.0903
1749262459,0.08520000,5936.00000000,0.0903
1749262459,0.08510000,2545.00000000,0.0903
1749262459,0.08500000,49219.00000000,0.0903
1749262459,0.08490000,26662.00000000,0.0903
1749262459,0.08480000,8750.00000000,0.0903
1749262459,0.08470000,526.00000000,0.0903
1749262459,0.08460000,272.00000000,0.0903
1749262459,0.08450000,1328.00000000,0.0903
1749262459,0.08440000,1821.00000000,0.0903
1749262459,0.08430000,112.00000000,0.0903
1749262459,0.08420000,57308.00000000,0.0903
1749262459,0.08410000,230.00000000,0.0903
1749262459,0.08400000,491.00000000,0.0903
1749262459,0.08390000,1781.00000000,0.0903
1749262459,0.08380000,396.00000000,0.0903
1749262459,0.08370000,527.00000000,0.0903
1749262459,0.08360000,636.00000000,0.0903
1749262459,0.08350000,1679.00000000,0.0903
1749262459,0.08340000,841.00000000,0.0903
1749262459,0.08330000,306.00000000,0.0903
1749262459,0.08320000,111.00000000,0.0903
1749262459,0.08310000,942.00000000,0.0903
1749262459,0.08300000,1381.00000000,0.0903
1749262459,0.08290000,111.00000000,0.0903
1749262459,0.08280000,30914.00000000,0.0903
1749262459,0.08270000,2951.00000000,0.0903
1749262459,0.08260000,1513.00000000,0.0903
1749262459,0.08250000,433.00000000,0.0903
1749262459,0.08240000,446.00000000,0.0903
1749262459,0.08230000,24766.00000000,0.0903
1749262459,0.08220000,62.00000000,0.0903
1749262459,0.08210000,1620.00000000,0.0903
1749262459,0.08200000,17254.00000000,0.0903
1749262459,0.08190000,56448.00000000,0.0903
1749262459,0.08170000,2704.00000000,0.0903
1749262459,0.08160000,313.00000000,0.0903
1749262459,0.08150000,5628.00000000,0.0903
1749262459,0.08140000,301.00000000,0.0903
1749262459,0.08130000,4674.00000000,0.0903
1749262459,0.08120000,334.00000000,0.0903
1749262459,0.08110000,3426.00000000,0.0903
1749262459,0.08100000,14282.00000000,0.0903
1749262459,0.08090000,68.00000000,0.0903
1749262459,0.08080000,5678.00000000,0.0903
1749262459,0.08070000,65.00000000,0.0903
1749262459,0.08060000,1260.00000000,0.0903
1749262459,0.08050000,791.00000000,0.0903
1749262459,0.08040000,239.00000000,0.0903
1749262459,0.08030000,184.00000000,0.0903
1749262760,0.09030000,58652.00000000,0.0903
1749262760,0.09020000,514711.00000000,0.0903
1749262760,0.09010000,562534.00000000,0.0903
1749262760,0.09000000,413840.00000000,0.0903
1749262760,0.08990000,136577.00000000,0.0903
1749262760,0.08980000,162178.00000000,0.0903
1749262760,0.08970000,57962.00000000,0.0903
1749262760,0.08960000,40859.00000000,0.0903
1749262760,0.08950000,125733.00000000,0.0903
1749262760,0.08940000,52264.00000000,0.0903
1749262760,0.08930000,38727.00000000,0.0903
1749262760,0.08920000,51745.00000000,0.0903
1749262760,0.08910000,42523.00000000,0.0903
1749262760,0.08900000,437852.00000000,0.0903
1749262760,0.08890000,23277.00000000,0.0903
1749262760,0.08880000,196.00000000,0.0903
1749262760,0.08870000,306.00000000,0.0903
1749262760,0.08860000,321.00000000,0.0903
1749262760,0.08850000,525.00000000,0.0903
1749262760,0.08840000,17193.00000000,0.0903
1749262760,0.08830000,301.00000000,0.0903
1749262760,0.08820000,640.00000000,0.0903
1749262760,0.08810000,6071.00000000,0.0903
1749262760,0.08800000,885.00000000,0.0903
1749262760,0.08790000,196.00000000,0.0903
1749262760,0.08780000,615.00000000,0.0903
1749262760,0.08770000,17068.00000000,0.0903
1749262760,0.08760000,787.00000000,0.0903
1749262760,0.08750000,477.00000000,0.0903
1749262760,0.08740000,10206.00000000,0.0903
1749262760,0.08730000,318.00000000,0.0903
1749262760,0.08720000,488.00000000,0.0903
1749262760,0.08710000,845.00000000,0.0903
1749262760,0.08700000,21821.00000000,0.0903
1749262760,0.08690000,2326.00000000,0.0903
1749262760,0.08680000,334.00000000,0.0903
1749262760,0.08670000,3574.00000000,0.0903
1749262760,0.08660000,285.00000000,0.0903
1749262760,0.08650000,4769.00000000,0.0903
1749262760,0.08640000,451.00000000,0.0903
1749262760,0.08630000,403.00000000,0.0903
1749262760,0.08620000,112.00000000,0.0903
1749262760,0.08610000,5450.00000000,0.0903
1749262760,0.08600000,18625.00000000,0.0903
1749262760,0.08590000,11955.00000000,0.0903
1749262760,0.08580000,5047.00000000,0.0903
1749262760,0.08570000,1798.00000000,0.0903
1749262760,0.08560000,463.00000000,0.0903
1749262760,0.08550000,12766.00000000,0.0903
1749262760,0.08540000,563.00000000,0.0903
1749262760,0.08530000,1872.00000000,0.0903
1749262760,0.08520000,5936.00000000,0.0903
1749262760,0.08510000,2545.00000000,0.0903
1749262760,0.08500000,49219.00000000,0.0903
1749262760,0.08490000,26662.00000000,0.0903
1749262760,0.08480000,8750.00000000,0.0903
1749262760,0.08470000,526.00000000,0.0903
1749262760,0.08460000,272.00000000,0.0903
1749262760,0.08450000,1328.00000000,0.0903
1749262760,0.08440000,1821.00000000,0.0903
1749262760,0.08430000,112.00000000,0.0903
1749262760,0.08420000,57308.00000000,0.0903
1749262760,0.08410000,230.00000000,0.0903
1749262760,0.08400000,491.00000000,0.0903
1749262760,0.08390000,1781.00000000,0.0903
1749262760,0.08380000,396.00000000,0.0903
1749262760,0.08370000,527.00000000,0.0903
1749262760,0.08360000,636.00000000,0.0903
1749262760,0.08350000,1679.00000000,0.0903
1749262760,0.08340000,841.00000000,0.0903
1749262760,0.08330000,306.00000000,0.0903
1749262760,0.08320000,111.00000000,0.0903
1749262760,0.08310000,942.00000000,0.0903
1749262760,0.08300000,1381.00000000,0.0903
1749262760,0.08290000,111.00000000,0.0903
1749262760,0.08280000,30914.00000000,0.0903
1749262760,0.08270000,2951.00000000,0.0903
1749262760,0.08260000,1513.00000000,0.0903
1749262760,0.08250000,433.00000000,0.0903
1749262760,0.08240000,446.00000000,0.0903
1749262760,0.08230000,24766.00000000,0.0903
1749262760,0.08220000,62.00000000,0.0903
1749262760,0.08210000,1620.00000000,0.0903
1749262760,0.08200000,17254.00000000,0.0903
1749262760,0.08190000,56448.00000000,0.0903
1749262760,0.08170000,2704.00000000,0.0903
1749262760,0.08160000,313.00000000,0.0903
1749262760,0.08150000,5628.00000000,0.0903
1749262760,0.08140000,301.00000000,0.0903
1749262760,0.08130000,4674.00000000,0.0903
1749262760,0.08120000,334.00000000,0.0903
1749262760,0.08110000,3426.00000000,0.0903
1749262760,0.08100000,14282.00000000,0.0903
1749262760,0.08090000,68.00000000,0.0903
1749262760,0.08080000,5678.00000000,0.0903
1749262760,0.08070000,65.00000000,0.0903
1749262760,0.08060000,1260.00000000,0.0903
1749262760,0.08050000,791.00000000,0.0903
1749262760,0.08040000,239.00000000,0.0903
1749262760,0.08030000,184.00000000,0.0903
1749263061,0.09030000,22743.00000000,0.0903
1749263061,0.09020000,411837.00000000,0.0903
1749263061,0.09010000,624599.00000000,0.0903
1749263061,0.09000000,434339.00000000,0.0903
1749263061,0.08990000,136638.00000000,0.0903
1749263061,0.08980000,52790.00000000,0.0903
1749263061,0.08970000,158626.00000000,0.0903
1749263061,0.08960000,53034.00000000,0.0903
1749263061,0.08950000,123590.00000000,0.0903
1749263061,0.08940000,61264.00000000,0.0903
1749263061,0.08930000,38727.00000000,0.0903
1749263061,0.08920000,51828.00000000,0.0903
1749263061,0.08910000,618.00000000,0.0903
1749263061,0.08900000,480112.00000000,0.0903
1749263061,0.08890000,12833.00000000,0.0903
1749263061,0.08880000,10677.00000000,0.0903
1749263061,0.08870000,306.00000000,0.0903
1749263061,0.08860000,321.00000000,0.0903
1749263061,0.08850000,525.00000000,0.0903
1749263061,0.08840000,196.00000000,0.0903
1749263061,0.08830000,17617.00000000,0.0903
1749263061,0.08820000,640.00000000,0.0903
1749263061,0.08810000,5719.00000000,0.0903
1749263061,0.08800000,885.00000000,0.0903
1749263061,0.08790000,196.00000000,0.0903
1749263061,0.08780000,615.00000000,0.0903
1749263061,0.08770000,17467.00000000,0.0903
1749263061,0.08760000,787.00000000,0.0903
1749263061,0.08750000,477.00000000,0.0903
1749263061,0.08740000,10206.00000000,0.0903
1749263061,0.08730000,318.00000000,0.0903
1749263061,0.08720000,488.00000000,0.0903
1749263061,0.08710000,845.00000000,0.0903
1749263061,0.08700000,21604.00000000,0.0903
1749263061,0.08690000,197.00000000,0.0903
1749263061,0.08680000,2465.00000000,0.0903
1749263061,0.08670000,3574.00000000,0.0903
1749263061,0.08660000,285.00000000,0.0903
1749263061,0.08650000,4769.00000000,0.0903
1749263061,0.08640000,451.00000000,0.0903
1749263061,0.08630000,403.00000000,0.0903
1749263061,0.08620000,112.00000000,0.0903
1749263061,0.08610000,5450.00000000,0.0903
1749263061,0.08600000,18625.00000000,0.0903
1749263061,0.08590000,11955.00000000,0.0903
1749263061,0.08580000,5047.00000000,0.0903
1749263061,0.08570000,1798.00000000,0.0903
1749263061,0.08560000,463.00000000,0.0903
1749263061,0.08550000,12766.00000000,0.0903
1749263061,0.08540000,563.00000000,0.0903
1749263061,0.08530000,1872.00000000,0.0903
1749263061,0.08520000,5936.00000000,0.0903
1749263061,0.08510000,2545.00000000,0.0903
1749263061,0.08500000,49219.00000000,0.0903
1749263061,0.08490000,26662.00000000,0.0903
1749263061,0.08480000,8750.00000000,0.0903
1749263061,0.08470000,526.00000000,0.0903
1749263061,0.08460000,272.00000000,0.0903
1749263061,0.08450000,1328.00000000,0.0903
1749263061,0.08440000,1821.00000000,0.0903
1749263061,0.08430000,112.00000000,0.0903
1749263061,0.08420000,57308.00000000,0.0903
1749263061,0.08410000,230.00000000,0.0903
1749263061,0.08400000,491.00000000,0.0903
1749263061,0.08390000,1781.00000000,0.0903
1749263061,0.08380000,396.00000000,0.0903
1749263061,0.08370000,527.00000000,0.0903
1749263061,0.08360000,636.00000000,0.0903
1749263061,0.08350000,1679.00000000,0.0903
1749263061,0.08340000,841.00000000,0.0903
1749263061,0.08330000,306.00000000,0.0903
1749263061,0.08320000,111.00000000,0.0903
1749263061,0.08310000,942.00000000,0.0903
1749263061,0.08300000,1381.00000000,0.0903
1749263061,0.08290000,111.00000000,0.0903
1749263061,0.08280000,30914.00000000,0.0903
1749263061,0.08270000,2951.00000000,0.0903
1749263061,0.08260000,1513.00000000,0.0903
1749263061,0.08250000,433.00000000,0.0903
1749263061,0.08240000,446.00000000,0.0903
1749263061,0.08230000,24766.00000000,0.0903
1749263061,0.08220000,62.00000000,0.0903
1749263061,0.08210000,1620.00000000,0.0903
1749263061,0.08200000,17254.00000000,0.0903
1749263061,0.08190000,56448.00000000,0.0903
1749263061,0.08170000,2704.00000000,0.0903
1749263061,0.08160000,313.00000000,0.0903
1749263061,0.08150000,5628.00000000,0.0903
1749263061,0.08140000,301.00000000,0.0903
1749263061,0.08130000,4674.00000000,0.0903
1749263061,0.08120000,334.00000000,0.0903
1749263061,0.08110000,3154.00000000,0.0903
1749263061,0.08100000,14282.00000000,0.0903
1749263061,0.08090000,68.00000000,0.0903
1749263061,0.08080000,5678.00000000,0.0903
1749263061,0.08070000,65.00000000,0.0903
1749263061,0.08060000,1260.00000000,0.0903
1749263061,0.08050000,791.00000000,0.0903
1749263061,0.08040000,239.00000000,0.0903
1749263061,0.08030000,184.00000000,0.0903
1749263363,0.09060000,192431.00000000,0.0906
1749263363,0.09050000,499549.00000000,0.0906
1749263363,0.09040000,514205.00000000,0.0906
1749263363,0.09030000,349037.00000000,0.0906
1749263363,0.09020000,189426.00000000,0.0906
1749263363,0.09010000,106204.00000000,0.0906
1749263363,0.09000000,125799.00000000,0.0906
1749263363,0.08990000,25989.00000000,0.0906
1749263363,0.08980000,125097.00000000,0.0906
1749263363,0.08970000,54324.00000000,0.0906
1749263363,0.08960000,44464.00000000,0.0906
1749263363,0.08950000,121918.00000000,0.0906
1749263363,0.08940000,62569.00000000,0.0906
1749263363,0.08930000,31220.00000000,0.0906
1749263363,0.08920000,14165.00000000,0.0906
1749263363,0.08910000,11071.00000000,0.0906
1749263363,0.08900000,472671.00000000,0.0906
1749263363,0.08890000,12833.00000000,0.0906
1749263363,0.08880000,5850.00000000,0.0906
1749263363,0.08870000,306.00000000,0.0906
1749263363,0.08860000,321.00000000,0.0906
1749263363,0.08850000,525.00000000,0.0906
1749263363,0.08840000,196.00000000,0.0906
1749263363,0.08830000,17617.00000000,0.0906
1749263363,0.08820000,640.00000000,0.0906
1749263363,0.08810000,263.00000000,0.0906
1749263363,0.08800000,885.00000000,0.0906
1749263363,0.08790000,196.00000000,0.0906
1749263363,0.08780000,615.00000000,0.0906
1749263363,0.08770000,17467.00000000,0.0906
1749263363,0.08760000,787.00000000,0.0906
1749263363,0.08750000,477.00000000,0.0906
1749263363,0.08740000,10206.00000000,0.0906
1749263363,0.08730000,318.00000000,0.0906
1749263363,0.08720000,488.00000000,0.0906
1749263363,0.08710000,845.00000000,0.0906
1749263363,0.08700000,21604.00000000,0.0906
1749263363,0.08690000,2325.00000000,0.0906
1749263363,0.08680000,334.00000000,0.0906
1749263363,0.08670000,3574.00000000,0.0906
1749263363,0.08660000,285.00000000,0.0906
1749263363,0.08650000,4769.00000000,0.0906
1749263363,0.08640000,451.00000000,0.0906
1749263363,0.08630000,403.00000000,0.0906
1749263363,0.08620000,112.00000000,0.0906
1749263363,0.08610000,5450.00000000,0.0906
1749263363,0.08600000,18625.00000000,0.0906
1749263363,0.08590000,11955.00000000,0.0906
1749263363,0.08580000,5047.00000000,0.0906
1749263363,0.08570000,1798.00000000,0.0906
1749263363,0.08560000,463.00000000,0.0906
1749263363,0.08550000,12766.00000000,0.0906
1749263363,0.08540000,563.00000000,0.0906
1749263363,0.08530000,1872.00000000,0.0906
1749263363,0.08520000,5936.00000000,0.0906
1749263363,0.08510000,2545.00000000,0.0906
1749263363,0.08500000,49219.00000000,0.0906
1749263363,0.08490000,26662.00000000,0.0906
1749263363,0.08480000,8750.00000000,0.0906
1749263363,0.08470000,526.00000000,0.0906
1749263363,0.08460000,272.00000000,0.0906
1749263363,0.08450000,1328.00000000,0.0906
1749263363,0.08440000,1821.00000000,0.0906
1749263363,0.08430000,112.00000000,0.0906
1749263363,0.08420000,57308.00000000,0.0906
1749263363,0.08410000,230.00000000,0.0906
1749263363,0.08400000,491.00000000,0.0906
1749263363,0.08390000,1781.00000000,0.0906
1749263363,0.08380000,396.00000000,0.0906
1749263363,0.08370000,527.00000000,0.0906
1749263363,0.08360000,636.00000000,0.0906
1749263363,0.08350000,1679.00000000,0.0906
1749263363,0.08340000,841.00000000,0.0906
1749263363,0.08330000,306.00000000,0.0906
1749263363,0.08320000,111.00000000,0.0906
1749263363,0.08310000,942.00000000,0.0906
1749263363,0.08300000,1270.00000000,0.0906
1749263363,0.08280000,30803.00000000,0.0906
1749263363,0.08270000,2951.00000000,0.0906
1749263363,0.08260000,1513.00000000,0.0906
1749263363,0.08250000,433.00000000,0.0906
1749263363,0.08240000,446.00000000,0.0906
1749263363,0.08230000,24766.00000000,0.0906
1749263363,0.08220000,62.00000000,0.0906
1749263363,0.08210000,1620.00000000,0.0906
1749263363,0.08200000,17254.00000000,0.0906
1749263363,0.08190000,56448.00000000,0.0906
1749263363,0.08170000,2704.00000000,0.0906
1749263363,0.08160000,313.00000000,0.0906
1749263363,0.08150000,5628.00000000,0.0906
1749263363,0.08140000,569.00000000,0.0906
1749263363,0.08130000,4674.00000000,0.0906
1749263363,0.08120000,334.00000000,0.0906
1749263363,0.08110000,3154.00000000,0.0906
1749263363,0.08100000,14282.00000000,0.0906
1749263363,0.08090000,68.00000000,0.0906
1749263363,0.08080000,5678.00000000,0.0906
1749263363,0.08070000,65.00000000,0.0906
1749263363,0.08060000,1260.00000000,0.0906
1749263363,0.08050000,791.00000000,0.0906
1749263664,0.09070000,137373.00000000,0.0907
1749263664,0.09060000,473297.00000000,0.0907
1749263664,0.09050000,488321.00000000,0.0907
1749263664,0.09040000,188729.00000000,0.0907
1749263664,0.09030000,149360.00000000,0.0907
1749263664,0.09020000,163910.00000000,0.0907
1749263664,0.09010000,48360.00000000,0.0907
1749263664,0.09000000,120584.00000000,0.0907
1749263664,0.08990000,22043.00000000,0.0907
1749263664,0.08980000,101673.00000000,0.0907
1749263664,0.08970000,37207.00000000,0.0907
1749263664,0.08960000,37216.00000000,0.0907
1749263664,0.08950000,28125.00000000,0.0907
1749263664,0.08940000,57545.00000000,0.0907
1749263664,0.08930000,21230.00000000,0.0907
1749263664,0.08920000,9580.00000000,0.0907
1749263664,0.08910000,15780.00000000,0.0907
1749263664,0.08900000,481671.00000000,0.0907
1749263664,0.08890000,21833.00000000,0.0907
1749263664,0.08880000,15041.00000000,0.0907
1749263664,0.08870000,306.00000000,0.0907
1749263664,0.08860000,321.00000000,0.0907
1749263664,0.08850000,525.00000000,0.0907
1749263664,0.08840000,196.00000000,0.0907
1749263664,0.08830000,17617.00000000,0.0907
1749263664,0.08820000,640.00000000,0.0907
1749263664,0.08810000,263.00000000,0.0907
1749263664,0.08800000,885.00000000,0.0907
1749263664,0.08790000,196.00000000,0.0907
1749263664,0.08780000,615.00000000,0.0907
1749263664,0.08770000,17467.00000000,0.0907
1749263664,0.08760000,787.00000000,0.0907
1749263664,0.08750000,477.00000000,0.0907
1749263664,0.08740000,10206.00000000,0.0907
1749263664,0.08730000,318.00000000,0.0907
1749263664,0.08720000,2608.00000000,0.0907
1749263664,0.08710000,845.00000000,0.0907
1749263664,0.08700000,21604.00000000,0.0907
1749263664,0.08690000,197.00000000,0.0907
1749263664,0.08680000,334.00000000,0.0907
1749263664,0.08670000,3574.00000000,0.0907
1749263664,0.08660000,285.00000000,0.0907
1749263664,0.08650000,4769.00000000,0.0907
1749263664,0.08640000,451.00000000,0.0907
1749263664,0.08630000,403.00000000,0.0907
1749263664,0.08620000,112.00000000,0.0907
1749263664,0.08610000,5450.00000000,0.0907
1749263664,0.08600000,18625.00000000,0.0907
1749263664,0.08590000,11955.00000000,0.0907
1749263664,0.08580000,5047.00000000,0.0907
1749263664,0.08570000,1798.00000000,0.0907
1749263664,0.08560000,463.00000000,0.0907
1749263664,0.08550000,12766.00000000,0.0907
1749263664,0.08540000,563.00000000,0.0907
1749263664,0.08530000,1872.00000000,0.0907
1749263664,0.08520000,5936.00000000,0.0907
1749263664,0.08510000,2545.00000000,0.0907
1749263664,0.08500000,49219.00000000,0.0907
1749263664,0.08490000,26662.00000000,0.0907
1749263664,0.08480000,8750.00000000,0.0907
1749263664,0.08470000,526.00000000,0.0907
1749263664,0.08460000,272.00000000,0.0907
1749263664,0.08450000,1328.00000000,0.0907
1749263664,0.08440000,1821.00000000,0.0907
1749263664,0.08430000,112.00000000,0.0907
1749263664,0.08420000,57308.00000000,0.0907
1749263664,0.08410000,230.00000000,0.0907
1749263664,0.08400000,491.00000000,0.0907
1749263664,0.08390000,1781.00000000,0.0907
1749263664,0.08380000,396.00000000,0.0907
1749263664,0.08370000,527.00000000,0.0907
1749263664,0.08360000,636.00000000,0.0907
1749263664,0.08350000,1679.00000000,0.0907
1749263664,0.08340000,841.00000000,0.0907
1749263664,0.08330000,306.00000000,0.0907
1749263664,0.08320000,111.00000000,0.0907
1749263664,0.08310000,831.00000000,0.0907
1749263664,0.08300000,1270.00000000,0.0907
1749263664,0.08280000,30803.00000000,0.0907
1749263664,0.08270000,2951.00000000,0.0907
1749263664,0.08260000,1513.00000000,0.0907
1749263664,0.08250000,433.00000000,0.0907
1749263664,0.08240000,446.00000000,0.0907
1749263664,0.08230000,24766.00000000,0.0907
1749263664,0.08220000,62.00000000,0.0907
1749263664,0.08210000,1620.00000000,0.0907
1749263664,0.08200000,17254.00000000,0.0907
1749263664,0.08190000,56448.00000000,0.0907
1749263664,0.08170000,2704.00000000,0.0907
1749263664,0.08160000,313.00000000,0.0907
1749263664,0.08150000,5628.00000000,0.0907
1749263664,0.08140000,569.00000000,0.0907
1749263664,0.08130000,4674.00000000,0.0907
1749263664,0.08120000,334.00000000,0.0907
1749263664,0.08110000,3154.00000000,0.0907
1749263664,0.08100000,14282.00000000,0.0907
1749263664,0.08090000,68.00000000,0.0907
1749263664,0.08080000,5678.00000000,0.0907
1749263664,0.08070000,65.00000000,0.0907
1749263664,0.08060000,1260.00000000,0.0907
1749263966,0.09090000,75055.00000000,0.0909
1749263966,0.09080000,550548.00000000,0.0909
1749263966,0.09070000,507864.00000000,0.0909
1749263966,0.09060000,128959.00000000,0.0909
1749263966,0.09050000,221561.00000000,0.0909
1749263966,0.09040000,122811.00000000,0.0909
1749263966,0.09030000,56619.00000000,0.0909
1749263966,0.09020000,142221.00000000,0.0909
1749263966,0.09010000,53300.00000000,0.0909
1749263966,0.09000000,35316.00000000,0.0909
1749263966,0.08990000,22043.00000000,0.0909
1749263966,0.08980000,88414.00000000,0.0909
1749263966,0.08970000,37927.00000000,0.0909
1749263966,0.08960000,27143.00000000,0.0909
1749263966,0.08950000,51540.00000000,0.0909
1749263966,0.08940000,9280.00000000,0.0909
1749263966,0.08930000,9281.00000000,0.0909
1749263966,0.08920000,21810.00000000,0.0909
1749263966,0.08910000,11051.00000000,0.0909
1749263966,0.08900000,430411.00000000,0.0909
1749263966,0.08890000,562.00000000,0.0909
1749263966,0.08880000,5613.00000000,0.0909
1749263966,0.08870000,306.00000000,0.0909
1749263966,0.08860000,321.00000000,0.0909
1749263966,0.08850000,525.00000000,0.0909
1749263966,0.08840000,196.00000000,0.0909
1749263966,0.08830000,17617.00000000,0.0909
1749263966,0.08820000,640.00000000,0.0909
1749263966,0.08810000,263.00000000,0.0909
1749263966,0.08800000,885.00000000,0.0909
1749263966,0.08790000,196.00000000,0.0909
1749263966,0.08780000,615.00000000,0.0909
1749263966,0.08770000,17467.00000000,0.0909
1749263966,0.08760000,787.00000000,0.0909
1749263966,0.08750000,477.00000000,0.0909
1749263966,0.08740000,10206.00000000,0.0909
1749263966,0.08730000,2435.00000000,0.0909
1749263966,0.08720000,488.00000000,0.0909
1749263966,0.08710000,845.00000000,0.0909
1749263966,0.08700000,21604.00000000,0.0909
1749263966,0.08690000,197.00000000,0.0909
1749263966,0.08680000,334.00000000,0.0909
1749263966,0.08670000,3574.00000000,0.0909
1749263966,0.08660000,285.00000000,0.0909
1749263966,0.08650000,4769.00000000,0.0909
1749263966,0.08640000,451.00000000,0.0909
1749263966,0.08630000,403.00000000,0.0909
1749263966,0.08620000,112.00000000,0.0909
1749263966,0.08610000,5450.00000000,0.0909
1749263966,0.08600000,18625.00000000,0.0909
1749263966,0.08590000,11955.00000000,0.0909
1749263966,0.08580000,5047.00000000,0.0909
1749263966,0.08570000,1798.00000000,0.0909
1749263966,0.08560000,463.00000000,0.0909
1749263966,0.08550000,12766.00000000,0.0909
1749263966,0.08540000,563.00000000,0.0909
1749263966,0.08530000,1872.00000000,0.0909
1749263966,0.08520000,5936.00000000,0.0909
1749263966,0.08510000,2545.00000000,0.0909
1749263966,0.08500000,49219.00000000,0.0909
1749263966,0.08490000,26662.00000000,0.0909
1749263966,0.08480000,8750.00000000,0.0909
1749263966,0.08470000,526.00000000,0.0909
1749263966,0.08460000,272.00000000,0.0909
1749263966,0.08450000,1328.00000000,0.0909
1749263966,0.08440000,1821.00000000,0.0909
1749263966,0.08430000,112.00000000,0.0909
1749263966,0.08420000,57308.00000000,0.0909
1749263966,0.08410000,230.00000000,0.0909
1749263966,0.08400000,491.00000000,0.0909
1749263966,0.08390000,1781.00000000,0.0909
1749263966,0.08380000,396.00000000,0.0909
1749263966,0.08370000,527.00000000,0.0909
1749263966,0.08360000,636.00000000,0.0909
1749263966,0.08350000,1679.00000000,0.0909
1749263966,0.08340000,841.00000000,0.0909
1749263966,0.08330000,195.00000000,0.0909
1749263966,0.08310000,831.00000000,0.0909
1749263966,0.08300000,1270.00000000,0.0909
1749263966,0.08280000,30803.00000000,0.0909
1749263966,0.08270000,2951.00000000,0.0909
1749263966,0.08260000,1513.00000000,0.0909
1749263966,0.08250000,433.00000000,0.0909
1749263966,0.08240000,446.00000000,0.0909
1749263966,0.08230000,24766.00000000,0.0909
1749263966,0.08220000,62.00000000,0.0909
1749263966,0.08210000,1620.00000000,0.0909
1749263966,0.08200000,17254.00000000,0.0909
1749263966,0.08190000,56448.00000000,0.0909
1749263966,0.08170000,2704.00000000,0.0909
1749263966,0.08160000,581.00000000,0.0909
1749263966,0.08150000,5628.00000000,0.0909
1749263966,0.08140000,301.00000000,0.0909
1749263966,0.08130000,4674.00000000,0.0909
1749263966,0.08120000,334.00000000,0.0909
1749263966,0.08110000,3154.00000000,0.0909
1749263966,0.08100000,14282.00000000,0.0909
1749263966,0.08090000,68.00000000,0.0909
1749263966,0.08080000,5678.00000000,0.0909
1749263966,0.08070000,65.00000000,0.0909
1749264267,0.09060000,98563.00000000,0.0906
1749264267,0.09050000,469233.00000000,0.0906
1749264267,0.09040000,772676.00000000,0.0906
1749264267,0.09030000,459463.00000000,0.0906
1749264267,0.09020000,121473.00000000,0.0906
1749264267,0.09010000,129995.00000000,0.0906
1749264267,0.09000000,39759.00000000,0.0906
1749264267,0.08990000,36949.00000000,0.0906
1749264267,0.08980000,43442.00000000,0.0906
1749264267,0.08970000,36730.00000000,0.0906
1749264267,0.08960000,14968.00000000,0.0906
1749264267,0.08950000,51540.00000000,0.0906
1749264267,0.08940000,9280.00000000,0.0906
1749264267,0.08930000,21497.00000000,0.0906
1749264267,0.08920000,580.00000000,0.0906
1749264267,0.08910000,11048.00000000,0.0906
1749264267,0.08900000,442668.00000000,0.0906
1749264267,0.08890000,562.00000000,0.0906
1749264267,0.08880000,5716.00000000,0.0906
1749264267,0.08870000,306.00000000,0.0906
1749264267,0.08860000,321.00000000,0.0906
1749264267,0.08850000,525.00000000,0.0906
1749264267,0.08840000,196.00000000,0.0906
1749264267,0.08830000,17617.00000000,0.0906
1749264267,0.08820000,640.00000000,0.0906
1749264267,0.08810000,263.00000000,0.0906
1749264267,0.08800000,885.00000000,0.0906
1749264267,0.08790000,196.00000000,0.0906
1749264267,0.08780000,615.00000000,0.0906
1749264267,0.08770000,17467.00000000,0.0906
1749264267,0.08760000,787.00000000,0.0906
1749264267,0.08750000,477.00000000,0.0906
1749264267,0.08740000,10206.00000000,0.0906
1749264267,0.08730000,2434.00000000,0.0906
1749264267,0.08720000,488.00000000,0.0906
1749264267,0.08710000,845.00000000,0.0906
1749264267,0.08700000,21604.00000000,0.0906
1749264267,0.08690000,197.00000000,0.0906
1749264267,0.08680000,334.00000000,0.0906
1749264267,0.08670000,3574.00000000,0.0906
1749264267,0.08660000,285.00000000,0.0906
1749264267,0.08650000,4769.00000000,0.0906
1749264267,0.08640000,451.00000000,0.0906
1749264267,0.08630000,403.00000000,0.0906
1749264267,0.08620000,112.00000000,0.0906
1749264267,0.08610000,5450.00000000,0.0906
1749264267,0.08600000,18625.00000000,0.0906
1749264267,0.08590000,11955.00000000,0.0906
1749264267,0.08580000,5047.00000000,0.0906
1749264267,0.08570000,1798.00000000,0.0906
1749264267,0.08560000,463.00000000,0.0906
1749264267,0.08550000,12766.00000000,0.0906
1749264267,0.08540000,563.00000000,0.0906
1749264267,0.08530000,1872.00000000,0.0906
1749264267,0.08520000,5936.00000000,0.0906
1749264267,0.08510000,2545.00000000,0.0906
1749264267,0.08500000,49219.00000000,0.0906
1749264267,0.08490000,26662.00000000,0.0906
1749264267,0.08480000,8750.00000000,0.0906
1749264267,0.08470000,526.00000000,0.0906
1749264267,0.08460000,272.00000000,0.0906
1749264267,0.08450000,1328.00000000,0.0906
1749264267,0.08440000,1821.00000000,0.0906
1749264267,0.08430000,112.00000000,0.0906
1749264267,0.08420000,57308.00000000,0.0906
1749264267,0.08410000,230.00000000,0.0906
1749264267,0.08400000,491.00000000,0.0906
1749264267,0.08390000,1781.00000000,0.0906
1749264267,0.08380000,396.00000000,0.0906
1749264267,0.08370000,527.00000000,0.0906
1749264267,0.08360000,636.00000000,0.0906
1749264267,0.08350000,1679.00000000,0.0906
1749264267,0.08340000,841.00000000,0.0906
1749264267,0.08330000,306.00000000,0.0906
1749264267,0.08320000,111.00000000,0.0906
1749264267,0.08310000,942.00000000,0.0906
1749264267,0.08300000,1270.00000000,0.0906
1749264267,0.08280000,30803.00000000,0.0906
1749264267,0.08270000,2951.00000000,0.0906
1749264267,0.08260000,1513.00000000,0.0906
1749264267,0.08250000,433.00000000,0.0906
1749264267,0.08240000,446.00000000,0.0906
1749264267,0.08230000,24766.00000000,0.0906
1749264267,0.08220000,62.00000000,0.0906
1749264267,0.08210000,1620.00000000,0.0906
1749264267,0.08200000,17254.00000000,0.0906
1749264267,0.08190000,56448.00000000,0.0906
1749264267,0.08170000,2704.00000000,0.0906
1749264267,0.08160000,581.00000000,0.0906
1749264267,0.08150000,5628.00000000,0.0906
1749264267,0.08140000,301.00000000,0.0906
1749264267,0.08130000,4674.00000000,0.0906
1749264267,0.08120000,334.00000000,0.0906
1749264267,0.08110000,3154.00000000,0.0906
1749264267,0.08100000,14282.00000000,0.0906
1749264267,0.08090000,68.00000000,0.0906
1749264267,0.08080000,5678.00000000,0.0906
1749264267,0.08070000,65.00000000,0.0906
1749264267,0.08060000,1260.00000000,0.0906
1749264267,0.08050000,791.00000000,0.0906
1749264569,0.09070000,327422.00000000,0.0908
1749264569,0.09060000,565668.00000000,0.0908
1749264569,0.09050000,626385.00000000,0.0908
1749264569,0.09040000,179463.00000000,0.0908
1749264569,0.09030000,128078.00000000,0.0908
1749264569,0.09020000,179256.00000000,0.0908
1749264569,0.09010000,42805.00000000,0.0908
1749264569,0.09000000,47495.00000000,0.0908
1749264569,0.08990000,22043.00000000,0.0908
1749264569,0.08980000,109235.00000000,0.0908
1749264569,0.08970000,16332.00000000,0.0908
1749264569,0.08960000,14968.00000000,0.0908
1749264569,0.08950000,83781.00000000,0.0908
1749264569,0.08940000,9280.00000000,0.0908
1749264569,0.08930000,281.00000000,0.0908
1749264569,0.08920000,580.00000000,0.0908
1749264569,0.08910000,11048.00000000,0.0908
1749264569,0.08900000,442668.00000000,0.0908
1749264569,0.08890000,562.00000000,0.0908
1749264569,0.08880000,196.00000000,0.0908
1749264569,0.08870000,6174.00000000,0.0908
1749264569,0.08860000,321.00000000,0.0908
1749264569,0.08850000,525.00000000,0.0908
1749264569,0.08840000,196.00000000,0.0908
1749264569,0.08830000,17617.00000000,0.0908
1749264569,0.08820000,640.00000000,0.0908
1749264569,0.08810000,263.00000000,0.0908
1749264569,0.08800000,885.00000000,0.0908
1749264569,0.08790000,196.00000000,0.0908
1749264569,0.08780000,615.00000000,0.0908
1749264569,0.08770000,17467.00000000,0.0908
1749264569,0.08760000,787.00000000,0.0908
1749264569,0.08750000,477.00000000,0.0908
1749264569,0.08740000,10206.00000000,0.0908
1749264569,0.08730000,2434.00000000,0.0908
1749264569,0.08720000,488.00000000,0.0908
1749264569,0.08710000,845.00000000,0.0908
1749264569,0.08700000,21604.00000000,0.0908
1749264569,0.08690000,197.00000000,0.0908
1749264569,0.08680000,334.00000000,0.0908
1749264569,0.08670000,3574.00000000,0.0908
1749264569,0.08660000,285.00000000,0.0908
1749264569,0.08650000,4769.00000000,0.0908
1749264569,0.08640000,451.00000000,0.0908
1749264569,0.08630000,403.00000000,0.0908
1749264569,0.08620000,112.00000000,0.0908
1749264569,0.08610000,5450.00000000,0.0908
1749264569,0.08600000,18625.00000000,0.0908
1749264569,0.08590000,11955.00000000,0.0908
1749264569,0.08580000,5047.00000000,0.0908
1749264569,0.08570000,1798.00000000,0.0908
1749264569,0.08560000,463.00000000,0.0908
1749264569,0.08550000,12766.00000000,0.0908
1749264569,0.08540000,563.00000000,0.0908
1749264569,0.08530000,1872.00000000,0.0908
1749264569,0.08520000,5936.00000000,0.0908
1749264569,0.08510000,2545.00000000,0.0908
1749264569,0.08500000,49219.00000000,0.0908
1749264569,0.08490000,26662.00000000,0.0908
1749264569,0.08480000,8750.00000000,0.0908
1749264569,0.08470000,526.00000000,0.0908
1749264569,0.08460000,272.00000000,0.0908
1749264569,0.08450000,1328.00000000,0.0908
1749264569,0.08440000,1821.00000000,0.0908
1749264569,0.08430000,112.00000000,0.0908
1749264569,0.08420000,57308.00000000,0.0908
1749264569,0.08410000,230.00000000,0.0908
1749264569,0.08400000,491.00000000,0.0908
1749264569,0.08390000,1781.00000000,0.0908
1749264569,0.08380000,396.00000000,0.0908
1749264569,0.08370000,527.00000000,0.0908
1749264569,0.08360000,636.00000000,0.0908
1749264569,0.08350000,1679.00000000,0.0908
1749264569,0.08340000,841.00000000,0.0908
1749264569,0.08330000,306.00000000,0.0908
1749264569,0.08320000,111.00000000,0.0908
1749264569,0.08310000,831.00000000,0.0908
1749264569,0.08300000,1270.00000000,0.0908
1749264569,0.08280000,30803.00000000,0.0908
1749264569,0.08270000,2951.00000000,0.0908
1749264569,0.08260000,1513.00000000,0.0908
1749264569,0.08250000,433.00000000,0.0908
1749264569,0.08240000,446.00000000,0.0908
1749264569,0.08230000,24766.00000000,0.0908
1749264569,0.08220000,62.00000000,0.0908
1749264569,0.08210000,1620.00000000,0.0908
1749264569,0.08200000,17254.00000000,0.0908
1749264569,0.08190000,56448.00000000,0.0908
1749264569,0.08170000,2704.00000000,0.0908
1749264569,0.08160000,313.00000000,0.0908
1749264569,0.08150000,5896.00000000,0.0908
1749264569,0.08140000,301.00000000,0.0908
1749264569,0.08130000,4674.00000000,0.0908
1749264569,0.08120000,334.00000000,0.0908
1749264569,0.08110000,3154.00000000,0.0908
1749264569,0.08100000,14282.00000000,0.0908
1749264569,0.08090000,68.00000000,0.0908
1749264569,0.08080000,5678.00000000,0.0908
1749264569,0.08070000,65.00000000,0.0908
1749264569,0.08060000,1260.00000000,0.0908
1749264871,0.09110000,36743.00000000,0.0911
1749264871,0.09100000,305862.00000000,0.0911
1749264871,0.09090000,646368.00000000,0.0911
1749264871,0.09080000,479623.00000000,0.0911
1749264871,0.09070000,131141.00000000,0.0911
1749264871,0.09060000,123509.00000000,0.0911
1749264871,0.09050000,117964.00000000,0.0911
1749264871,0.09040000,114439.00000000,0.0911
1749264871,0.09030000,139954.00000000,0.0911
1749264871,0.09020000,39275.00000000,0.0911
1749264871,0.09010000,103052.00000000,0.0911
1749264871,0.09000000,40219.00000000,0.0911
1749264871,0.08990000,20929.00000000,0.0911
1749264871,0.08980000,31523.00000000,0.0911
1749264871,0.08970000,16332.00000000,0.0911
1749264871,0.08960000,15791.00000000,0.0911
1749264871,0.08950000,51540.00000000,0.0911
1749264871,0.08940000,21402.00000000,0.0911
1749264871,0.08930000,21497.00000000,0.0911
1749264871,0.08920000,580.00000000,0.0911
1749264871,0.08910000,11048.00000000,0.0911
1749264871,0.08900000,430463.00000000,0.0911
1749264871,0.08890000,478.00000000,0.0911
1749264871,0.08880000,5655.00000000,0.0911
1749264871,0.08870000,306.00000000,0.0911
1749264871,0.08860000,321.00000000,0.0911
1749264871,0.08850000,525.00000000,0.0911
1749264871,0.08840000,196.00000000,0.0911
1749264871,0.08830000,17617.00000000,0.0911
1749264871,0.08820000,640.00000000,0.0911
1749264871,0.08810000,196.00000000,0.0911
1749264871,0.08800000,817.00000000,0.0911
1749264871,0.08790000,196.00000000,0.0911
1749264871,0.08780000,615.00000000,0.0911
1749264871,0.08770000,17467.00000000,0.0911
1749264871,0.08760000,787.00000000,0.0911
1749264871,0.08750000,477.00000000,0.0911
1749264871,0.08740000,12319.00000000,0.0911
1749264871,0.08730000,324.00000000,0.0911
1749264871,0.08720000,488.00000000,0.0911
1749264871,0.08710000,845.00000000,0.0911
1749264871,0.08700000,21519.00000000,0.0911
1749264871,0.08690000,112.00000000,0.0911
1749264871,0.08680000,334.00000000,0.0911
1749264871,0.08670000,3574.00000000,0.0911
1749264871,0.08660000,285.00000000,0.0911
1749264871,0.08650000,4769.00000000,0.0911
1749264871,0.08640000,451.00000000,0.0911
1749264871,0.08630000,403.00000000,0.0911
1749264871,0.08620000,112.00000000,0.0911
1749264871,0.08610000,5450.00000000,0.0911
1749264871,0.08600000,18625.00000000,0.0911
1749264871,0.08590000,11955.00000000,0.0911
1749264871,0.08580000,5047.00000000,0.0911
1749264871,0.08570000,1798.00000000,0.0911
1749264871,0.08560000,463.00000000,0.0911
1749264871,0.08550000,12766.00000000,0.0911
1749264871,0.08540000,563.00000000,0.0911
1749264871,0.08530000,1766.00000000,0.0911
1749264871,0.08520000,5936.00000000,0.0911
1749264871,0.08510000,2545.00000000,0.0911
1749264871,0.08500000,49219.00000000,0.0911
1749264871,0.08490000,26662.00000000,0.0911
1749264871,0.08480000,8750.00000000,0.0911
1749264871,0.08470000,526.00000000,0.0911
1749264871,0.08460000,272.00000000,0.0911
1749264871,0.08450000,1328.00000000,0.0911
1749264871,0.08440000,1821.00000000,0.0911
1749264871,0.08430000,112.00000000,0.0911
1749264871,0.08420000,57308.00000000,0.0911
1749264871,0.08410000,230.00000000,0.0911
1749264871,0.08400000,491.00000000,0.0911
1749264871,0.08390000,1781.00000000,0.0911
1749264871,0.08380000,396.00000000,0.0911
1749264871,0.08370000,527.00000000,0.0911
1749264871,0.08360000,636.00000000,0.0911
1749264871,0.08350000,1567.00000000,0.0911
1749264871,0.08340000,729.00000000,0.0911
1749264871,0.08330000,195.00000000,0.0911
1749264871,0.08310000,831.00000000,0.0911
1749264871,0.08300000,1270.00000000,0.0911
1749264871,0.08280000,30803.00000000,0.0911
1749264871,0.08270000,2951.00000000,0.0911
1749264871,0.08260000,1513.00000000,0.0911
1749264871,0.08250000,288.00000000,0.0911
1749264871,0.08240000,446.00000000,0.0911
1749264871,0.08230000,24766.00000000,0.0911
1749264871,0.08220000,62.00000000,0.0911
1749264871,0.08210000,1620.00000000,0.0911
1749264871,0.08200000,17254.00000000,0.0911
1749264871,0.08190000,56448.00000000,0.0911
1749264871,0.08170000,2704.00000000,0.0911
1749264871,0.08160000,313.00000000,0.0911
1749264871,0.08150000,5896.00000000,0.0911
1749264871,0.08140000,301.00000000,0.0911
1749264871,0.08130000,4674.00000000,0.0911
1749264871,0.08120000,334.00000000,0.0911
1749264871,0.08110000,3154.00000000,0.0911
1749264871,0.08100000,14282.00000000,0.0911
1749264871,0.08090000,68.00000000,0.0911
1749265172,0.09110000,37840.00000000,0.0911
1749265172,0.09100000,457108.00000000,0.0911
1749265172,0.09090000,428644.00000000,0.0911
1749265172,0.09080000,393287.00000000,0.0911
1749265172,0.09070000,172909.00000000,0.0911
1749265172,0.09060000,98245.00000000,0.0911
1749265172,0.09050000,146379.00000000,0.0911
1749265172,0.09040000,26457.00000000,0.0911
1749265172,0.09030000,62896.00000000,0.0911
1749265172,0.09020000,36947.00000000,0.0911
1749265172,0.09010000,111640.00000000,0.0911
1749265172,0.09000000,32092.00000000,0.0911
1749265172,0.08990000,32733.00000000,0.0911
1749265172,0.08980000,10957.00000000,0.0911
1749265172,0.08970000,9345.00000000,0.0911
1749265172,0.08960000,9495.00000000,0.0911
1749265172,0.08950000,51540.00000000,0.0911
1749265172,0.08940000,9280.00000000,0.0911
1749265172,0.08930000,12497.00000000,0.0911
1749265172,0.08920000,580.00000000,0.0911
1749265172,0.08910000,17830.00000000,0.0911
1749265172,0.08900000,430463.00000000,0.0911
1749265172,0.08890000,478.00000000,0.0911
1749265172,0.08880000,196.00000000,0.0911
1749265172,0.08870000,6116.00000000,0.0911
1749265172,0.08860000,321.00000000,0.0911
1749265172,0.08850000,525.00000000,0.0911
1749265172,0.08840000,196.00000000,0.0911
1749265172,0.08830000,301.00000000,0.0911
1749265172,0.08820000,640.00000000,0.0911
1749265172,0.08810000,196.00000000,0.0911
1749265172,0.08800000,817.00000000,0.0911
1749265172,0.08790000,196.00000000,0.0911
1749265172,0.08780000,615.00000000,0.0911
1749265172,0.08770000,19572.00000000,0.0911
1749265172,0.08760000,787.00000000,0.0911
1749265172,0.08750000,477.00000000,0.0911
1749265172,0.08740000,10206.00000000,0.0911
1749265172,0.08730000,324.00000000,0.0911
1749265172,0.08720000,488.00000000,0.0911
1749265172,0.08710000,760.00000000,0.0911
1749265172,0.08700000,21519.00000000,0.0911
1749265172,0.08690000,112.00000000,0.0911
1749265172,0.08680000,334.00000000,0.0911
1749265172,0.08670000,3574.00000000,0.0911
1749265172,0.08660000,285.00000000,0.0911
1749265172,0.08650000,4769.00000000,0.0911
1749265172,0.08640000,451.00000000,0.0911
1749265172,0.08630000,403.00000000,0.0911
1749265172,0.08620000,112.00000000,0.0911
1749265172,0.08610000,5450.00000000,0.0911
1749265172,0.08600000,18625.00000000,0.0911
1749265172,0.08590000,11955.00000000,0.0911
1749265172,0.08580000,5047.00000000,0.0911
1749265172,0.08570000,1798.00000000,0.0911
1749265172,0.08560000,463.00000000,0.0911
1749265172,0.08550000,12766.00000000,0.0911
1749265172,0.08540000,563.00000000,0.0911
1749265172,0.08530000,1766.00000000,0.0911
1749265172,0.08520000,5936.00000000,0.0911
1749265172,0.08510000,2545.00000000,0.0911
1749265172,0.08500000,49219.00000000,0.0911
1749265172,0.08490000,26662.00000000,0.0911
1749265172,0.08480000,8750.00000000,0.0911
1749265172,0.08470000,526.00000000,0.0911
1749265172,0.08460000,272.00000000,0.0911
1749265172,0.08450000,1328.00000000,0.0911
1749265172,0.08440000,1821.00000000,0.0911
1749265172,0.08430000,112.00000000,0.0911
1749265172,0.08420000,57308.00000000,0.0911
1749265172,0.08410000,230.00000000,0.0911
1749265172,0.08400000,491.00000000,0.0911
1749265172,0.08390000,1781.00000000,0.0911
1749265172,0.08380000,396.00000000,0.0911
1749265172,0.08370000,527.00000000,0.0911
1749265172,0.08360000,634.00000000,0.0911
1749265172,0.08350000,1567.00000000,0.0911
1749265172,0.08340000,729.00000000,0.0911
1749265172,0.08330000,195.00000000,0.0911
1749265172,0.08310000,831.00000000,0.0911
1749265172,0.08300000,1270.00000000,0.0911
1749265172,0.08280000,30803.00000000,0.0911
1749265172,0.08270000,2951.00000000,0.0911
1749265172,0.08260000,1513.00000000,0.0911
1749265172,0.08250000,288.00000000,0.0911
1749265172,0.08240000,446.00000000,0.0911
1749265172,0.08230000,24766.00000000,0.0911
1749265172,0.08220000,62.00000000,0.0911
1749265172,0.08210000,1620.00000000,0.0911
1749265172,0.08200000,17522.00000000,0.0911
1749265172,0.08190000,56448.00000000,0.0911
1749265172,0.08170000,2704.00000000,0.0911
1749265172,0.08160000,313.00000000,0.0911
1749265172,0.08150000,5628.00000000,0.0911
1749265172,0.08140000,301.00000000,0.0911
1749265172,0.08130000,4674.00000000,0.0911
1749265172,0.08120000,334.00000000,0.0911
1749265172,0.08110000,3154.00000000,0.0911
1749265172,0.08100000,14282.00000000,0.0911
1749265172,0.08090000,68.00000000,0.0911
1749265474,0.09140000,85047.00000000,0.0914
1749265474,0.09130000,303466.00000000,0.0914
1749265474,0.09120000,393834.00000000,0.0914
1749265474,0.09110000,106333.00000000,0.0914
1749265474,0.09100000,78260.00000000,0.0914
1749265474,0.09090000,205462.00000000,0.0914
1749265474,0.09080000,159249.00000000,0.0914
1749265474,0.09070000,47526.00000000,0.0914
1749265474,0.09060000,145460.00000000,0.0914
1749265474,0.09050000,21077.00000000,0.0914
1749265474,0.09040000,92250.00000000,0.0914
1749265474,0.09030000,47124.00000000,0.0914
1749265474,0.09020000,26921.00000000,0.0914
1749265474,0.09010000,16181.00000000,0.0914
1749265474,0.09000000,6214.00000000,0.0914
1749265474,0.08990000,13774.00000000,0.0914
1749265474,0.08980000,336.00000000,0.0914
1749265474,0.08970000,12507.00000000,0.0914
1749265474,0.08960000,495.00000000,0.0914
1749265474,0.08950000,42540.00000000,0.0914
1749265474,0.08940000,280.00000000,0.0914
1749265474,0.08930000,441.00000000,0.0914
1749265474,0.08920000,413.00000000,0.0914
1749265474,0.08910000,17830.00000000,0.0914
1749265474,0.08900000,430463.00000000,0.0914
1749265474,0.08890000,478.00000000,0.0914
1749265474,0.08880000,5997.00000000,0.0914
1749265474,0.08870000,306.00000000,0.0914
1749265474,0.08860000,321.00000000,0.0914
1749265474,0.08850000,525.00000000,0.0914
1749265474,0.08840000,196.00000000,0.0914
1749265474,0.08830000,196.00000000,0.0914
1749265474,0.08820000,640.00000000,0.0914
1749265474,0.08810000,196.00000000,0.0914
1749265474,0.08800000,817.00000000,0.0914
1749265474,0.08790000,196.00000000,0.0914
1749265474,0.08780000,615.00000000,0.0914
1749265474,0.08770000,17467.00000000,0.0914
1749265474,0.08760000,787.00000000,0.0914
1749265474,0.08750000,2586.00000000,0.0914
1749265474,0.08740000,10206.00000000,0.0914
1749265474,0.08730000,240.00000000,0.0914
1749265474,0.08720000,403.00000000,0.0914
1749265474,0.08710000,760.00000000,0.0914
1749265474,0.08700000,21519.00000000,0.0914
1749265474,0.08690000,112.00000000,0.0914
1749265474,0.08680000,334.00000000,0.0914
1749265474,0.08670000,3574.00000000,0.0914
1749265474,0.08660000,285.00000000,0.0914
1749265474,0.08650000,4769.00000000,0.0914
1749265474,0.08640000,335.00000000,0.0914
1749265474,0.08630000,403.00000000,0.0914
1749265474,0.08620000,112.00000000,0.0914
1749265474,0.08610000,5833.00000000,0.0914
1749265474,0.08600000,18625.00000000,0.0914
1749265474,0.08590000,11955.00000000,0.0914
1749265474,0.08580000,5047.00000000,0.0914
1749265474,0.08570000,1798.00000000,0.0914
1749265474,0.08560000,463.00000000,0.0914
1749265474,0.08550000,12766.00000000,0.0914
1749265474,0.08540000,563.00000000,0.0914
1749265474,0.08530000,1766.00000000,0.0914
1749265474,0.08520000,5936.00000000,0.0914
1749265474,0.08510000,2545.00000000,0.0914
1749265474,0.08500000,49219.00000000,0.0914
1749265474,0.08490000,26662.00000000,0.0914
1749265474,0.08480000,8750.00000000,0.0914
1749265474,0.08470000,526.00000000,0.0914
1749265474,0.08460000,272.00000000,0.0914
1749265474,0.08450000,1328.00000000,0.0914
1749265474,0.08440000,1821.00000000,0.0914
1749265474,0.08430000,112.00000000,0.0914
1749265474,0.08420000,57308.00000000,0.0914
1749265474,0.08410000,230.00000000,0.0914
1749265474,0.08400000,491.00000000,0.0914
1749265474,0.08390000,1779.00000000,0.0914
1749265474,0.08380000,284.00000000,0.0914
1749265474,0.08370000,415.00000000,0.0914
1749265474,0.08360000,524.00000000,0.0914
1749265474,0.08350000,1567.00000000,0.0914
1749265474,0.08340000,729.00000000,0.0914
1749265474,0.08330000,195.00000000,0.0914
1749265474,0.08310000,831.00000000,0.0914
1749265474,0.08300000,1270.00000000,0.0914
1749265474,0.08280000,30803.00000000,0.0914
1749265474,0.08270000,2673.00000000,0.0914
1749265474,0.08260000,1513.00000000,0.0914
1749265474,0.08250000,288.00000000,0.0914
1749265474,0.08240000,371.00000000,0.0914
1749265474,0.08230000,24766.00000000,0.0914
1749265474,0.08220000,62.00000000,0.0914
1749265474,0.08210000,1620.00000000,0.0914
1749265474,0.08200000,17254.00000000,0.0914
1749265474,0.08190000,56716.00000000,0.0914
1749265474,0.08170000,2704.00000000,0.0914
1749265474,0.08160000,313.00000000,0.0914
1749265474,0.08150000,5628.00000000,0.0914
1749265474,0.08140000,301.00000000,0.0914
1749265474,0.08130000,4674.00000000,0.0914
1749265474,0.08120000,334.00000000,0.0914
1749265776,0.09140000,1067.00000000,0.0914
1749265776,0.09130000,323521.00000000,0.0914
1749265776,0.09120000,510337.00000000,0.0914
1749265776,0.09110000,889176.00000000,0.0914
1749265776,0.09100000,159974.00000000,0.0914
1749265776,0.09090000,78763.00000000,0.0914
1749265776,0.09080000,183487.00000000,0.0914
1749265776,0.09070000,48792.00000000,0.0914
1749265776,0.09060000,59083.00000000,0.0914
1749265776,0.09050000,33131.00000000,0.0914
1749265776,0.09040000,92250.00000000,0.0914
1749265776,0.09030000,36468.00000000,0.0914
1749265776,0.09020000,26921.00000000,0.0914
1749265776,0.09010000,14753.00000000,0.0914
1749265776,0.09000000,48474.00000000,0.0914
1749265776,0.08990000,10947.00000000,0.0914
1749265776,0.08980000,336.00000000,0.0914
1749265776,0.08970000,12507.00000000,0.0914
1749265776,0.08960000,495.00000000,0.0914
1749265776,0.08950000,280.00000000,0.0914
1749265776,0.08940000,280.00000000,0.0914
1749265776,0.08930000,441.00000000,0.0914
1749265776,0.08920000,413.00000000,0.0914
1749265776,0.08910000,17830.00000000,0.0914
1749265776,0.08900000,430463.00000000,0.0914
1749265776,0.08890000,478.00000000,0.0914
1749265776,0.08880000,17467.00000000,0.0914
1749265776,0.08870000,306.00000000,0.0914
1749265776,0.08860000,321.00000000,0.0914
1749265776,0.08850000,525.00000000,0.0914
1749265776,0.08840000,196.00000000,0.0914
1749265776,0.08830000,196.00000000,0.0914
1749265776,0.08820000,640.00000000,0.0914
1749265776,0.08810000,196.00000000,0.0914
1749265776,0.08800000,817.00000000,0.0914
1749265776,0.08790000,2295.00000000,0.0914
1749265776,0.08780000,615.00000000,0.0914
1749265776,0.08770000,196.00000000,0.0914
1749265776,0.08760000,787.00000000,0.0914
1749265776,0.08750000,477.00000000,0.0914
1749265776,0.08740000,10206.00000000,0.0914
1749265776,0.08730000,240.00000000,0.0914
1749265776,0.08720000,403.00000000,0.0914
1749265776,0.08710000,760.00000000,0.0914
1749265776,0.08700000,21519.00000000,0.0914
1749265776,0.08690000,112.00000000,0.0914
1749265776,0.08680000,334.00000000,0.0914
1749265776,0.08670000,3574.00000000,0.0914
1749265776,0.08660000,285.00000000,0.0914
1749265776,0.08650000,4769.00000000,0.0914
1749265776,0.08640000,335.00000000,0.0914
1749265776,0.08630000,403.00000000,0.0914
1749265776,0.08620000,112.00000000,0.0914
1749265776,0.08610000,5833.00000000,0.0914
1749265776,0.08600000,18625.00000000,0.0914
1749265776,0.08590000,11955.00000000,0.0914
1749265776,0.08580000,5047.00000000,0.0914
1749265776,0.08570000,1798.00000000,0.0914
1749265776,0.08560000,463.00000000,0.0914
1749265776,0.08550000,12766.00000000,0.0914
1749265776,0.08540000,563.00000000,0.0914
1749265776,0.08530000,1766.00000000,0.0914
1749265776,0.08520000,5936.00000000,0.0914
1749265776,0.08510000,2545.00000000,0.0914
1749265776,0.08500000,49219.00000000,0.0914
1749265776,0.08490000,26662.00000000,0.0914
1749265776,0.08480000,8750.00000000,0.0914
1749265776,0.08470000,526.00000000,0.0914
1749265776,0.08460000,272.00000000,0.0914
1749265776,0.08450000,1328.00000000,0.0914
1749265776,0.08440000,1821.00000000,0.0914
1749265776,0.08430000,112.00000000,0.0914
1749265776,0.08420000,57308.00000000,0.0914
1749265776,0.08410000,230.00000000,0.0914
1749265776,0.08400000,491.00000000,0.0914
1749265776,0.08390000,1779.00000000,0.0914
1749265776,0.08380000,284.00000000,0.0914
1749265776,0.08370000,415.00000000,0.0914
1749265776,0.08360000,524.00000000,0.0914
1749265776,0.08350000,1567.00000000,0.0914
1749265776,0.08340000,729.00000000,0.0914
1749265776,0.08330000,195.00000000,0.0914
1749265776,0.08310000,831.00000000,0.0914
1749265776,0.08300000,1270.00000000,0.0914
1749265776,0.08280000,30803.00000000,0.0914
1749265776,0.08270000,2673.00000000,0.0914
1749265776,0.08260000,1513.00000000,0.0914
1749265776,0.08250000,288.00000000,0.0914
1749265776,0.08240000,371.00000000,0.0914
1749265776,0.08230000,24766.00000000,0.0914
1749265776,0.08220000,62.00000000,0.0914
1749265776,0.08210000,1620.00000000,0.0914
1749265776,0.08200000,17254.00000000,0.0914
1749265776,0.08190000,56716.00000000,0.0914
1749265776,0.08170000,2704.00000000,0.0914
1749265776,0.08160000,313.00000000,0.0914
1749265776,0.08150000,5628.00000000,0.0914
1749265776,0.08140000,301.00000000,0.0914
1749265776,0.08130000,4674.00000000,0.0914
1749265776,0.08120000,334.00000000,0.0914
1749266077,0.09180000,59311.00000000,0.0918
1749266077,0.09170000,334988.00000000,0.0918
1749266077,0.09160000,588916.00000000,0.0918
1749266077,0.09150000,178325.00000000,0.0918
1749266077,0.09140000,317853.00000000,0.0918
1749266077,0.09130000,154776.00000000,0.0918
1749266077,0.09120000,136281.00000000,0.0918
1749266077,0.09110000,40531.00000000,0.0918
1749266077,0.09100000,115523.00000000,0.0918
1749266077,0.09090000,74891.00000000,0.0918
1749266077,0.09080000,28806.00000000,0.0918
1749266077,0.09070000,103167.00000000,0.0918
1749266077,0.09060000,26856.00000000,0.0918
1749266077,0.09050000,31503.00000000,0.0918
1749266077,0.09040000,14750.00000000,0.0918
1749266077,0.09030000,490.00000000,0.0918
1749266077,0.09020000,279.00000000,0.0918
1749266077,0.09010000,280.00000000,0.0918
1749266077,0.09000000,45170.00000000,0.0918
1749266077,0.08990000,23082.00000000,0.0918
1749266077,0.08980000,336.00000000,0.0918
1749266077,0.08970000,261.00000000,0.0918
1749266077,0.08960000,411.00000000,0.0918
1749266077,0.08950000,5897.00000000,0.0918
1749266077,0.08940000,196.00000000,0.0918
1749266077,0.08930000,441.00000000,0.0918
1749266077,0.08920000,413.00000000,0.0918
1749266077,0.08910000,17830.00000000,0.0918
1749266077,0.08900000,430463.00000000,0.0918
1749266077,0.08890000,478.00000000,0.0918
1749266077,0.08880000,17467.00000000,0.0918
1749266077,0.08870000,306.00000000,0.0918
1749266077,0.08860000,321.00000000,0.0918
1749266077,0.08850000,525.00000000,0.0918
1749266077,0.08840000,196.00000000,0.0918
1749266077,0.08830000,196.00000000,0.0918
1749266077,0.08820000,640.00000000,0.0918
1749266077,0.08810000,196.00000000,0.0918
1749266077,0.08800000,817.00000000,0.0918
1749266077,0.08790000,2295.00000000,0.0918
1749266077,0.08780000,615.00000000,0.0918
1749266077,0.08770000,112.00000000,0.0918
1749266077,0.08760000,703.00000000,0.0918
1749266077,0.08750000,393.00000000,0.0918
1749266077,0.08740000,10122.00000000,0.0918
1749266077,0.08730000,240.00000000,0.0918
1749266077,0.08720000,403.00000000,0.0918
1749266077,0.08710000,760.00000000,0.0918
1749266077,0.08700000,21519.00000000,0.0918
1749266077,0.08690000,112.00000000,0.0918
1749266077,0.08680000,334.00000000,0.0918
1749266077,0.08670000,3574.00000000,0.0918
1749266077,0.08660000,285.00000000,0.0918
1749266077,0.08650000,4769.00000000,0.0918
1749266077,0.08640000,335.00000000,0.0918
1749266077,0.08630000,403.00000000,0.0918
1749266077,0.08620000,112.00000000,0.0918
1749266077,0.08610000,5833.00000000,0.0918
1749266077,0.08600000,18625.00000000,0.0918
1749266077,0.08590000,11955.00000000,0.0918
1749266077,0.08580000,5047.00000000,0.0918
1749266077,0.08570000,1798.00000000,0.0918
1749266077,0.08560000,463.00000000,0.0918
1749266077,0.08550000,12766.00000000,0.0918
1749266077,0.08540000,563.00000000,0.0918
1749266077,0.08530000,1766.00000000,0.0918
1749266077,0.08520000,5936.00000000,0.0918
1749266077,0.08510000,2545.00000000,0.0918
1749266077,0.08500000,49219.00000000,0.0918
1749266077,0.08490000,26662.00000000,0.0918
1749266077,0.08480000,8750.00000000,0.0918
1749266077,0.08470000,526.00000000,0.0918
1749266077,0.08460000,272.00000000,0.0918
1749266077,0.08450000,1328.00000000,0.0918
1749266077,0.08440000,1821.00000000,0.0918
1749266077,0.08430000,112.00000000,0.0918
1749266077,0.08420000,57196.00000000,0.0918
1749266077,0.08410000,118.00000000,0.0918
1749266077,0.08400000,379.00000000,0.0918
1749266077,0.08390000,1669.00000000,0.0918
1749266077,0.08380000,284.00000000,0.0918
1749266077,0.08370000,415.00000000,0.0918
1749266077,0.08360000,524.00000000,0.0918
1749266077,0.08350000,1567.00000000,0.0918
1749266077,0.08340000,729.00000000,0.0918
1749266077,0.08330000,195.00000000,0.0918
1749266077,0.08310000,831.00000000,0.0918
1749266077,0.08300000,1270.00000000,0.0918
1749266077,0.08280000,30803.00000000,0.0918
1749266077,0.08270000,2673.00000000,0.0918
1749266077,0.08260000,1513.00000000,0.0918
1749266077,0.08250000,288.00000000,0.0918
1749266077,0.08240000,371.00000000,0.0918
1749266077,0.08230000,25034.00000000,0.0918
1749266077,0.08220000,62.00000000,0.0918
1749266077,0.08210000,1620.00000000,0.0918
1749266077,0.08200000,17254.00000000,0.0918
1749266077,0.08190000,56448.00000000,0.0918
1749266077,0.08170000,2704.00000000,0.0918
1749266077,0.08160000,313.00000000,0.0918
1749266379,0.09160000,10911.00000000,0.0916
1749266379,0.09150000,477472.00000000,0.0916
1749266379,0.09140000,426511.00000000,0.0916
1749266379,0.09130000,596049.00000000,0.0916
1749266379,0.09120000,226135.00000000,0.0916
1749266379,0.09110000,79954.00000000,0.0916
1749266379,0.09100000,108227.00000000,0.0916
1749266379,0.09090000,30553.00000000,0.0916
1749266379,0.09080000,27707.00000000,0.0916
1749266379,0.09070000,28408.00000000,0.0916
1749266379,0.09060000,26856.00000000,0.0916
1749266379,0.09050000,52470.00000000,0.0916
1749266379,0.09040000,20535.00000000,0.0916
1749266379,0.09030000,490.00000000,0.0916
1749266379,0.09020000,9279.00000000,0.0916
1749266379,0.09010000,280.00000000,0.0916
1749266379,0.09000000,2234.00000000,0.0916
1749266379,0.08990000,40398.00000000,0.0916
1749266379,0.08980000,252.00000000,0.0916
1749266379,0.08970000,261.00000000,0.0916
1749266379,0.08960000,411.00000000,0.0916
1749266379,0.08950000,196.00000000,0.0916
1749266379,0.08940000,5708.00000000,0.0916
1749266379,0.08930000,441.00000000,0.0916
1749266379,0.08920000,413.00000000,0.0916
1749266379,0.08910000,514.00000000,0.0916
1749266379,0.08900000,430463.00000000,0.0916
1749266379,0.08890000,478.00000000,0.0916
1749266379,0.08880000,17467.00000000,0.0916
1749266379,0.08870000,306.00000000,0.0916
1749266379,0.08860000,321.00000000,0.0916
1749266379,0.08850000,525.00000000,0.0916
1749266379,0.08840000,1557.00000000,0.0916
1749266379,0.08830000,8561.00000000,0.0916
1749266379,0.08820000,2731.00000000,0.0916
1749266379,0.08810000,196.00000000,0.0916
1749266379,0.08800000,817.00000000,0.0916
1749266379,0.08790000,196.00000000,0.0916
1749266379,0.08780000,531.00000000,0.0916
1749266379,0.08770000,112.00000000,0.0916
1749266379,0.08760000,703.00000000,0.0916
1749266379,0.08750000,393.00000000,0.0916
1749266379,0.08740000,10122.00000000,0.0916
1749266379,0.08730000,174.00000000,0.0916
1749266379,0.08720000,403.00000000,0.0916
1749266379,0.08710000,760.00000000,0.0916
1749266379,0.08700000,13154.00000000,0.0916
1749266379,0.08690000,112.00000000,0.0916
1749266379,0.08680000,334.00000000,0.0916
1749266379,0.08670000,3574.00000000,0.0916
1749266379,0.08660000,285.00000000,0.0916
1749266379,0.08650000,4769.00000000,0.0916
1749266379,0.08640000,335.00000000,0.0916
1749266379,0.08630000,403.00000000,0.0916
1749266379,0.08620000,112.00000000,0.0916
1749266379,0.08610000,5716.00000000,0.0916
1749266379,0.08600000,18625.00000000,0.0916
1749266379,0.08590000,12072.00000000,0.0916
1749266379,0.08580000,5047.00000000,0.0916
1749266379,0.08570000,1798.00000000,0.0916
1749266379,0.08560000,463.00000000,0.0916
1749266379,0.08550000,12766.00000000,0.0916
1749266379,0.08540000,563.00000000,0.0916
1749266379,0.08530000,1766.00000000,0.0916
1749266379,0.08520000,5936.00000000,0.0916
1749266379,0.08510000,2545.00000000,0.0916
1749266379,0.08500000,49219.00000000,0.0916
1749266379,0.08490000,26662.00000000,0.0916
1749266379,0.08480000,8750.00000000,0.0916
1749266379,0.08470000,526.00000000,0.0916
1749266379,0.08460000,272.00000000,0.0916
1749266379,0.08450000,1328.00000000,0.0916
1749266379,0.08440000,1821.00000000,0.0916
1749266379,0.08430000,109.00000000,0.0916
1749266379,0.08420000,57305.00000000,0.0916
1749266379,0.08410000,228.00000000,0.0916
1749266379,0.08400000,379.00000000,0.0916
1749266379,0.08390000,1669.00000000,0.0916
1749266379,0.08380000,284.00000000,0.0916
1749266379,0.08370000,415.00000000,0.0916
1749266379,0.08360000,524.00000000,0.0916
1749266379,0.08350000,1567.00000000,0.0916
1749266379,0.08340000,729.00000000,0.0916
1749266379,0.08330000,195.00000000,0.0916
1749266379,0.08310000,831.00000000,0.0916
1749266379,0.08300000,1270.00000000,0.0916
1749266379,0.08280000,30803.00000000,0.0916
1749266379,0.08270000,2673.00000000,0.0916
1749266379,0.08260000,1513.00000000,0.0916
1749266379,0.08250000,288.00000000,0.0916
1749266379,0.08240000,371.00000000,0.0916
1749266379,0.08230000,25034.00000000,0.0916
1749266379,0.08220000,62.00000000,0.0916
1749266379,0.08210000,1620.00000000,0.0916
1749266379,0.08200000,17254.00000000,0.0916
1749266379,0.08190000,56448.00000000,0.0916
1749266379,0.08170000,2704.00000000,0.0916
1749266379,0.08160000,313.00000000,0.0916
1749266379,0.08150000,5628.00000000,0.0916
1749266379,0.08140000,301.00000000,0.0916
1749266682,0.09180000,56705.00000000,0.0918
1749266682,0.09170000,400758.00000000,0.0918
1749266682,0.09160000,563625.00000000,0.0918
1749266682,0.09150000,210197.00000000,0.0918
1749266682,0.09140000,315384.00000000,0.0918
1749266682,0.09130000,119091.00000000,0.0918
1749266682,0.09120000,159017.00000000,0.0918
1749266682,0.09110000,126908.00000000,0.0918
1749266682,0.09100000,29146.00000000,0.0918
1749266682,0.09090000,30553.00000000,0.0918
1749266682,0.09080000,27707.00000000,0.0918
1749266682,0.09070000,104329.00000000,0.0918
1749266682,0.09060000,56498.00000000,0.0918
1749266682,0.09050000,53891.00000000,0.0918
1749266682,0.09040000,277.00000000,0.0918
1749266682,0.09030000,490.00000000,0.0918
1749266682,0.09020000,9279.00000000,0.0918
1749266682,0.09010000,280.00000000,0.0918
1749266682,0.09000000,2234.00000000,0.0918
1749266682,0.08990000,40318.00000000,0.0918
1749266682,0.08980000,252.00000000,0.0918
1749266682,0.08970000,261.00000000,0.0918
1749266682,0.08960000,411.00000000,0.0918
1749266682,0.08950000,5636.00000000,0.0918
1749266682,0.08940000,196.00000000,0.0918
1749266682,0.08930000,441.00000000,0.0918
1749266682,0.08920000,413.00000000,0.0918
1749266682,0.08910000,514.00000000,0.0918
1749266682,0.08900000,430463.00000000,0.0918
1749266682,0.08890000,478.00000000,0.0918
1749266682,0.08880000,17467.00000000,0.0918
1749266682,0.08870000,306.00000000,0.0918
1749266682,0.08860000,321.00000000,0.0918
1749266682,0.08850000,525.00000000,0.0918
1749266682,0.08840000,1557.00000000,0.0918
1749266682,0.08830000,8561.00000000,0.0918
1749266682,0.08820000,640.00000000,0.0918
1749266682,0.08810000,196.00000000,0.0918
1749266682,0.08800000,817.00000000,0.0918
1749266682,0.08790000,2294.00000000,0.0918
1749266682,0.08780000,531.00000000,0.0918
1749266682,0.08770000,112.00000000,0.0918
1749266682,0.08760000,703.00000000,0.0918
1749266682,0.08750000,393.00000000,0.0918
1749266682,0.08740000,10122.00000000,0.0918
1749266682,0.08730000,174.00000000,0.0918
1749266682,0.08720000,403.00000000,0.0918
1749266682,0.08710000,760.00000000,0.0918
1749266682,0.08700000,13154.00000000,0.0918
1749266682,0.08690000,112.00000000,0.0918
1749266682,0.08680000,334.00000000,0.0918
1749266682,0.08670000,3574.00000000,0.0918
1749266682,0.08660000,285.00000000,0.0918
1749266682,0.08650000,4769.00000000,0.0918
1749266682,0.08640000,335.00000000,0.0918
1749266682,0.08630000,403.00000000,0.0918
1749266682,0.08620000,112.00000000,0.0918
1749266682,0.08610000,5716.00000000,0.0918
1749266682,0.08600000,18625.00000000,0.0918
1749266682,0.08590000,12072.00000000,0.0918
1749266682,0.08580000,5047.00000000,0.0918
1749266682,0.08570000,1798.00000000,0.0918
1749266682,0.08560000,463.00000000,0.0918
1749266682,0.08550000,12766.00000000,0.0918
1749266682,0.08540000,563.00000000,0.0918
1749266682,0.08530000,1766.00000000,0.0918
1749266682,0.08520000,5936.00000000,0.0918
1749266682,0.08510000,2545.00000000,0.0918
1749266682,0.08500000,49219.00000000,0.0918
1749266682,0.08490000,26662.00000000,0.0918
1749266682,0.08480000,8750.00000000,0.0918
1749266682,0.08470000,526.00000000,0.0918
1749266682,0.08460000,272.00000000,0.0918
1749266682,0.08450000,1328.00000000,0.0918
1749266682,0.08440000,1821.00000000,0.0918
1749266682,0.08430000,109.00000000,0.0918
1749266682,0.08420000,57196.00000000,0.0918
1749266682,0.08410000,118.00000000,0.0918
1749266682,0.08400000,379.00000000,0.0918
1749266682,0.08390000,1669.00000000,0.0918
1749266682,0.08380000,284.00000000,0.0918
1749266682,0.08370000,415.00000000,0.0918
1749266682,0.08360000,524.00000000,0.0918
1749266682,0.08350000,1567.00000000,0.0918
1749266682,0.08340000,729.00000000,0.0918
1749266682,0.08330000,195.00000000,0.0918
1749266682,0.08310000,831.00000000,0.0918
1749266682,0.08300000,1270.00000000,0.0918
1749266682,0.08280000,30803.00000000,0.0918
1749266682,0.08270000,2673.00000000,0.0918
1749266682,0.08260000,1513.00000000,0.0918
1749266682,0.08250000,288.00000000,0.0918
1749266682,0.08240000,371.00000000,0.0918
1749266682,0.08230000,24766.00000000,0.0918
1749266682,0.08220000,62.00000000,0.0918
1749266682,0.08210000,1620.00000000,0.0918
1749266682,0.08200000,17254.00000000,0.0918
1749266682,0.08190000,56448.00000000,0.0918
1749266682,0.08170000,2704.00000000,0.0918
1749266682,0.08160000,313.00000000,0.0918
1749266983,0.09160000,35965.00000000,0.0916
1749266983,0.09150000,645997.00000000,0.0916
1749266983,0.09140000,440635.00000000,0.0916
1749266983,0.09130000,367450.00000000,0.0916
1749266983,0.09120000,163626.00000000,0.0916
1749266983,0.09110000,138011.00000000,0.0916
1749266983,0.09100000,31618.00000000,0.0916
1749266983,0.09090000,30553.00000000,0.0916
1749266983,0.09080000,36979.00000000,0.0916
1749266983,0.09070000,116675.00000000,0.0916
1749266983,0.09060000,55747.00000000,0.0916
1749266983,0.09050000,52470.00000000,0.0916
1749266983,0.09040000,277.00000000,0.0916
1749266983,0.09030000,490.00000000,0.0916
1749266983,0.09020000,9279.00000000,0.0916
1749266983,0.09010000,280.00000000,0.0916
1749266983,0.09000000,2234.00000000,0.0916
1749266983,0.08990000,40385.00000000,0.0916
1749266983,0.08980000,252.00000000,0.0916
1749266983,0.08970000,261.00000000,0.0916
1749266983,0.08960000,411.00000000,0.0916
1749266983,0.08950000,196.00000000,0.0916
1749266983,0.08940000,5547.00000000,0.0916
1749266983,0.08930000,441.00000000,0.0916
1749266983,0.08920000,413.00000000,0.0916
1749266983,0.08910000,514.00000000,0.0916
1749266983,0.08900000,430463.00000000,0.0916
1749266983,0.08890000,478.00000000,0.0916
1749266983,0.08880000,17467.00000000,0.0916
1749266983,0.08870000,306.00000000,0.0916
1749266983,0.08860000,321.00000000,0.0916
1749266983,0.08850000,525.00000000,0.0916
1749266983,0.08840000,1557.00000000,0.0916
1749266983,0.08830000,8561.00000000,0.0916
1749266983,0.08820000,2731.00000000,0.0916
1749266983,0.08810000,196.00000000,0.0916
1749266983,0.08800000,908.00000000,0.0916
1749266983,0.08790000,196.00000000,0.0916
1749266983,0.08780000,531.00000000,0.0916
1749266983,0.08770000,112.00000000,0.0916
1749266983,0.08760000,703.00000000,0.0916
1749266983,0.08750000,393.00000000,0.0916
1749266983,0.08740000,10122.00000000,0.0916
1749266983,0.08730000,174.00000000,0.0916
1749266983,0.08720000,403.00000000,0.0916
1749266983,0.08710000,760.00000000,0.0916
1749266983,0.08700000,13154.00000000,0.0916
1749266983,0.08690000,112.00000000,0.0916
1749266983,0.08680000,334.00000000,0.0916
1749266983,0.08670000,3574.00000000,0.0916
1749266983,0.08660000,285.00000000,0.0916
1749266983,0.08650000,4769.00000000,0.0916
1749266983,0.08640000,335.00000000,0.0916
1749266983,0.08630000,403.00000000,0.0916
1749266983,0.08620000,228.00000000,0.0916
1749266983,0.08610000,5716.00000000,0.0916
1749266983,0.08600000,18625.00000000,0.0916
1749266983,0.08590000,12072.00000000,0.0916
1749266983,0.08580000,5047.00000000,0.0916
1749266983,0.08570000,1798.00000000,0.0916
1749266983,0.08560000,463.00000000,0.0916
1749266983,0.08550000,12766.00000000,0.0916
1749266983,0.08540000,563.00000000,0.0916
1749266983,0.08530000,1766.00000000,0.0916
1749266983,0.08520000,5936.00000000,0.0916
1749266983,0.08510000,2545.00000000,0.0916
1749266983,0.08500000,49219.00000000,0.0916
1749266983,0.08490000,26662.00000000,0.0916
1749266983,0.08480000,8750.00000000,0.0916
1749266983,0.08470000,526.00000000,0.0916
1749266983,0.08460000,272.00000000,0.0916
1749266983,0.08450000,1328.00000000,0.0916
1749266983,0.08440000,1821.00000000,0.0916
1749266983,0.08430000,109.00000000,0.0916
1749266983,0.08420000,57305.00000000,0.0916
1749266983,0.08410000,228.00000000,0.0916
1749266983,0.08400000,379.00000000,0.0916
1749266983,0.08390000,1669.00000000,0.0916
1749266983,0.08380000,284.00000000,0.0916
1749266983,0.08370000,415.00000000,0.0916
1749266983,0.08360000,524.00000000,0.0916
1749266983,0.08350000,1567.00000000,0.0916
1749266983,0.08340000,729.00000000,0.0916
1749266983,0.08330000,195.00000000,0.0916
1749266983,0.08310000,831.00000000,0.0916
1749266983,0.08300000,1270.00000000,0.0916
1749266983,0.08280000,30803.00000000,0.0916
1749266983,0.08270000,2673.00000000,0.0916
1749266983,0.08260000,1513.00000000,0.0916
1749266983,0.08250000,556.00000000,0.0916
1749266983,0.08240000,371.00000000,0.0916
1749266983,0.08230000,24766.00000000,0.0916
1749266983,0.08220000,62.00000000,0.0916
1749266983,0.08210000,1620.00000000,0.0916
1749266983,0.08200000,17254.00000000,0.0916
1749266983,0.08190000,56448.00000000,0.0916
1749266983,0.08170000,2704.00000000,0.0916
1749266983,0.08160000,313.00000000,0.0916
1749266983,0.08150000,5628.00000000,0.0916
1749266983,0.08140000,301.00000000,0.0916
1749267286,0.09170000,46044.00000000,0.0916
1749267286,0.09160000,289614.00000000,0.0916
1749267286,0.09150000,398074.00000000,0.0916
1749267286,0.09140000,715959.00000000,0.0916
1749267286,0.09130000,160112.00000000,0.0916
1749267286,0.09120000,120814.00000000,0.0916
1749267286,0.09110000,162972.00000000,0.0916
1749267286,0.09100000,46130.00000000,0.0916
1749267286,0.09090000,30553.00000000,0.0916
1749267286,0.09080000,27707.00000000,0.0916
1749267286,0.09070000,115257.00000000,0.0916
1749267286,0.09060000,5815.00000000,0.0916
1749267286,0.09050000,50102.00000000,0.0916
1749267286,0.09040000,32809.00000000,0.0916
1749267286,0.09030000,490.00000000,0.0916
1749267286,0.09020000,279.00000000,0.0916
1749267286,0.09010000,280.00000000,0.0916
1749267286,0.09000000,2234.00000000,0.0916
1749267286,0.08990000,40385.00000000,0.0916
1749267286,0.08980000,252.00000000,0.0916
1749267286,0.08970000,261.00000000,0.0916
1749267286,0.08960000,411.00000000,0.0916
1749267286,0.08950000,6010.00000000,0.0916
1749267286,0.08940000,196.00000000,0.0916
1749267286,0.08930000,441.00000000,0.0916
1749267286,0.08920000,413.00000000,0.0916
1749267286,0.08910000,514.00000000,0.0916
1749267286,0.08900000,430463.00000000,0.0916
1749267286,0.08890000,478.00000000,0.0916
1749267286,0.08880000,17467.00000000,0.0916
1749267286,0.08870000,306.00000000,0.0916
1749267286,0.08860000,321.00000000,0.0916
1749267286,0.08850000,525.00000000,0.0916
1749267286,0.08840000,1557.00000000,0.0916
1749267286,0.08830000,8561.00000000,0.0916
1749267286,0.08820000,640.00000000,0.0916
1749267286,0.08810000,196.00000000,0.0916
1749267286,0.08800000,3003.00000000,0.0916
1749267286,0.08790000,196.00000000,0.0916
1749267286,0.08780000,531.00000000,0.0916
1749267286,0.08770000,112.00000000,0.0916
1749267286,0.08760000,703.00000000,0.0916
1749267286,0.08750000,393.00000000,0.0916
1749267286,0.08740000,10122.00000000,0.0916
1749267286,0.08730000,174.00000000,0.0916
1749267286,0.08720000,403.00000000,0.0916
1749267286,0.08710000,760.00000000,0.0916
1749267286,0.08700000,13154.00000000,0.0916
1749267286,0.08690000,112.00000000,0.0916
1749267286,0.08680000,334.00000000,0.0916
1749267286,0.08670000,3574.00000000,0.0916
1749267286,0.08660000,285.00000000,0.0916
1749267286,0.08650000,4769.00000000,0.0916
1749267286,0.08640000,335.00000000,0.0916
1749267286,0.08630000,403.00000000,0.0916
1749267286,0.08620000,228.00000000,0.0916
1749267286,0.08610000,5716.00000000,0.0916
1749267286,0.08600000,18625.00000000,0.0916
1749267286,0.08590000,12072.00000000,0.0916
1749267286,0.08580000,5047.00000000,0.0916
1749267286,0.08570000,1798.00000000,0.0916
1749267286,0.08560000,463.00000000,0.0916
1749267286,0.08550000,12766.00000000,0.0916
1749267286,0.08540000,563.00000000,0.0916
1749267286,0.08530000,1766.00000000,0.0916
1749267286,0.08520000,5936.00000000,0.0916
1749267286,0.08510000,2545.00000000,0.0916
1749267286,0.08500000,49219.00000000,0.0916
1749267286,0.08490000,26662.00000000,0.0916
1749267286,0.08480000,8750.00000000,0.0916
1749267286,0.08470000,526.00000000,0.0916
1749267286,0.08460000,272.00000000,0.0916
1749267286,0.08450000,1328.00000000,0.0916
1749267286,0.08440000,1821.00000000,0.0916
1749267286,0.08430000,109.00000000,0.0916
1749267286,0.08420000,57305.00000000,0.0916
