timestamp,price,volume,current_price
1749254573,0.16442000,95.00000000,0.16443
1749254573,0.16441000,95.00000000,0.16443
1749254573,0.16440000,3403.00000000,0.16443
1749254573,0.16439000,28093.00000000,0.16443
1749254573,0.16438000,18185.00000000,0.16443
1749254573,0.16437000,9931.00000000,0.16443
1749254573,0.16436000,2054.00000000,0.16443
1749254573,0.16435000,5407.00000000,0.16443
1749254573,0.16434000,1541.00000000,0.16443
1749254573,0.16433000,4706.00000000,0.16443
1749254573,0.16432000,61.00000000,0.16443
1749254573,0.16431000,141.00000000,0.16443
1749254573,0.16430000,4821.00000000,0.16443
1749254573,0.16429000,15537.00000000,0.16443
1749254573,0.16428000,18994.00000000,0.16443
1749254573,0.16427000,20886.00000000,0.16443
1749254573,0.16426000,27401.00000000,0.16443
1749254573,0.16425000,20974.00000000,0.16443
1749254573,0.16424000,5051.00000000,0.16443
1749254573,0.16423000,22314.00000000,0.16443
1749254573,0.16422000,60787.00000000,0.16443
1749254573,0.16421000,75333.00000000,0.16443
1749254573,0.16420000,71294.00000000,0.16443
1749254573,0.16419000,46200.00000000,0.16443
1749254573,0.16418000,64117.00000000,0.16443
1749254573,0.16417000,56494.00000000,0.16443
1749254573,0.16416000,125413.00000000,0.16443
1749254573,0.16415000,50026.00000000,0.16443
1749254573,0.16414000,17670.00000000,0.16443
1749254573,0.16413000,16239.00000000,0.16443
1749254573,0.16412000,17189.00000000,0.16443
1749254573,0.16411000,51271.00000000,0.16443
1749254573,0.16410000,55047.00000000,0.16443
1749254573,0.16409000,102192.00000000,0.16443
1749254573,0.16408000,38794.00000000,0.16443
1749254573,0.16407000,61.00000000,0.16443
1749254573,0.16406000,4548.00000000,0.16443
1749254573,0.16405000,107.00000000,0.16443
1749254573,0.16404000,4890.00000000,0.16443
1749254573,0.16403000,61.00000000,0.16443
1749254573,0.16402000,61.00000000,0.16443
1749254573,0.16401000,20101.00000000,0.16443
1749254573,0.16400000,13610.00000000,0.16443
1749254573,0.16399000,17373.00000000,0.16443
1749254573,0.16398000,18403.00000000,0.16443
1749254573,0.16397000,107.00000000,0.16443
1749254573,0.16396000,112.00000000,0.16443
1749254573,0.16395000,17407.00000000,0.16443
1749254573,0.16394000,2543.00000000,0.16443
1749254573,0.16393000,61.00000000,0.16443
1749254573,0.16392000,61.00000000,0.16443
1749254573,0.16391000,61.00000000,0.16443
1749254573,0.16390000,17524.00000000,0.16443
1749254573,0.16389000,12228.00000000,0.16443
1749254573,0.16388000,60717.00000000,0.16443
1749254573,0.16387000,61.00000000,0.16443
1749254573,0.16386000,15305.00000000,0.16443
1749254573,0.16385000,61.00000000,0.16443
1749254573,0.16384000,390190.00000000,0.16443
1749254573,0.16383000,61.00000000,0.16443
1749254573,0.16382000,61.00000000,0.16443
1749254573,0.16381000,20404.00000000,0.16443
1749254573,0.16380000,246.00000000,0.16443
1749254573,0.16379000,1404.00000000,0.16443
1749254573,0.16378000,61.00000000,0.16443
1749254573,0.16377000,61.00000000,0.16443
1749254573,0.16376000,55126.00000000,0.16443
1749254573,0.16375000,263.00000000,0.16443
1749254573,0.16374000,20249.00000000,0.16443
1749254573,0.16373000,72832.00000000,0.16443
1749254573,0.16372000,3326.00000000,0.16443
1749254573,0.16371000,61.00000000,0.16443
1749254573,0.16370000,17546.00000000,0.16443
1749254573,0.16369000,145.00000000,0.16443
1749254573,0.16368000,61.00000000,0.16443
1749254573,0.16367000,8931.00000000,0.16443
1749254573,0.16366000,332441.00000000,0.16443
1749254573,0.16365000,264468.00000000,0.16443
1749254573,0.16364000,1409.00000000,0.16443
1749254573,0.16363000,217.00000000,0.16443
1749254573,0.16362000,1216.00000000,0.16443
1749254573,0.16361000,81558.00000000,0.16443
1749254573,0.16360000,17541.00000000,0.16443
1749254573,0.16359000,48314.00000000,0.16443
1749254573,0.16357000,14936.00000000,0.16443
1749254573,0.16356000,6362.00000000,0.16443
1749254573,0.16355000,1559.00000000,0.16443
1749254573,0.16354000,2718.00000000,0.16443
1749254573,0.16353000,17352.00000000,0.16443
1749254573,0.16352000,96.00000000,0.16443
1749254573,0.16350000,17386.00000000,0.16443
1749254573,0.16349000,46.00000000,0.16443
1749254573,0.16347000,6241.00000000,0.16443
1749254573,0.16346000,60641.00000000,0.16443
1749254573,0.16343000,12121.00000000,0.16443
1749254573,0.16341000,24939.00000000,0.16443
1749254573,0.16338000,392494.00000000,0.16443
1749254573,0.16337000,5454.00000000,0.16443
1749254573,0.16336000,17359.00000000,0.16443
1749254573,0.16335000,34.00000000,0.16443
1749254879,0.16430000,20591.00000000,0.1643
1749254879,0.16429000,8451.00000000,0.1643
1749254879,0.16428000,1389.00000000,0.1643
1749254879,0.16427000,3911.00000000,0.1643
1749254879,0.16426000,10561.00000000,0.1643
1749254879,0.16425000,17617.00000000,0.1643
1749254879,0.16424000,13465.00000000,0.1643
1749254879,0.16423000,6063.00000000,0.1643
1749254879,0.16422000,12588.00000000,0.1643
1749254879,0.16421000,11747.00000000,0.1643
1749254879,0.16420000,36294.00000000,0.1643
1749254879,0.16419000,26140.00000000,0.1643
1749254879,0.16418000,22781.00000000,0.1643
1749254879,0.16417000,27383.00000000,0.1643
1749254879,0.16416000,1535.00000000,0.1643
1749254879,0.16415000,164.00000000,0.1643
1749254879,0.16414000,9798.00000000,0.1643
1749254879,0.16413000,33929.00000000,0.1643
1749254879,0.16412000,18873.00000000,0.1643
1749254879,0.16411000,8980.00000000,0.1643
1749254879,0.16410000,34838.00000000,0.1643
1749254879,0.16409000,23553.00000000,0.1643
1749254879,0.16408000,28063.00000000,0.1643
1749254879,0.16407000,37402.00000000,0.1643
1749254879,0.16406000,28010.00000000,0.1643
1749254879,0.16405000,88885.00000000,0.1643
1749254879,0.16404000,104441.00000000,0.1643
1749254879,0.16403000,12849.00000000,0.1643
1749254879,0.16402000,18542.00000000,0.1643
1749254879,0.16401000,48654.00000000,0.1643
1749254879,0.16400000,58932.00000000,0.1643
1749254879,0.16399000,53094.00000000,0.1643
1749254879,0.16398000,15607.00000000,0.1643
1749254879,0.16397000,2411.00000000,0.1643
1749254879,0.16396000,21179.00000000,0.1643
1749254879,0.16395000,29411.00000000,0.1643
1749254879,0.16394000,6265.00000000,0.1643
1749254879,0.16393000,12065.00000000,0.1643
1749254879,0.16392000,12684.00000000,0.1643
1749254879,0.16391000,83722.00000000,0.1643
1749254879,0.16390000,19957.00000000,0.1643
1749254879,0.16389000,12228.00000000,0.1643
1749254879,0.16388000,113.00000000,0.1643
1749254879,0.16387000,96.00000000,0.1643
1749254879,0.16386000,61.00000000,0.1643
1749254879,0.16385000,61.00000000,0.1643
1749254879,0.16384000,15307.00000000,0.1643
1749254879,0.16383000,61.00000000,0.1643
1749254879,0.16382000,20207.00000000,0.1643
1749254879,0.16381000,31278.00000000,0.1643
1749254879,0.16380000,30258.00000000,0.1643
1749254879,0.16379000,3534.00000000,0.1643
1749254879,0.16378000,61.00000000,0.1643
1749254879,0.16377000,61.00000000,0.1643
1749254879,0.16376000,17380.00000000,0.1643
1749254879,0.16375000,263.00000000,0.1643
1749254879,0.16374000,17385.00000000,0.1643
1749254879,0.16373000,12228.00000000,0.1643
1749254879,0.16372000,61.00000000,0.1643
1749254879,0.16371000,1405.00000000,0.1643
1749254879,0.16370000,41518.00000000,0.1643
1749254879,0.16369000,145.00000000,0.1643
1749254879,0.16368000,63649.00000000,0.1643
1749254879,0.16367000,165380.00000000,0.1643
1749254879,0.16366000,164876.00000000,0.1643
1749254879,0.16365000,262212.00000000,0.1643
1749254879,0.16364000,1470.00000000,0.1643
1749254879,0.16363000,84547.00000000,0.1643
1749254879,0.16362000,61.00000000,0.1643
1749254879,0.16361000,34843.00000000,0.1643
1749254879,0.16360000,32313.00000000,0.1643
1749254879,0.16359000,13527.00000000,0.1643
1749254879,0.16358000,67607.00000000,0.1643
1749254879,0.16357000,2820.00000000,0.1643
1749254879,0.16356000,61.00000000,0.1643
1749254879,0.16355000,1620.00000000,0.1643
1749254879,0.16353000,17352.00000000,0.1643
1749254879,0.16352000,96.00000000,0.1643
1749254879,0.16350000,55247.00000000,0.1643
1749254879,0.16349000,46.00000000,0.1643
1749254879,0.16347000,3273.00000000,0.1643
1749254879,0.16346000,60641.00000000,0.1643
1749254879,0.16343000,12121.00000000,0.1643
1749254879,0.16342000,336893.00000000,0.1643
1749254879,0.16341000,26155.00000000,0.1643
1749254879,0.16339000,2320.00000000,0.1643
1749254879,0.16338000,392494.00000000,0.1643
1749254879,0.16336000,17359.00000000,0.1643
1749254879,0.16335000,34.00000000,0.1643
1749254879,0.16333000,46.00000000,0.1643
1749254879,0.16332000,15406.00000000,0.1643
1749254879,0.16328000,5457.00000000,0.1643
1749254879,0.16327000,12121.00000000,0.1643
1749254879,0.16326000,6257.00000000,0.1643
1749254879,0.16325000,46.00000000,0.1643
1749254879,0.16324000,52.00000000,0.1643
1749254879,0.16323000,30607.00000000,0.1643
1749254879,0.16320000,15468.00000000,0.1643
1749254879,0.16319000,60604.00000000,0.1643
1749254879,0.16318000,34.00000000,0.1643
