timestamp,price,volume,current_price
1749254499,4.95100000,135.08000000,4.951
1749254499,4.95000000,507.02000000,4.951
1749254499,4.94900000,649.21000000,4.951
1749254499,4.94800000,681.32000000,4.951
1749254499,4.94700000,1089.02000000,4.951
1749254499,4.94600000,3626.82000000,4.951
1749254499,4.94500000,3490.77000000,4.951
1749254499,4.94400000,1225.63000000,4.951
1749254499,4.94300000,1800.91000000,4.951
1749254499,4.94200000,1565.33000000,4.951
1749254499,4.94100000,973.36000000,4.951
1749254499,4.94000000,1251.24000000,4.951
1749254499,4.93900000,835.10000000,4.951
1749254499,4.93800000,565.25000000,4.951
1749254499,4.93700000,156.92000000,4.951
1749254499,4.93600000,993.57000000,4.951
1749254499,4.93500000,771.18000000,4.951
1749254499,4.93400000,984.11000000,4.951
1749254499,4.93300000,324.26000000,4.951
1749254499,4.93200000,113.61000000,4.951
1749254499,4.93100000,56.03000000,4.951
1749254499,4.93000000,2333.59000000,4.951
1749254499,4.92900000,160.10000000,4.951
1749254499,4.92800000,108.62000000,4.951
1749254499,4.92700000,6004.72000000,4.951
1749254499,4.92600000,213.06000000,4.951
1749254499,4.92500000,583.71000000,4.951
1749254499,4.92400000,1186.82000000,4.951
1749254499,4.92300000,159.85000000,4.951
1749254499,4.92200000,108.35000000,4.951
1749254499,4.92100000,122.37000000,4.951
1749254499,4.92000000,57.55000000,4.951
1749254499,4.91900000,1078.29000000,4.951
1749254499,4.91800000,185.18000000,4.951
1749254499,4.91700000,101.39000000,4.951
1749254499,4.91600000,255.66000000,4.951
1749254499,4.91500000,172.16000000,4.951
1749254499,4.91400000,909.75000000,4.951
1749254499,4.91300000,2.02000000,4.951
1749254499,4.91200000,54.44000000,4.951
1749254499,4.91100000,429.82000000,4.951
1749254499,4.91000000,68.13000000,4.951
1749254499,4.90900000,109.44000000,4.951
1749254499,4.90800000,122.80000000,4.951
1749254499,4.90700000,2.02000000,4.951
1749254499,4.90600000,3.55000000,4.951
1749254499,4.90500000,121.27000000,4.951
1749254499,4.90400000,16.64000000,4.951
1749254499,4.90300000,2.02000000,4.951
1749254499,4.90200000,122.80000000,4.951
1749254499,4.90100000,594.07000000,4.951
1749254499,4.90000000,359.56000000,4.951
1749254499,4.89900000,2.02000000,4.951
1749254499,4.89800000,5.59000000,4.951
1749254499,4.89700000,1368.29000000,4.951
1749254499,4.89600000,173.05000000,4.951
1749254499,4.89500000,10.72000000,4.951
1749254499,4.89400000,151.14000000,4.951
1749254499,4.89300000,2.02000000,4.951
1749254499,4.89200000,9.38000000,4.951
1749254499,4.89100000,48.16000000,4.951
1749254499,4.89000000,58.77000000,4.951
1749254499,4.88900000,2.02000000,4.951
1749254499,4.88800000,1414.59000000,4.951
1749254499,4.88700000,2.02000000,4.951
1749254499,4.88600000,98.07000000,4.951
1749254499,4.88500000,259.26000000,4.951
1749254499,4.88400000,3.68000000,4.951
1749254499,4.88300000,2.02000000,4.951
1749254499,4.88200000,2.02000000,4.951
1749254499,4.88100000,2.02000000,4.951
1749254499,4.88000000,7.12000000,4.951
1749254499,4.87900000,35.13000000,4.951
1749254499,4.87800000,579.90000000,4.951
1749254499,4.87700000,2.02000000,4.951
1749254499,4.87600000,2.02000000,4.951
1749254499,4.87500000,470.06000000,4.951
1749254499,4.87300000,3.37000000,4.951
1749254499,4.87200000,7.79000000,4.951
1749254499,4.87000000,13.61000000,4.951
1749254499,4.86600000,2.62000000,4.951
1749254499,4.86500000,1.03000000,4.951
1749254499,4.86400000,1.72000000,4.951
1749254499,4.86300000,341.50000000,4.951
1749254499,4.86100000,15.47000000,4.951
1749254499,4.85900000,54.00000000,4.951
1749254499,4.85800000,2092.53000000,4.951
1749254499,4.85600000,1.67000000,4.951
1749254499,4.85400000,17.67000000,4.951
1749254499,4.85200000,450.72000000,4.951
1749254499,4.85000000,8320.82000000,4.951
1749254499,4.84900000,3.68000000,4.951
1749254499,4.84800000,2.62000000,4.951
1749254499,4.84500000,16.77000000,4.951
1749254499,4.84300000,2.06000000,4.951
1749254499,4.84200000,4.42000000,4.951
1749254499,4.83800000,1.10000000,4.951
1749254499,4.83700000,5.05000000,4.951
1749254499,4.83600000,2.07000000,4.951
1749254499,4.83400000,12.87000000,4.951
1749254800,4.94000000,338.27000000,4.94
1749254800,4.93900000,963.57000000,4.94
1749254800,4.93800000,789.46000000,4.94
1749254800,4.93700000,1474.01000000,4.94
1749254800,4.93600000,2388.10000000,4.94
1749254800,4.93500000,3462.90000000,4.94
1749254800,4.93400000,2383.55000000,4.94
1749254800,4.93300000,2024.84000000,4.94
1749254800,4.93200000,1219.61000000,4.94
1749254800,4.93100000,1109.45000000,4.94
1749254800,4.93000000,2495.71000000,4.94
1749254800,4.92900000,1228.04000000,4.94
1749254800,4.92800000,108.62000000,4.94
1749254800,4.92700000,722.12000000,4.94
1749254800,4.92600000,2463.16000000,4.94
1749254800,4.92500000,135.47000000,4.94
1749254800,4.92400000,227.81000000,4.94
1749254800,4.92300000,159.85000000,4.94
1749254800,4.92200000,1164.70000000,4.94
1749254800,4.92100000,176.37000000,4.94
1749254800,4.92000000,902.02000000,4.94
1749254800,4.91900000,5346.92000000,4.94
1749254800,4.91800000,239.18000000,4.94
1749254800,4.91700000,509.52000000,4.94
1749254800,4.91600000,3.55000000,4.94
1749254800,4.91500000,1515.69000000,4.94
1749254800,4.91400000,174.62000000,4.94
1749254800,4.91300000,2.02000000,4.94
1749254800,4.91200000,54.44000000,4.94
1749254800,4.91100000,429.82000000,4.94
1749254800,4.91000000,68.13000000,4.94
1749254800,4.90900000,109.44000000,4.94
1749254800,4.90800000,1048.86000000,4.94
1749254800,4.90700000,2.02000000,4.94
1749254800,4.90600000,54.53000000,4.94
1749254800,4.90500000,857.59000000,4.94
1749254800,4.90400000,16.64000000,4.94
1749254800,4.90300000,52.97000000,4.94
1749254800,4.90200000,375.66000000,4.94
1749254800,4.90100000,567.82000000,4.94
1749254800,4.90000000,359.56000000,4.94
1749254800,4.89900000,2.02000000,4.94
1749254800,4.89800000,5.59000000,4.94
1749254800,4.89700000,1368.29000000,4.94
1749254800,4.89600000,523.86000000,4.94
1749254800,4.89500000,10.72000000,4.94
1749254800,4.89400000,151.14000000,4.94
1749254800,4.89300000,2.02000000,4.94
1749254800,4.89200000,156.70000000,4.94
1749254800,4.89100000,48.16000000,4.94
1749254800,4.89000000,58.77000000,4.94
1749254800,4.88900000,2.02000000,4.94
1749254800,4.88800000,2.02000000,4.94
1749254800,4.88700000,2.02000000,4.94
1749254800,4.88600000,98.07000000,4.94
1749254800,4.88500000,206.95000000,4.94
1749254800,4.88400000,3.68000000,4.94
1749254800,4.88300000,2.02000000,4.94
1749254800,4.88200000,2.02000000,4.94
1749254800,4.88100000,150.23000000,4.94
1749254800,4.88000000,7.12000000,4.94
1749254800,4.87900000,35.13000000,4.94
1749254800,4.87800000,579.90000000,4.94
1749254800,4.87700000,1524.32000000,4.94
1749254800,4.87600000,54.42000000,4.94
1749254800,4.87500000,472.08000000,4.94
1749254800,4.87400000,2.03000000,4.94
1749254800,4.87300000,5.40000000,4.94
1749254800,4.87200000,9.82000000,4.94
1749254800,4.87100000,2.03000000,4.94
1749254800,4.87000000,15.64000000,4.94
1749254800,4.86900000,2.03000000,4.94
1749254800,4.86800000,2.03000000,4.94
1749254800,4.86700000,2.03000000,4.94
1749254800,4.86600000,4.65000000,4.94
1749254800,4.86500000,3.06000000,4.94
1749254800,4.86400000,1.72000000,4.94
1749254800,4.86300000,341.50000000,4.94
1749254800,4.86100000,15.47000000,4.94
1749254800,4.85900000,54.00000000,4.94
1749254800,4.85800000,1.08000000,4.94
1749254800,4.85600000,1.67000000,4.94
1749254800,4.85400000,17.67000000,4.94
1749254800,4.85200000,450.72000000,4.94
1749254800,4.85000000,8320.82000000,4.94
1749254800,4.84900000,3.68000000,4.94
1749254800,4.84800000,2098.30000000,4.94
1749254800,4.84500000,16.77000000,4.94
1749254800,4.84300000,2.06000000,4.94
1749254800,4.84200000,4.42000000,4.94
1749254800,4.83800000,1.10000000,4.94
1749254800,4.83700000,5.05000000,4.94
1749254800,4.83600000,2.07000000,4.94
1749254800,4.83400000,12.87000000,4.94
1749254800,4.83300000,7.94000000,4.94
1749254800,4.82900000,58.30000000,4.94
1749254800,4.82800000,394.48000000,4.94
1749254800,4.82600000,2772.78000000,4.94
1749254800,4.82300000,2.32000000,4.94
1749254800,4.82100000,11.56000000,4.94
