timestamp,price,volume,current_price
1749254527,0.50000000,11255.52000000,0.5
1749254527,0.49900000,91781.24000000,0.5
1749254527,0.49800000,48914.63000000,0.5
1749254527,0.49700000,27343.57000000,0.5
1749254527,0.49600000,26275.98000000,0.5
1749254527,0.49500000,24345.28000000,0.5
1749254527,0.49400000,20683.81000000,0.5
1749254527,0.49300000,9940.20000000,0.5
1749254527,0.49200000,7537.55000000,0.5
1749254527,0.49100000,10534.11000000,0.5
1749254527,0.49000000,3752.29000000,0.5
1749254527,0.48900000,7386.86000000,0.5
1749254527,0.48800000,2572.40000000,0.5
1749254527,0.48700000,1613.30000000,0.5
1749254527,0.48600000,2569.46000000,0.5
1749254527,0.48500000,1188.80000000,0.5
1749254527,0.48400000,4194.27000000,0.5
1749254527,0.48300000,1253.79000000,0.5
1749254527,0.48200000,1067.37000000,0.5
1749254527,0.48100000,1178.96000000,0.5
1749254527,0.48000000,9157.53000000,0.5
1749254527,0.47900000,3801.95000000,0.5
1749254527,0.47800000,1795.07000000,0.5
1749254527,0.47700000,3236.74000000,0.5
1749254527,0.47600000,756.05000000,0.5
1749254527,0.47500000,245.76000000,0.5
1749254527,0.47400000,1083.91000000,0.5
1749254527,0.47300000,91.14000000,0.5
1749254527,0.47200000,62.90000000,0.5
1749254527,0.47100000,1458.55000000,0.5
1749254527,0.47000000,3571.38000000,0.5
1749254527,0.46900000,3438.81000000,0.5
1749254527,0.46800000,330.15000000,0.5
1749254527,0.46700000,30.65000000,0.5
1749254527,0.46600000,280.27000000,0.5
1749254527,0.46500000,235.02000000,0.5
1749254527,0.46400000,93.75000000,0.5
1749254527,0.46300000,193.08000000,0.5
1749254527,0.46200000,1967.98000000,0.5
1749254527,0.46100000,308.54000000,0.5
1749254527,0.46000000,2903.73000000,0.5
1749254527,0.45900000,224.39000000,0.5
1749254527,0.45800000,37.26000000,0.5
1749254527,0.45700000,285.35000000,0.5
1749254527,0.45600000,165.93000000,0.5
1749254527,0.45500000,610.41000000,0.5
1749254527,0.45400000,19.93000000,0.5
1749254527,0.45300000,145.16000000,0.5
1749254527,0.45200000,3735.70000000,0.5
1749254527,0.45100000,6150.71000000,0.5
1749254527,0.45000000,209804.26000000,0.5
1749254527,0.44900000,31.21000000,0.5
1749254527,0.44800000,4575.15000000,0.5
1749254527,0.44600000,56.05000000,0.5
1749254527,0.44500000,167.45000000,0.5
1749254527,0.44400000,33.00000000,0.5
1749254527,0.44300000,5607.06000000,0.5
1749254527,0.44100000,191.52000000,0.5
1749254527,0.44000000,1711.03000000,0.5
1749254527,0.43800000,267.13000000,0.5
1749254527,0.43700000,240.69000000,0.5
1749254527,0.43600000,1875.33000000,0.5
1749254527,0.43500000,45.97000000,0.5
1749254527,0.43400000,147.63000000,0.5
1749254527,0.43200000,58.81000000,0.5
1749254527,0.43000000,1828.30000000,0.5
1749254527,0.42900000,61.65000000,0.5
1749254527,0.42500000,126.19000000,0.5
1749254527,0.42200000,299.81000000,0.5
1749254527,0.42100000,23.88000000,0.5
1749254527,0.42000000,217.08000000,0.5
1749254527,0.41900000,685.21000000,0.5
1749254527,0.41800000,492.32000000,0.5
1749254527,0.41600000,13.15000000,0.5
1749254527,0.41500000,67.13000000,0.5
1749254527,0.41300000,496.60000000,0.5
1749254527,0.41100000,309.74000000,0.5
1749254527,0.41000000,1175.60000000,0.5
1749254527,0.40900000,195.05000000,0.5
1749254527,0.40800000,1564.01000000,0.5
1749254527,0.40600000,101527.08000000,0.5
1749254527,0.40500000,228.38000000,0.5
1749254527,0.40400000,105.67000000,0.5
1749254527,0.40100000,1799.30000000,0.5
1749254527,0.40000000,11368.19000000,0.5
1749254527,0.39900000,250.62000000,0.5
1749254527,0.39600000,15.15000000,0.5
1749254527,0.39500000,15.01000000,0.5
1749254527,0.39300000,30.00000000,0.5
1749254527,0.39100000,127.83000000,0.5
1749254527,0.39000000,4213.01000000,0.5
1749254527,0.38900000,38.05000000,0.5
1749254527,0.38800000,7384.01000000,0.5
1749254527,0.38500000,161.85000000,0.5
1749254527,0.38300000,15.02000000,0.5
1749254527,0.38100000,80.00000000,0.5
1749254527,0.38000000,14677.19000000,0.5
1749254527,0.37800000,13.23000000,0.5
1749254527,0.37700000,47.12000000,0.5
1749254527,0.37600000,707.44000000,0.5
1749254832,0.50000000,14438.27000000,0.5
1749254832,0.49900000,97256.84000000,0.5
1749254832,0.49800000,42281.37000000,0.5
1749254832,0.49700000,30910.97000000,0.5
1749254832,0.49600000,28801.45000000,0.5
1749254832,0.49500000,24747.65000000,0.5
1749254832,0.49400000,20633.86000000,0.5
1749254832,0.49300000,8486.46000000,0.5
1749254832,0.49200000,7487.60000000,0.5
1749254832,0.49100000,10484.16000000,0.5
1749254832,0.49000000,3752.29000000,0.5
1749254832,0.48900000,7386.86000000,0.5
1749254832,0.48800000,2561.26000000,0.5
1749254832,0.48700000,1613.30000000,0.5
1749254832,0.48600000,2582.82000000,0.5
1749254832,0.48500000,1188.80000000,0.5
1749254832,0.48400000,4194.27000000,0.5
1749254832,0.48300000,1253.79000000,0.5
1749254832,0.48200000,1067.37000000,0.5
1749254832,0.48100000,1178.96000000,0.5
1749254832,0.48000000,9157.53000000,0.5
1749254832,0.47900000,3801.95000000,0.5
1749254832,0.47800000,1795.07000000,0.5
1749254832,0.47700000,3236.74000000,0.5
1749254832,0.47600000,756.05000000,0.5
1749254832,0.47500000,245.76000000,0.5
1749254832,0.47400000,1083.91000000,0.5
1749254832,0.47300000,91.14000000,0.5
1749254832,0.47200000,62.90000000,0.5
1749254832,0.47100000,1458.55000000,0.5
1749254832,0.47000000,3571.38000000,0.5
1749254832,0.46900000,3438.81000000,0.5
1749254832,0.46800000,330.15000000,0.5
1749254832,0.46700000,30.65000000,0.5
1749254832,0.46600000,280.27000000,0.5
1749254832,0.46500000,235.02000000,0.5
1749254832,0.46400000,93.75000000,0.5
1749254832,0.46300000,193.08000000,0.5
1749254832,0.46200000,1967.98000000,0.5
1749254832,0.46100000,308.54000000,0.5
1749254832,0.46000000,2903.73000000,0.5
1749254832,0.45900000,224.39000000,0.5
1749254832,0.45800000,37.26000000,0.5
1749254832,0.45700000,285.35000000,0.5
1749254832,0.45600000,165.93000000,0.5
1749254832,0.45500000,610.41000000,0.5
1749254832,0.45400000,19.93000000,0.5
1749254832,0.45300000,145.16000000,0.5
1749254832,0.45200000,3735.70000000,0.5
1749254832,0.45100000,6484.87000000,0.5
1749254832,0.45000000,209804.26000000,0.5
1749254832,0.44900000,31.21000000,0.5
1749254832,0.44800000,4575.15000000,0.5
1749254832,0.44600000,56.05000000,0.5
1749254832,0.44500000,167.45000000,0.5
1749254832,0.44400000,33.00000000,0.5
1749254832,0.44300000,5607.06000000,0.5
1749254832,0.44100000,191.52000000,0.5
1749254832,0.44000000,1711.03000000,0.5
1749254832,0.43800000,267.13000000,0.5
1749254832,0.43700000,240.77000000,0.5
1749254832,0.43600000,1875.33000000,0.5
1749254832,0.43500000,45.97000000,0.5
1749254832,0.43400000,147.63000000,0.5
1749254832,0.43200000,58.81000000,0.5
1749254832,0.43000000,1828.30000000,0.5
1749254832,0.42900000,61.65000000,0.5
1749254832,0.42500000,126.19000000,0.5
1749254832,0.42300000,212.76000000,0.5
1749254832,0.42200000,536.77000000,0.5
1749254832,0.42100000,23.88000000,0.5
1749254832,0.42000000,217.08000000,0.5
1749254832,0.41900000,685.21000000,0.5
1749254832,0.41800000,492.32000000,0.5
1749254832,0.41600000,13.15000000,0.5
1749254832,0.41500000,67.13000000,0.5
1749254832,0.41300000,496.60000000,0.5
1749254832,0.41100000,309.74000000,0.5
1749254832,0.41000000,1175.60000000,0.5
1749254832,0.40900000,195.05000000,0.5
1749254832,0.40800000,1564.01000000,0.5
1749254832,0.40600000,101527.08000000,0.5
1749254832,0.40500000,228.38000000,0.5
1749254832,0.40400000,105.67000000,0.5
1749254832,0.40100000,1799.30000000,0.5
1749254832,0.40000000,11368.19000000,0.5
1749254832,0.39900000,250.62000000,0.5
1749254832,0.39600000,15.15000000,0.5
1749254832,0.39500000,15.01000000,0.5
1749254832,0.39300000,30.00000000,0.5
1749254832,0.39100000,127.83000000,0.5
1749254832,0.39000000,4213.01000000,0.5
1749254832,0.38900000,38.05000000,0.5
1749254832,0.38800000,7384.01000000,0.5
1749254832,0.38500000,161.85000000,0.5
1749254832,0.38300000,15.02000000,0.5
1749254832,0.38100000,80.00000000,0.5
1749254832,0.38000000,14677.19000000,0.5
1749254832,0.37800000,13.23000000,0.5
1749254832,0.37700000,47.12000000,0.5
