timestamp,price,volume,current_price
1749254470,11.90000000,469.70000000,11.9
1749254470,11.89000000,8400.71000000,11.9
1749254470,11.88000000,11919.76000000,11.9
1749254470,11.87000000,5796.19000000,11.9
1749254470,11.86000000,3995.22000000,11.9
1749254470,11.85000000,12364.98000000,11.9
1749254470,11.84000000,7114.43000000,11.9
1749254470,11.83000000,7984.38000000,11.9
1749254470,11.82000000,982.85000000,11.9
1749254470,11.81000000,649.22000000,11.9
1749254470,11.80000000,5120.38000000,11.9
1749254470,11.79000000,7850.14000000,11.9
1749254470,11.78000000,1760.63000000,11.9
1749254470,11.77000000,1492.62000000,11.9
1749254470,11.76000000,135.55000000,11.9
1749254470,11.75000000,842.50000000,11.9
1749254470,11.74000000,812.02000000,11.9
1749254470,11.73000000,929.05000000,11.9
1749254470,11.72000000,3319.43000000,11.9
1749254470,11.71000000,480.74000000,11.9
1749254470,11.70000000,1710.83000000,11.9
1749254470,11.69000000,83.73000000,11.9
1749254470,11.68000000,6153.18000000,11.9
1749254470,11.67000000,5209.43000000,11.9
1749254470,11.66000000,64.55000000,11.9
1749254470,11.65000000,174.81000000,11.9
1749254470,11.64000000,6.93000000,11.9
1749254470,11.63000000,322.65000000,11.9
1749254470,11.62000000,4.04000000,11.9
1749254470,11.61000000,70.96000000,11.9
1749254470,11.60000000,89.84000000,11.9
1749254470,11.59000000,1135.44000000,11.9
1749254470,11.58000000,81.52000000,11.9
1749254470,11.57000000,27.89000000,11.9
1749254470,11.56000000,31.00000000,11.9
1749254470,11.55000000,65.55000000,11.9
1749254470,11.54000000,1.79000000,11.9
1749254470,11.53000000,61.20000000,11.9
1749254470,11.52000000,370.33000000,11.9
1749254470,11.51000000,3.96000000,11.9
1749254470,11.50000000,1792.18000000,11.9
1749254470,11.49000000,2.35000000,11.9
1749254470,11.48000000,59.99000000,11.9
1749254470,11.47000000,12.56000000,11.9
1749254470,11.46000000,19.46000000,11.9
1749254470,11.45000000,456.40000000,11.9
1749254470,11.44000000,50.27000000,11.9
1749254470,11.43000000,3.01000000,11.9
1749254470,11.42000000,150.72000000,11.9
1749254470,11.41000000,2.70000000,11.9
1749254470,11.40000000,1292.65000000,11.9
1749254470,11.39000000,58.58000000,11.9
1749254470,11.38000000,27.72000000,11.9
1749254470,11.37000000,2.31000000,11.9
1749254470,11.36000000,7.50000000,11.9
1749254470,11.35000000,3592.79000000,11.9
1749254470,11.34000000,619.26000000,11.9
1749254470,11.33000000,1092.99000000,11.9
1749254470,11.32000000,1595.53000000,11.9
1749254470,11.31000000,204.03000000,11.9
1749254470,11.30000000,15.80000000,11.9
1749254470,11.29000000,13.14000000,11.9
1749254470,11.28000000,2.57000000,11.9
1749254470,11.27000000,5.19000000,11.9
1749254470,11.26000000,3.78000000,11.9
1749254470,11.25000000,16.75000000,11.9
1749254470,11.24000000,3.13000000,11.9
1749254470,11.23000000,183.46000000,11.9
1749254470,11.22000000,307.75000000,11.9
1749254470,11.21000000,402.36000000,11.9
1749254470,11.20000000,4627.47000000,11.9
1749254470,11.19000000,45.77000000,11.9
1749254470,11.18000000,200.76000000,11.9
1749254470,11.17000000,7.41000000,11.9
1749254470,11.16000000,87.70000000,11.9
1749254470,11.15000000,18.83000000,11.9
1749254470,11.14000000,22.96000000,11.9
1749254470,11.13000000,4.75000000,11.9
1749254470,11.12000000,4.23000000,11.9
1749254470,11.11000000,109.57000000,11.9
1749254470,11.10000000,98.62000000,11.9
1749254470,11.09000000,83.70000000,11.9
1749254470,11.08000000,6.36000000,11.9
1749254470,11.07000000,3.89000000,11.9
1749254470,11.06000000,5.72000000,11.9
1749254470,11.05000000,283.43000000,11.9
1749254470,11.04000000,15.28000000,11.9
1749254470,11.03000000,4.35000000,11.9
1749254470,11.02000000,39.96000000,11.9
1749254470,11.01000000,39.69000000,11.9
1749254470,11.00000000,24504.27000000,11.9
1749254470,10.99000000,5.79000000,11.9
1749254470,10.98000000,3.78000000,11.9
1749254470,10.97000000,4.56000000,11.9
1749254470,10.96000000,43.38000000,11.9
1749254470,10.95000000,43.42000000,11.9
1749254470,10.94000000,10.66000000,11.9
1749254470,10.93000000,9.40000000,11.9
1749254470,10.92000000,29.40000000,11.9
1749254470,10.91000000,53.58000000,11.9
1749254771,11.92000000,720.89000000,11.92
1749254771,11.91000000,5829.61000000,11.92
1749254771,11.90000000,10660.16000000,11.92
1749254771,11.89000000,6718.03000000,11.92
1749254771,11.88000000,3688.75000000,11.92
1749254771,11.87000000,8342.82000000,11.92
1749254771,11.86000000,1009.75000000,11.92
1749254771,11.85000000,7833.42000000,11.92
1749254771,11.84000000,5030.60000000,11.92
1749254771,11.83000000,6124.75000000,11.92
1749254771,11.82000000,787.27000000,11.92
1749254771,11.81000000,7997.69000000,11.92
1749254771,11.80000000,6078.02000000,11.92
1749254771,11.79000000,718.53000000,11.92
1749254771,11.78000000,812.96000000,11.92
1749254771,11.77000000,1488.28000000,11.92
1749254771,11.76000000,961.31000000,11.92
1749254771,11.75000000,1277.71000000,11.92
1749254771,11.74000000,460.92000000,11.92
1749254771,11.73000000,103.29000000,11.92
1749254771,11.72000000,2981.64000000,11.92
1749254771,11.71000000,8820.29000000,11.92
1749254771,11.70000000,1710.83000000,11.92
1749254771,11.69000000,83.73000000,11.92
1749254771,11.68000000,1236.20000000,11.92
1749254771,11.67000000,165.29000000,11.92
1749254771,11.66000000,65.06000000,11.92
1749254771,11.65000000,154.81000000,11.92
1749254771,11.64000000,6.93000000,11.92
1749254771,11.63000000,2.86000000,11.92
1749254771,11.62000000,4.04000000,11.92
1749254771,11.61000000,7.96000000,11.92
1749254771,11.60000000,89.84000000,11.92
1749254771,11.59000000,1135.44000000,11.92
1749254771,11.58000000,29.37000000,11.92
1749254771,11.57000000,80.08000000,11.92
1749254771,11.56000000,31.00000000,11.92
1749254771,11.55000000,65.55000000,11.92
1749254771,11.54000000,1.79000000,11.92
1749254771,11.53000000,61.20000000,11.92
1749254771,11.52000000,370.33000000,11.92
1749254771,11.51000000,3.96000000,11.92
1749254771,11.50000000,1792.18000000,11.92
1749254771,11.49000000,50.30000000,11.92
1749254771,11.48000000,12.00000000,11.92
1749254771,11.47000000,12.56000000,11.92
1749254771,11.46000000,19.46000000,11.92
1749254771,11.45000000,456.40000000,11.92
1749254771,11.44000000,50.27000000,11.92
1749254771,11.43000000,3.01000000,11.92
1749254771,11.42000000,149.77000000,11.92
1749254771,11.41000000,2.70000000,11.92
1749254771,11.40000000,1292.65000000,11.92
1749254771,11.39000000,58.58000000,11.92
1749254771,11.38000000,27.72000000,11.92
1749254771,11.37000000,2.31000000,11.92
1749254771,11.36000000,7.50000000,11.92
1749254771,11.35000000,3592.79000000,11.92
1749254771,11.34000000,619.26000000,11.92
1749254771,11.33000000,1092.99000000,11.92
1749254771,11.32000000,1595.53000000,11.92
1749254771,11.31000000,204.03000000,11.92
1749254771,11.30000000,15.80000000,11.92
1749254771,11.29000000,13.14000000,11.92
1749254771,11.28000000,2.57000000,11.92
1749254771,11.27000000,5.19000000,11.92
1749254771,11.26000000,3.78000000,11.92
1749254771,11.25000000,16.75000000,11.92
1749254771,11.24000000,3.13000000,11.92
1749254771,11.23000000,183.46000000,11.92
1749254771,11.22000000,307.75000000,11.92
1749254771,11.21000000,402.36000000,11.92
1749254771,11.20000000,4627.47000000,11.92
1749254771,11.19000000,45.77000000,11.92
1749254771,11.18000000,200.76000000,11.92
1749254771,11.17000000,7.41000000,11.92
1749254771,11.16000000,86.86000000,11.92
1749254771,11.15000000,17.98000000,11.92
1749254771,11.14000000,22.96000000,11.92
1749254771,11.13000000,4.75000000,11.92
1749254771,11.12000000,4.23000000,11.92
1749254771,11.11000000,109.57000000,11.92
1749254771,11.10000000,98.62000000,11.92
1749254771,11.09000000,83.70000000,11.92
1749254771,11.08000000,6.36000000,11.92
1749254771,11.07000000,3.89000000,11.92
1749254771,11.06000000,5.72000000,11.92
1749254771,11.05000000,283.43000000,11.92
1749254771,11.04000000,15.28000000,11.92
1749254771,11.03000000,4.35000000,11.92
1749254771,11.02000000,39.96000000,11.92
1749254771,11.01000000,39.69000000,11.92
1749254771,11.00000000,24504.27000000,11.92
1749254771,10.99000000,5.79000000,11.92
1749254771,10.98000000,3.78000000,11.92
1749254771,10.97000000,4.56000000,11.92
1749254771,10.96000000,43.38000000,11.92
1749254771,10.95000000,43.42000000,11.92
1749254771,10.94000000,10.66000000,11.92
1749254771,10.93000000,9.40000000,11.92
