timestamp,price,volume,current_price
1749260731,0.17700000,8323.00000000,0.1771
1749260731,0.17690000,44264.00000000,0.1771
1749260731,0.17680000,62704.00000000,0.1771
1749260731,0.17670000,69573.00000000,0.1771
1749260731,0.17660000,54955.00000000,0.1771
1749260731,0.17650000,32315.00000000,0.1771
1749260731,0.17640000,18703.00000000,0.1771
1749260731,0.17630000,9322.00000000,0.1771
1749260731,0.17620000,10889.00000000,0.1771
1749260731,0.17610000,38439.00000000,0.1771
1749260731,0.17600000,3534.00000000,0.1771
1749260731,0.17590000,83233.00000000,0.1771
1749260731,0.17580000,11899.00000000,0.1771
1749260731,0.17570000,4612.00000000,0.1771
1749260731,0.17560000,58321.00000000,0.1771
1749260731,0.17550000,61766.00000000,0.1771
1749260731,0.17540000,1796.00000000,0.1771
1749260731,0.17530000,4612.00000000,0.1771
1749260731,0.17520000,5789.00000000,0.1771
1749260731,0.17510000,4569.00000000,0.1771
1749260731,0.17500000,61631.00000000,0.1771
1749260731,0.17490000,4569.00000000,0.1771
1749260731,0.17480000,1753.00000000,0.1771
1749260731,0.17470000,4794.00000000,0.1771
1749260731,0.17460000,1834.00000000,0.1771
1749260731,0.17450000,4601.00000000,0.1771
1749260731,0.17440000,1753.00000000,0.1771
1749260731,0.17430000,14190.00000000,0.1771
1749260731,0.17420000,44.00000000,0.1771
1749260731,0.17410000,143849.00000000,0.1771
1749260731,0.17400000,766.00000000,0.1771
1749260731,0.17390000,2859.00000000,0.1771
1749260731,0.17380000,43.00000000,0.1771
1749260731,0.17370000,2816.00000000,0.1771
1749260731,0.17360000,4938.00000000,0.1771
1749260731,0.17350000,7048.00000000,0.1771
1749260731,0.17340000,2859.00000000,0.1771
1749260731,0.17330000,43.00000000,0.1771
1749260731,0.17320000,136.00000000,0.1771
1749260731,0.17310000,2859.00000000,0.1771
1749260731,0.17300000,3245.00000000,0.1771
1749260731,0.17290000,43.00000000,0.1771
1749260731,0.17280000,14651.00000000,0.1771
1749260731,0.17250000,4085.00000000,0.1771
1749260731,0.17230000,1000.00000000,0.1771
1749260731,0.17220000,2816.00000000,0.1771
1749260731,0.17200000,14384.00000000,0.1771
1749260731,0.17190000,2816.00000000,0.1771
1749260731,0.17160000,2816.00000000,0.1771
1749260731,0.17150000,65.00000000,0.1771
1749260731,0.17140000,11568.00000000,0.1771
1749260731,0.17130000,2851.00000000,0.1771
1749260731,0.17110000,81.00000000,0.1771
1749260731,0.17100000,2816.00000000,0.1771
1749260731,0.17080000,34.00000000,0.1771
1749260731,0.17030000,141.00000000,0.1771
1749260731,0.17020000,136.00000000,0.1771
1749260731,0.17010000,5825.00000000,0.1771
1749260731,0.17000000,4368.00000000,0.1771
1749260731,0.16990000,41.00000000,0.1771
1749260731,0.16950000,222.00000000,0.1771
1749260731,0.16930000,81.00000000,0.1771
1749260731,0.16900000,850.00000000,0.1771
1749260731,0.16890000,199.00000000,0.1771
1749260731,0.16840000,89.00000000,0.1771
1749260731,0.16820000,5000.00000000,0.1771
1749260731,0.16810000,103.00000000,0.1771
1749260731,0.16800000,36.00000000,0.1771
1749260731,0.16760000,81.00000000,0.1771
1749260731,0.16750000,30.00000000,0.1771
1749260731,0.16720000,136.00000000,0.1771
1749260731,0.16680000,599.00000000,0.1771
1749260731,0.16620000,43.00000000,0.1771
1749260731,0.16610000,50.00000000,0.1771
1749260731,0.16600000,2143.00000000,0.1771
1749260731,0.16590000,81.00000000,0.1771
1749260731,0.16540000,322.00000000,0.1771
1749260731,0.16520000,121.00000000,0.1771
1749260731,0.16500000,27555.00000000,0.1771
1749260731,0.16490000,32.00000000,0.1771
1749260731,0.16430000,307.00000000,0.1771
1749260731,0.16420000,136.00000000,0.1771
1749260731,0.16400000,1927.00000000,0.1771
1749260731,0.16370000,2868.00000000,0.1771
1749260731,0.16330000,157.00000000,0.1771
1749260731,0.16300000,3281.00000000,0.1771
1749260731,0.16260000,81.00000000,0.1771
1749260731,0.16240000,43.00000000,0.1771
1749260731,0.16210000,680.00000000,0.1771
1749260731,0.16200000,13762.00000000,0.1771
1749260731,0.16120000,756.00000000,0.1771
1749260731,0.16110000,32.00000000,0.1771
1749260731,0.16100000,1081.00000000,0.1771
1749260731,0.16070000,110.00000000,0.1771
1749260731,0.16060000,89.00000000,0.1771
1749260731,0.16050000,199.00000000,0.1771
1749260731,0.16040000,35.00000000,0.1771
1749260731,0.16030000,32.00000000,0.1771
1749260731,0.16010000,6280.00000000,0.1771
1749260731,0.16000000,56485.00000000,0.1771
1749261051,0.17700000,3420.00000000,0.177
1749261051,0.17690000,59236.00000000,0.177
1749261051,0.17680000,88179.00000000,0.177
1749261051,0.17670000,71529.00000000,0.177
1749261051,0.17660000,32159.00000000,0.177
1749261051,0.17650000,49724.00000000,0.177
1749261051,0.17640000,31629.00000000,0.177
1749261051,0.17630000,63616.00000000,0.177
1749261051,0.17620000,24882.00000000,0.177
1749261051,0.17610000,55296.00000000,0.177
1749261051,0.17600000,7893.00000000,0.177
1749261051,0.17590000,6691.00000000,0.177
1749261051,0.17580000,7135.00000000,0.177
1749261051,0.17570000,64231.00000000,0.177
1749261051,0.17560000,1796.00000000,0.177
1749261051,0.17550000,4612.00000000,0.177
1749261051,0.17540000,65246.00000000,0.177
1749261051,0.17530000,4612.00000000,0.177
1749261051,0.17520000,47365.00000000,0.177
1749261051,0.17510000,4569.00000000,0.177
1749261051,0.17500000,15242.00000000,0.177
1749261051,0.17490000,9428.00000000,0.177
1749261051,0.17480000,1753.00000000,0.177
1749261051,0.17470000,4794.00000000,0.177
1749261051,0.17460000,1834.00000000,0.177
1749261051,0.17450000,4569.00000000,0.177
1749261051,0.17440000,43.00000000,0.177
1749261051,0.17430000,37724.00000000,0.177
1749261051,0.17420000,6632.00000000,0.177
1749261051,0.17410000,2860.00000000,0.177
1749261051,0.17400000,113816.00000000,0.177
1749261051,0.17390000,2859.00000000,0.177
1749261051,0.17380000,43.00000000,0.177
1749261051,0.17370000,7708.00000000,0.177
1749261051,0.17360000,43.00000000,0.177
1749261051,0.17350000,2150.00000000,0.177
1749261051,0.17340000,2859.00000000,0.177
1749261051,0.17330000,43.00000000,0.177
1749261051,0.17320000,136.00000000,0.177
1749261051,0.17310000,2859.00000000,0.177
1749261051,0.17300000,11463.00000000,0.177
1749261051,0.17290000,2965.00000000,0.177
1749261051,0.17280000,2940.00000000,0.177
1749261051,0.17250000,4085.00000000,0.177
1749261051,0.17230000,1000.00000000,0.177
1749261051,0.17220000,2816.00000000,0.177
1749261051,0.17200000,14384.00000000,0.177
1749261051,0.17190000,2816.00000000,0.177
1749261051,0.17170000,11421.00000000,0.177
1749261051,0.17160000,2816.00000000,0.177
1749261051,0.17150000,65.00000000,0.177
1749261051,0.17130000,2851.00000000,0.177
1749261051,0.17110000,81.00000000,0.177
1749261051,0.17100000,2816.00000000,0.177
1749261051,0.17080000,34.00000000,0.177
1749261051,0.17030000,5971.00000000,0.177
1749261051,0.17020000,136.00000000,0.177
1749261051,0.17010000,43.00000000,0.177
1749261051,0.17000000,4368.00000000,0.177
1749261051,0.16990000,41.00000000,0.177
1749261051,0.16950000,222.00000000,0.177
1749261051,0.16930000,128.00000000,0.177
1749261051,0.16900000,803.00000000,0.177
1749261051,0.16890000,199.00000000,0.177
1749261051,0.16840000,89.00000000,0.177
1749261051,0.16820000,5000.00000000,0.177
1749261051,0.16810000,103.00000000,0.177
1749261051,0.16800000,36.00000000,0.177
1749261051,0.16760000,81.00000000,0.177
1749261051,0.16750000,30.00000000,0.177
1749261051,0.16720000,136.00000000,0.177
1749261051,0.16680000,599.00000000,0.177
1749261051,0.16620000,43.00000000,0.177
1749261051,0.16610000,50.00000000,0.177
1749261051,0.16600000,2143.00000000,0.177
1749261051,0.16590000,81.00000000,0.177
1749261051,0.16540000,322.00000000,0.177
1749261051,0.16520000,121.00000000,0.177
1749261051,0.16500000,27555.00000000,0.177
1749261051,0.16490000,32.00000000,0.177
1749261051,0.16430000,307.00000000,0.177
1749261051,0.16420000,136.00000000,0.177
1749261051,0.16400000,1927.00000000,0.177
1749261051,0.16370000,2868.00000000,0.177
1749261051,0.16330000,157.00000000,0.177
1749261051,0.16300000,3281.00000000,0.177
1749261051,0.16260000,81.00000000,0.177
1749261051,0.16240000,43.00000000,0.177
1749261051,0.16210000,680.00000000,0.177
1749261051,0.16200000,13762.00000000,0.177
1749261051,0.16120000,756.00000000,0.177
1749261051,0.16110000,32.00000000,0.177
1749261051,0.16100000,1081.00000000,0.177
1749261051,0.16070000,110.00000000,0.177
1749261051,0.16060000,89.00000000,0.177
1749261051,0.16050000,199.00000000,0.177
1749261051,0.16040000,35.00000000,0.177
1749261051,0.16030000,32.00000000,0.177
1749261051,0.16010000,6280.00000000,0.177
1749261051,0.16000000,56485.00000000,0.177
1749261356,0.17690000,1710.00000000,0.1768
1749261356,0.17680000,30384.00000000,0.1768
1749261356,0.17670000,70780.00000000,0.1768
1749261356,0.17660000,58417.00000000,0.1768
1749261356,0.17650000,70439.00000000,0.1768
1749261356,0.17640000,22927.00000000,0.1768
1749261356,0.17630000,70822.00000000,0.1768
1749261356,0.17620000,7731.00000000,0.1768
1749261356,0.17610000,40919.00000000,0.1768
1749261356,0.17600000,22190.00000000,0.1768
1749261356,0.17590000,55174.00000000,0.1768
1749261356,0.17580000,4854.00000000,0.1768
1749261356,0.17570000,64231.00000000,0.1768
1749261356,0.17560000,1796.00000000,0.1768
1749261356,0.17550000,4612.00000000,0.1768
1749261356,0.17540000,65246.00000000,0.1768
1749261356,0.17530000,4612.00000000,0.1768
1749261356,0.17520000,47365.00000000,0.1768
1749261356,0.17510000,9290.00000000,0.1768
1749261356,0.17500000,14507.00000000,0.1768
1749261356,0.17490000,10163.00000000,0.1768
1749261356,0.17480000,1753.00000000,0.1768
1749261356,0.17470000,4794.00000000,0.1768
1749261356,0.17460000,1834.00000000,0.1768
1749261356,0.17450000,4569.00000000,0.1768
1749261356,0.17440000,43.00000000,0.1768
1749261356,0.17430000,32979.00000000,0.1768
1749261356,0.17420000,1754.00000000,0.1768
1749261356,0.17410000,4570.00000000,0.1768
1749261356,0.17400000,113816.00000000,0.1768
1749261356,0.17390000,2859.00000000,0.1768
1749261356,0.17380000,4933.00000000,0.1768
1749261356,0.17370000,7708.00000000,0.1768
1749261356,0.17360000,43.00000000,0.1768
1749261356,0.17350000,2150.00000000,0.1768
1749261356,0.17340000,2859.00000000,0.1768
1749261356,0.17330000,43.00000000,0.1768
1749261356,0.17320000,136.00000000,0.1768
1749261356,0.17310000,2859.00000000,0.1768
1749261356,0.17300000,11463.00000000,0.1768
1749261356,0.17290000,2933.00000000,0.1768
1749261356,0.17280000,2940.00000000,0.1768
1749261356,0.17250000,4085.00000000,0.1768
1749261356,0.17230000,1000.00000000,0.1768
1749261356,0.17220000,2816.00000000,0.1768
1749261356,0.17200000,14384.00000000,0.1768
1749261356,0.17190000,2816.00000000,0.1768
1749261356,0.17170000,11421.00000000,0.1768
1749261356,0.17160000,2816.00000000,0.1768
1749261356,0.17150000,65.00000000,0.1768
1749261356,0.17130000,2851.00000000,0.1768
1749261356,0.17110000,81.00000000,0.1768
1749261356,0.17100000,2816.00000000,0.1768
1749261356,0.17080000,34.00000000,0.1768
1749261356,0.17030000,5971.00000000,0.1768
1749261356,0.17020000,136.00000000,0.1768
1749261356,0.17010000,43.00000000,0.1768
1749261356,0.17000000,4368.00000000,0.1768
1749261356,0.16990000,41.00000000,0.1768
1749261356,0.16950000,222.00000000,0.1768
1749261356,0.16930000,81.00000000,0.1768
1749261356,0.16900000,850.00000000,0.1768
1749261356,0.16890000,199.00000000,0.1768
1749261356,0.16840000,89.00000000,0.1768
1749261356,0.16820000,5000.00000000,0.1768
1749261356,0.16810000,103.00000000,0.1768
1749261356,0.16800000,36.00000000,0.1768
1749261356,0.16760000,81.00000000,0.1768
1749261356,0.16750000,30.00000000,0.1768
1749261356,0.16720000,136.00000000,0.1768
1749261356,0.16680000,599.00000000,0.1768
1749261356,0.16620000,43.00000000,0.1768
1749261356,0.16610000,50.00000000,0.1768
1749261356,0.16600000,2143.00000000,0.1768
1749261356,0.16590000,81.00000000,0.1768
1749261356,0.16540000,322.00000000,0.1768
1749261356,0.16520000,121.00000000,0.1768
1749261356,0.16500000,27555.00000000,0.1768
1749261356,0.16490000,32.00000000,0.1768
1749261356,0.16430000,307.00000000,0.1768
1749261356,0.16420000,136.00000000,0.1768
1749261356,0.16400000,1927.00000000,0.1768
1749261356,0.16370000,2868.00000000,0.1768
1749261356,0.16330000,157.00000000,0.1768
1749261356,0.16300000,3281.00000000,0.1768
1749261356,0.16260000,81.00000000,0.1768
1749261356,0.16240000,43.00000000,0.1768
1749261356,0.16210000,680.00000000,0.1768
1749261356,0.16200000,13762.00000000,0.1768
1749261356,0.16120000,756.00000000,0.1768
1749261356,0.16110000,32.00000000,0.1768
1749261356,0.16100000,1081.00000000,0.1768
1749261356,0.16070000,110.00000000,0.1768
1749261356,0.16060000,89.00000000,0.1768
1749261356,0.16050000,199.00000000,0.1768
1749261356,0.16040000,35.00000000,0.1768
1749261356,0.16030000,32.00000000,0.1768
1749261356,0.16010000,6280.00000000,0.1768
1749261356,0.16000000,56485.00000000,0.1768
1749261356,0.15990000,654.00000000,0.1768
1749261657,0.17690000,4473.00000000,0.177
1749261657,0.17680000,43455.00000000,0.177
1749261657,0.17670000,71324.00000000,0.177
1749261657,0.17660000,49156.00000000,0.177
1749261657,0.17650000,85290.00000000,0.177
1749261657,0.17640000,15022.00000000,0.177
1749261657,0.17630000,47073.00000000,0.177
1749261657,0.17620000,22335.00000000,0.177
1749261657,0.17610000,43972.00000000,0.177
1749261657,0.17600000,7895.00000000,0.177
1749261657,0.17590000,49953.00000000,0.177
1749261657,0.17580000,4079.00000000,0.177
1749261657,0.17570000,64231.00000000,0.177
1749261657,0.17560000,1796.00000000,0.177
1749261657,0.17550000,61107.00000000,0.177
1749261657,0.17540000,8862.00000000,0.177
1749261657,0.17530000,4612.00000000,0.177
1749261657,0.17520000,47365.00000000,0.177
1749261657,0.17510000,9290.00000000,0.177
1749261657,0.17500000,15242.00000000,0.177
1749261657,0.17490000,9428.00000000,0.177
1749261657,0.17480000,1753.00000000,0.177
1749261657,0.17470000,4794.00000000,0.177
1749261657,0.17460000,1834.00000000,0.177
1749261657,0.17450000,4569.00000000,0.177
1749261657,0.17440000,43.00000000,0.177
1749261657,0.17430000,32979.00000000,0.177
1749261657,0.17420000,1754.00000000,0.177
1749261657,0.17410000,2860.00000000,0.177
1749261657,0.17400000,113816.00000000,0.177
1749261657,0.17390000,2859.00000000,0.177
1749261657,0.17380000,4933.00000000,0.177
1749261657,0.17370000,7708.00000000,0.177
1749261657,0.17360000,43.00000000,0.177
1749261657,0.17350000,2150.00000000,0.177
1749261657,0.17340000,2859.00000000,0.177
1749261657,0.17330000,43.00000000,0.177
1749261657,0.17320000,136.00000000,0.177
1749261657,0.17310000,2859.00000000,0.177
1749261657,0.17300000,14346.00000000,0.177
1749261657,0.17290000,43.00000000,0.177
1749261657,0.17280000,2940.00000000,0.177
1749261657,0.17250000,4085.00000000,0.177
1749261657,0.17230000,1000.00000000,0.177
1749261657,0.17220000,2816.00000000,0.177
1749261657,0.17200000,14384.00000000,0.177
1749261657,0.17190000,2816.00000000,0.177
1749261657,0.17170000,11421.00000000,0.177
1749261657,0.17160000,2816.00000000,0.177
1749261657,0.17150000,65.00000000,0.177
1749261657,0.17130000,2851.00000000,0.177
1749261657,0.17110000,81.00000000,0.177
1749261657,0.17100000,2816.00000000,0.177
1749261657,0.17080000,34.00000000,0.177
1749261657,0.17030000,5971.00000000,0.177
1749261657,0.17020000,136.00000000,0.177
1749261657,0.17010000,43.00000000,0.177
1749261657,0.17000000,4368.00000000,0.177
1749261657,0.16990000,41.00000000,0.177
1749261657,0.16950000,222.00000000,0.177
1749261657,0.16930000,81.00000000,0.177
1749261657,0.16900000,850.00000000,0.177
1749261657,0.16890000,199.00000000,0.177
1749261657,0.16840000,89.00000000,0.177
1749261657,0.16820000,5000.00000000,0.177
1749261657,0.16810000,103.00000000,0.177
1749261657,0.16800000,36.00000000,0.177
1749261657,0.16760000,81.00000000,0.177
1749261657,0.16750000,30.00000000,0.177
1749261657,0.16720000,136.00000000,0.177
1749261657,0.16680000,599.00000000,0.177
1749261657,0.16620000,43.00000000,0.177
1749261657,0.16610000,50.00000000,0.177
1749261657,0.16600000,2143.00000000,0.177
1749261657,0.16590000,81.00000000,0.177
1749261657,0.16540000,322.00000000,0.177
1749261657,0.16520000,121.00000000,0.177
1749261657,0.16500000,27555.00000000,0.177
1749261657,0.16490000,32.00000000,0.177
1749261657,0.16430000,307.00000000,0.177
1749261657,0.16420000,136.00000000,0.177
1749261657,0.16400000,1927.00000000,0.177
1749261657,0.16370000,2868.00000000,0.177
1749261657,0.16330000,157.00000000,0.177
1749261657,0.16300000,3281.00000000,0.177
1749261657,0.16260000,81.00000000,0.177
1749261657,0.16240000,43.00000000,0.177
1749261657,0.16210000,680.00000000,0.177
1749261657,0.16200000,13762.00000000,0.177
1749261657,0.16120000,756.00000000,0.177
1749261657,0.16110000,32.00000000,0.177
1749261657,0.16100000,1081.00000000,0.177
1749261657,0.16070000,110.00000000,0.177
1749261657,0.16060000,89.00000000,0.177
1749261657,0.16050000,199.00000000,0.177
1749261657,0.16040000,35.00000000,0.177
1749261657,0.16030000,32.00000000,0.177
1749261657,0.16010000,6280.00000000,0.177
1749261657,0.16000000,56485.00000000,0.177
1749261657,0.15990000,654.00000000,0.177
1749261964,0.17650000,13119.00000000,0.1766
1749261964,0.17640000,42905.00000000,0.1766
1749261964,0.17630000,71207.00000000,0.1766
1749261964,0.17620000,48894.00000000,0.1766
1749261964,0.17610000,71664.00000000,0.1766
1749261964,0.17600000,14893.00000000,0.1766
1749261964,0.17590000,85057.00000000,0.1766
1749261964,0.17580000,40011.00000000,0.1766
1749261964,0.17570000,70568.00000000,0.1766
1749261964,0.17560000,1796.00000000,0.1766
1749261964,0.17550000,4612.00000000,0.1766
1749261964,0.17540000,8862.00000000,0.1766
1749261964,0.17530000,4612.00000000,0.1766
1749261964,0.17520000,50199.00000000,0.1766
1749261964,0.17510000,61016.00000000,0.1766
1749261964,0.17500000,14475.00000000,0.1766
1749261964,0.17490000,4569.00000000,0.1766
1749261964,0.17480000,1753.00000000,0.1766
1749261964,0.17470000,4794.00000000,0.1766
1749261964,0.17460000,1834.00000000,0.1766
1749261964,0.17450000,9471.00000000,0.1766
1749261964,0.17440000,4781.00000000,0.1766
1749261964,0.17430000,32979.00000000,0.1766
1749261964,0.17420000,1754.00000000,0.1766
1749261964,0.17410000,4570.00000000,0.1766
1749261964,0.17400000,2476.00000000,0.1766
1749261964,0.17390000,4569.00000000,0.1766
1749261964,0.17380000,4933.00000000,0.1766
1749261964,0.17370000,120888.00000000,0.1766
1749261964,0.17360000,43.00000000,0.1766
1749261964,0.17350000,2150.00000000,0.1766
1749261964,0.17340000,2859.00000000,0.1766
1749261964,0.17330000,43.00000000,0.1766
1749261964,0.17320000,136.00000000,0.1766
1749261964,0.17310000,2859.00000000,0.1766
1749261964,0.17300000,11463.00000000,0.1766
1749261964,0.17290000,43.00000000,0.1766
1749261964,0.17280000,5914.00000000,0.1766
1749261964,0.17250000,4085.00000000,0.1766
1749261964,0.17230000,1000.00000000,0.1766
1749261964,0.17220000,2816.00000000,0.1766
1749261964,0.17200000,14384.00000000,0.1766
1749261964,0.17190000,2816.00000000,0.1766
1749261964,0.17170000,11421.00000000,0.1766
1749261964,0.17160000,2816.00000000,0.1766
1749261964,0.17150000,65.00000000,0.1766
1749261964,0.17130000,2851.00000000,0.1766
1749261964,0.17110000,81.00000000,0.1766
1749261964,0.17100000,2816.00000000,0.1766
1749261964,0.17080000,34.00000000,0.1766
1749261964,0.17030000,5971.00000000,0.1766
1749261964,0.17020000,136.00000000,0.1766
1749261964,0.17010000,43.00000000,0.1766
1749261964,0.17000000,4368.00000000,0.1766
1749261964,0.16990000,41.00000000,0.1766
1749261964,0.16950000,222.00000000,0.1766
1749261964,0.16930000,81.00000000,0.1766
1749261964,0.16900000,850.00000000,0.1766
1749261964,0.16890000,199.00000000,0.1766
1749261964,0.16840000,89.00000000,0.1766
1749261964,0.16820000,5000.00000000,0.1766
1749261964,0.16810000,103.00000000,0.1766
1749261964,0.16800000,36.00000000,0.1766
1749261964,0.16760000,81.00000000,0.1766
1749261964,0.16750000,30.00000000,0.1766
1749261964,0.16720000,136.00000000,0.1766
1749261964,0.16680000,599.00000000,0.1766
1749261964,0.16620000,43.00000000,0.1766
1749261964,0.16610000,50.00000000,0.1766
1749261964,0.16600000,2143.00000000,0.1766
1749261964,0.16590000,81.00000000,0.1766
1749261964,0.16540000,322.00000000,0.1766
1749261964,0.16520000,121.00000000,0.1766
1749261964,0.16500000,27555.00000000,0.1766
1749261964,0.16490000,32.00000000,0.1766
1749261964,0.16430000,307.00000000,0.1766
1749261964,0.16420000,136.00000000,0.1766
1749261964,0.16400000,1927.00000000,0.1766
1749261964,0.16370000,2868.00000000,0.1766
1749261964,0.16330000,157.00000000,0.1766
1749261964,0.16300000,3281.00000000,0.1766
1749261964,0.16260000,81.00000000,0.1766
1749261964,0.16240000,43.00000000,0.1766
1749261964,0.16210000,680.00000000,0.1766
1749261964,0.16200000,13762.00000000,0.1766
1749261964,0.16120000,756.00000000,0.1766
1749261964,0.16110000,32.00000000,0.1766
1749261964,0.16100000,1081.00000000,0.1766
1749261964,0.16070000,110.00000000,0.1766
1749261964,0.16060000,89.00000000,0.1766
1749261964,0.16050000,199.00000000,0.1766
1749261964,0.16040000,35.00000000,0.1766
1749261964,0.16030000,32.00000000,0.1766
1749261964,0.16010000,6280.00000000,0.1766
1749261964,0.16000000,56485.00000000,0.1766
1749261964,0.15990000,654.00000000,0.1766
1749261964,0.15960000,163.00000000,0.1766
1749261964,0.15950000,313.00000000,0.1766
1749261964,0.15940000,50.00000000,0.1766
1749261964,0.15930000,81.00000000,0.1766
1749262266,0.17710000,1799.00000000,0.177
1749262266,0.17700000,24401.00000000,0.177
1749262266,0.17690000,46311.00000000,0.177
1749262266,0.17680000,57184.00000000,0.177
1749262266,0.17670000,55951.00000000,0.177
1749262266,0.17660000,44047.00000000,0.177
1749262266,0.17650000,37654.00000000,0.177
1749262266,0.17640000,6293.00000000,0.177
1749262266,0.17630000,26297.00000000,0.177
1749262266,0.17620000,35606.00000000,0.177
1749262266,0.17610000,54322.00000000,0.177
1749262266,0.17600000,5265.00000000,0.177
1749262266,0.17590000,51034.00000000,0.177
1749262266,0.17580000,4083.00000000,0.177
1749262266,0.17570000,61405.00000000,0.177
1749262266,0.17560000,4083.00000000,0.177
1749262266,0.17550000,61137.00000000,0.177
1749262266,0.17540000,8862.00000000,0.177
1749262266,0.17530000,4612.00000000,0.177
1749262266,0.17520000,50199.00000000,0.177
1749262266,0.17510000,10084.00000000,0.177
1749262266,0.17500000,15210.00000000,0.177
1749262266,0.17490000,9428.00000000,0.177
1749262266,0.17480000,1753.00000000,0.177
1749262266,0.17470000,4794.00000000,0.177
1749262266,0.17460000,1834.00000000,0.177
1749262266,0.17450000,4601.00000000,0.177
1749262266,0.17440000,4781.00000000,0.177
1749262266,0.17430000,32979.00000000,0.177
1749262266,0.17420000,44.00000000,0.177
1749262266,0.17410000,115910.00000000,0.177
1749262266,0.17400000,766.00000000,0.177
1749262266,0.17390000,2859.00000000,0.177
1749262266,0.17380000,4933.00000000,0.177
1749262266,0.17370000,7708.00000000,0.177
1749262266,0.17360000,43.00000000,0.177
1749262266,0.17350000,2150.00000000,0.177
1749262266,0.17340000,2859.00000000,0.177
1749262266,0.17330000,3009.00000000,0.177
1749262266,0.17320000,136.00000000,0.177
1749262266,0.17310000,2859.00000000,0.177
1749262266,0.17300000,11463.00000000,0.177
1749262266,0.17290000,43.00000000,0.177
1749262266,0.17280000,2940.00000000,0.177
1749262266,0.17250000,4085.00000000,0.177
1749262266,0.17230000,1000.00000000,0.177
1749262266,0.17220000,2816.00000000,0.177
1749262266,0.17200000,14384.00000000,0.177
1749262266,0.17190000,2816.00000000,0.177
1749262266,0.17170000,11421.00000000,0.177
1749262266,0.17160000,2816.00000000,0.177
1749262266,0.17150000,65.00000000,0.177
1749262266,0.17130000,2851.00000000,0.177
1749262266,0.17110000,81.00000000,0.177
1749262266,0.17100000,2816.00000000,0.177
1749262266,0.17080000,34.00000000,0.177
1749262266,0.17030000,5971.00000000,0.177
1749262266,0.17020000,136.00000000,0.177
1749262266,0.17010000,43.00000000,0.177
1749262266,0.17000000,4368.00000000,0.177
1749262266,0.16990000,41.00000000,0.177
1749262266,0.16950000,222.00000000,0.177
1749262266,0.16930000,81.00000000,0.177
1749262266,0.16900000,850.00000000,0.177
1749262266,0.16890000,199.00000000,0.177
1749262266,0.16840000,89.00000000,0.177
1749262266,0.16820000,5000.00000000,0.177
1749262266,0.16810000,103.00000000,0.177
1749262266,0.16800000,36.00000000,0.177
1749262266,0.16760000,81.00000000,0.177
1749262266,0.16750000,30.00000000,0.177
1749262266,0.16720000,136.00000000,0.177
1749262266,0.16680000,599.00000000,0.177
1749262266,0.16620000,43.00000000,0.177
1749262266,0.16610000,50.00000000,0.177
1749262266,0.16600000,2143.00000000,0.177
1749262266,0.16590000,81.00000000,0.177
1749262266,0.16540000,322.00000000,0.177
1749262266,0.16520000,121.00000000,0.177
1749262266,0.16500000,27555.00000000,0.177
1749262266,0.16490000,32.00000000,0.177
1749262266,0.16430000,307.00000000,0.177
1749262266,0.16420000,136.00000000,0.177
1749262266,0.16400000,1927.00000000,0.177
1749262266,0.16370000,2868.00000000,0.177
1749262266,0.16330000,157.00000000,0.177
1749262266,0.16300000,3281.00000000,0.177
1749262266,0.16260000,81.00000000,0.177
1749262266,0.16240000,43.00000000,0.177
1749262266,0.16210000,680.00000000,0.177
1749262266,0.16200000,13762.00000000,0.177
1749262266,0.16120000,756.00000000,0.177
1749262266,0.16110000,32.00000000,0.177
1749262266,0.16100000,1081.00000000,0.177
1749262266,0.16070000,110.00000000,0.177
1749262266,0.16060000,89.00000000,0.177
1749262266,0.16050000,199.00000000,0.177
1749262266,0.16040000,35.00000000,0.177
1749262266,0.16030000,32.00000000,0.177
1749262266,0.16010000,6280.00000000,0.177
1749262568,0.17710000,3151.00000000,0.1771
1749262568,0.17700000,67854.00000000,0.1771
1749262568,0.17690000,77310.00000000,0.1771
1749262568,0.17680000,58879.00000000,0.1771
1749262568,0.17670000,23133.00000000,0.1771
1749262568,0.17660000,33228.00000000,0.1771
1749262568,0.17650000,32832.00000000,0.1771
1749262568,0.17640000,16414.00000000,0.1771
1749262568,0.17630000,43934.00000000,0.1771
1749262568,0.17620000,13521.00000000,0.1771
1749262568,0.17610000,54168.00000000,0.1771
1749262568,0.17600000,58589.00000000,0.1771
1749262568,0.17590000,4408.00000000,0.1771
1749262568,0.17580000,1796.00000000,0.1771
1749262568,0.17570000,7438.00000000,0.1771
1749262568,0.17560000,8854.00000000,0.1771
1749262568,0.17550000,61077.00000000,0.1771
1749262568,0.17540000,15243.00000000,0.1771
1749262568,0.17530000,9460.00000000,0.1771
1749262568,0.17520000,48056.00000000,0.1771
1749262568,0.17510000,10084.00000000,0.1771
1749262568,0.17500000,981.00000000,0.1771
1749262568,0.17490000,4569.00000000,0.1771
1749262568,0.17480000,1753.00000000,0.1771
1749262568,0.17470000,4794.00000000,0.1771
1749262568,0.17460000,6701.00000000,0.1771
1749262568,0.17450000,117619.00000000,0.1771
1749262568,0.17440000,4781.00000000,0.1771
1749262568,0.17430000,31269.00000000,0.1771
1749262568,0.17420000,44.00000000,0.1771
1749262568,0.17410000,2860.00000000,0.1771
1749262568,0.17400000,766.00000000,0.1771
1749262568,0.17390000,2859.00000000,0.1771
1749262568,0.17380000,43.00000000,0.1771
1749262568,0.17370000,7708.00000000,0.1771
1749262568,0.17360000,43.00000000,0.1771
1749262568,0.17350000,5017.00000000,0.1771
1749262568,0.17340000,2859.00000000,0.1771
1749262568,0.17330000,43.00000000,0.1771
1749262568,0.17320000,136.00000000,0.1771
1749262568,0.17310000,2859.00000000,0.1771
1749262568,0.17300000,11463.00000000,0.1771
1749262568,0.17290000,43.00000000,0.1771
1749262568,0.17280000,2897.00000000,0.1771
1749262568,0.17250000,4085.00000000,0.1771
1749262568,0.17230000,1000.00000000,0.1771
1749262568,0.17220000,2816.00000000,0.1771
1749262568,0.17200000,14384.00000000,0.1771
1749262568,0.17190000,2816.00000000,0.1771
1749262568,0.17170000,11421.00000000,0.1771
1749262568,0.17160000,2816.00000000,0.1771
1749262568,0.17150000,65.00000000,0.1771
1749262568,0.17130000,2851.00000000,0.1771
1749262568,0.17110000,81.00000000,0.1771
1749262568,0.17100000,2816.00000000,0.1771
1749262568,0.17080000,34.00000000,0.1771
1749262568,0.17030000,5971.00000000,0.1771
1749262568,0.17020000,136.00000000,0.1771
1749262568,0.17010000,43.00000000,0.1771
1749262568,0.17000000,4368.00000000,0.1771
1749262568,0.16990000,41.00000000,0.1771
1749262568,0.16950000,222.00000000,0.1771
1749262568,0.16930000,128.00000000,0.1771
1749262568,0.16900000,803.00000000,0.1771
1749262568,0.16890000,199.00000000,0.1771
1749262568,0.16840000,89.00000000,0.1771
1749262568,0.16820000,5000.00000000,0.1771
1749262568,0.16810000,103.00000000,0.1771
1749262568,0.16800000,36.00000000,0.1771
1749262568,0.16760000,81.00000000,0.1771
1749262568,0.16750000,30.00000000,0.1771
1749262568,0.16720000,136.00000000,0.1771
1749262568,0.16680000,599.00000000,0.1771
1749262568,0.16620000,43.00000000,0.1771
1749262568,0.16610000,50.00000000,0.1771
1749262568,0.16600000,2143.00000000,0.1771
1749262568,0.16590000,81.00000000,0.1771
1749262568,0.16540000,322.00000000,0.1771
1749262568,0.16520000,121.00000000,0.1771
1749262568,0.16500000,27555.00000000,0.1771
1749262568,0.16490000,32.00000000,0.1771
1749262568,0.16430000,307.00000000,0.1771
1749262568,0.16420000,136.00000000,0.1771
1749262568,0.16400000,1927.00000000,0.1771
1749262568,0.16370000,2868.00000000,0.1771
1749262568,0.16330000,157.00000000,0.1771
1749262568,0.16300000,3281.00000000,0.1771
1749262568,0.16260000,81.00000000,0.1771
1749262568,0.16240000,43.00000000,0.1771
1749262568,0.16210000,680.00000000,0.1771
1749262568,0.16200000,13762.00000000,0.1771
1749262568,0.16120000,756.00000000,0.1771
1749262568,0.16110000,32.00000000,0.1771
1749262568,0.16100000,1081.00000000,0.1771
1749262568,0.16070000,110.00000000,0.1771
1749262568,0.16060000,89.00000000,0.1771
1749262568,0.16050000,199.00000000,0.1771
1749262568,0.16040000,35.00000000,0.1771
1749262568,0.16030000,32.00000000,0.1771
1749262568,0.16010000,6280.00000000,0.1771
1749262877,0.17720000,7017.00000000,0.1772
1749262877,0.17710000,50076.00000000,0.1772
1749262877,0.17700000,69073.00000000,0.1772
1749262877,0.17690000,57061.00000000,0.1772
1749262877,0.17680000,39442.00000000,0.1772
1749262877,0.17670000,44302.00000000,0.1772
1749262877,0.17660000,6288.00000000,0.1772
1749262877,0.17650000,69896.00000000,0.1772
1749262877,0.17640000,62938.00000000,0.1772
1749262877,0.17630000,9831.00000000,0.1772
1749262877,0.17620000,64728.00000000,0.1772
1749262877,0.17610000,19144.00000000,0.1772
1749262877,0.17600000,4075.00000000,0.1772
1749262877,0.17590000,60873.00000000,0.1772
1749262877,0.17580000,1796.00000000,0.1772
1749262877,0.17570000,7438.00000000,0.1772
1749262877,0.17560000,52904.00000000,0.1772
1749262877,0.17550000,4612.00000000,0.1772
1749262877,0.17540000,15468.00000000,0.1772
1749262877,0.17530000,10193.00000000,0.1772
1749262877,0.17520000,2912.00000000,0.1772
1749262877,0.17510000,4569.00000000,0.1772
1749262877,0.17500000,981.00000000,0.1772
1749262877,0.17490000,4569.00000000,0.1772
1749262877,0.17480000,1753.00000000,0.1772
1749262877,0.17470000,32589.00000000,0.1772
1749262877,0.17460000,6701.00000000,0.1772
1749262877,0.17450000,4569.00000000,0.1772
1749262877,0.17440000,117711.00000000,0.1772
1749262877,0.17430000,2859.00000000,0.1772
1749262877,0.17420000,44.00000000,0.1772
1749262877,0.17410000,2860.00000000,0.1772
1749262877,0.17400000,766.00000000,0.1772
1749262877,0.17390000,2859.00000000,0.1772
1749262877,0.17380000,43.00000000,0.1772
1749262877,0.17370000,7708.00000000,0.1772
1749262877,0.17360000,43.00000000,0.1772
1749262877,0.17350000,5090.00000000,0.1772
1749262877,0.17340000,14510.00000000,0.1772
1749262877,0.17330000,43.00000000,0.1772
1749262877,0.17320000,136.00000000,0.1772
1749262877,0.17310000,2859.00000000,0.1772
1749262877,0.17300000,341.00000000,0.1772
1749262877,0.17290000,43.00000000,0.1772
1749262877,0.17280000,2897.00000000,0.1772
1749262877,0.17250000,4085.00000000,0.1772
1749262877,0.17230000,1000.00000000,0.1772
1749262877,0.17220000,2816.00000000,0.1772
1749262877,0.17210000,11127.00000000,0.1772
1749262877,0.17200000,14384.00000000,0.1772
1749262877,0.17190000,2816.00000000,0.1772
1749262877,0.17160000,2816.00000000,0.1772
1749262877,0.17150000,65.00000000,0.1772
1749262877,0.17130000,2851.00000000,0.1772
1749262877,0.17110000,81.00000000,0.1772
1749262877,0.17100000,2816.00000000,0.1772
1749262877,0.17080000,5793.00000000,0.1772
1749262877,0.17030000,141.00000000,0.1772
1749262877,0.17020000,136.00000000,0.1772
1749262877,0.17010000,43.00000000,0.1772
1749262877,0.17000000,4368.00000000,0.1772
1749262877,0.16990000,41.00000000,0.1772
1749262877,0.16950000,269.00000000,0.1772
1749262877,0.16930000,81.00000000,0.1772
1749262877,0.16910000,5000.00000000,0.1772
1749262877,0.16900000,803.00000000,0.1772
1749262877,0.16890000,199.00000000,0.1772
1749262877,0.16840000,89.00000000,0.1772
1749262877,0.16810000,103.00000000,0.1772
1749262877,0.16800000,36.00000000,0.1772
1749262877,0.16760000,81.00000000,0.1772
1749262877,0.16750000,30.00000000,0.1772
1749262877,0.16720000,136.00000000,0.1772
1749262877,0.16680000,599.00000000,0.1772
1749262877,0.16620000,43.00000000,0.1772
1749262877,0.16610000,50.00000000,0.1772
1749262877,0.16600000,2143.00000000,0.1772
1749262877,0.16590000,81.00000000,0.1772
1749262877,0.16540000,322.00000000,0.1772
1749262877,0.16520000,121.00000000,0.1772
1749262877,0.16500000,27555.00000000,0.1772
1749262877,0.16490000,32.00000000,0.1772
1749262877,0.16430000,307.00000000,0.1772
1749262877,0.16420000,136.00000000,0.1772
1749262877,0.16400000,1927.00000000,0.1772
1749262877,0.16370000,2868.00000000,0.1772
1749262877,0.16330000,157.00000000,0.1772
1749262877,0.16300000,3281.00000000,0.1772
1749262877,0.16260000,81.00000000,0.1772
1749262877,0.16240000,43.00000000,0.1772
1749262877,0.16210000,680.00000000,0.1772
1749262877,0.16200000,13762.00000000,0.1772
1749262877,0.16120000,756.00000000,0.1772
1749262877,0.16110000,32.00000000,0.1772
1749262877,0.16100000,1081.00000000,0.1772
1749262877,0.16070000,110.00000000,0.1772
1749262877,0.16060000,89.00000000,0.1772
1749262877,0.16050000,199.00000000,0.1772
1749262877,0.16040000,35.00000000,0.1772
1749262877,0.16030000,32.00000000,0.1772
1749263179,0.17740000,6253.00000000,0.1775
1749263179,0.17730000,48020.00000000,0.1775
1749263179,0.17720000,57601.00000000,0.1775
1749263179,0.17710000,50128.00000000,0.1775
1749263179,0.17700000,48786.00000000,0.1775
1749263179,0.17690000,30645.00000000,0.1775
1749263179,0.17680000,17445.00000000,0.1775
1749263179,0.17670000,75834.00000000,0.1775
1749263179,0.17660000,10936.00000000,0.1775
1749263179,0.17650000,10201.00000000,0.1775
1749263179,0.17640000,53281.00000000,0.1775
1749263179,0.17630000,6995.00000000,0.1775
1749263179,0.17620000,59705.00000000,0.1775
1749263179,0.17610000,11650.00000000,0.1775
1749263179,0.17600000,1796.00000000,0.1775
1749263179,0.17590000,60743.00000000,0.1775
1749263179,0.17580000,15461.00000000,0.1775
1749263179,0.17570000,7438.00000000,0.1775
1749263179,0.17560000,53636.00000000,0.1775
1749263179,0.17550000,4612.00000000,0.1775
1749263179,0.17540000,1978.00000000,0.1775
1749263179,0.17530000,9417.00000000,0.1775
1749263179,0.17520000,7634.00000000,0.1775
1749263179,0.17510000,4569.00000000,0.1775
1749263179,0.17500000,981.00000000,0.1775
1749263179,0.17490000,4569.00000000,0.1775
1749263179,0.17480000,1753.00000000,0.1775
1749263179,0.17470000,32589.00000000,0.1775
1749263179,0.17460000,4991.00000000,0.1775
1749263179,0.17450000,2859.00000000,0.1775
1749263179,0.17440000,112973.00000000,0.1775
1749263179,0.17430000,2859.00000000,0.1775
1749263179,0.17420000,44.00000000,0.1775
1749263179,0.17410000,7741.00000000,0.1775
1749263179,0.17400000,766.00000000,0.1775
1749263179,0.17390000,2859.00000000,0.1775
1749263179,0.17380000,43.00000000,0.1775
1749263179,0.17370000,2816.00000000,0.1775
1749263179,0.17360000,43.00000000,0.1775
1749263179,0.17350000,5090.00000000,0.1775
1749263179,0.17340000,14510.00000000,0.1775
1749263179,0.17330000,43.00000000,0.1775
1749263179,0.17320000,136.00000000,0.1775
1749263179,0.17310000,2816.00000000,0.1775
1749263179,0.17300000,341.00000000,0.1775
1749263179,0.17280000,2897.00000000,0.1775
1749263179,0.17250000,4085.00000000,0.1775
1749263179,0.17230000,1000.00000000,0.1775
1749263179,0.17220000,2816.00000000,0.1775
1749263179,0.17210000,11127.00000000,0.1775
1749263179,0.17200000,14384.00000000,0.1775
1749263179,0.17190000,2816.00000000,0.1775
1749263179,0.17160000,2816.00000000,0.1775
1749263179,0.17150000,65.00000000,0.1775
1749263179,0.17130000,2851.00000000,0.1775
1749263179,0.17110000,81.00000000,0.1775
1749263179,0.17100000,2816.00000000,0.1775
1749263179,0.17080000,5793.00000000,0.1775
1749263179,0.17030000,141.00000000,0.1775
1749263179,0.17020000,136.00000000,0.1775
1749263179,0.17010000,43.00000000,0.1775
1749263179,0.17000000,4368.00000000,0.1775
1749263179,0.16990000,41.00000000,0.1775
1749263179,0.16950000,269.00000000,0.1775
1749263179,0.16930000,81.00000000,0.1775
1749263179,0.16910000,5000.00000000,0.1775
1749263179,0.16900000,803.00000000,0.1775
1749263179,0.16890000,199.00000000,0.1775
1749263179,0.16840000,89.00000000,0.1775
1749263179,0.16810000,103.00000000,0.1775
1749263179,0.16800000,36.00000000,0.1775
1749263179,0.16760000,81.00000000,0.1775
1749263179,0.16750000,30.00000000,0.1775
1749263179,0.16720000,136.00000000,0.1775
1749263179,0.16680000,599.00000000,0.1775
1749263179,0.16620000,43.00000000,0.1775
1749263179,0.16610000,50.00000000,0.1775
1749263179,0.16600000,2143.00000000,0.1775
1749263179,0.16590000,81.00000000,0.1775
1749263179,0.16540000,322.00000000,0.1775
1749263179,0.16520000,121.00000000,0.1775
1749263179,0.16500000,27555.00000000,0.1775
1749263179,0.16490000,32.00000000,0.1775
1749263179,0.16430000,307.00000000,0.1775
1749263179,0.16420000,136.00000000,0.1775
1749263179,0.16400000,1927.00000000,0.1775
1749263179,0.16370000,2868.00000000,0.1775
1749263179,0.16330000,157.00000000,0.1775
1749263179,0.16300000,3281.00000000,0.1775
1749263179,0.16260000,81.00000000,0.1775
1749263179,0.16240000,43.00000000,0.1775
1749263179,0.16210000,680.00000000,0.1775
1749263179,0.16200000,13762.00000000,0.1775
1749263179,0.16120000,756.00000000,0.1775
1749263179,0.16110000,32.00000000,0.1775
1749263179,0.16100000,1081.00000000,0.1775
1749263179,0.16070000,110.00000000,0.1775
1749263179,0.16060000,89.00000000,0.1775
1749263179,0.16050000,199.00000000,0.1775
1749263179,0.16040000,35.00000000,0.1775
1749263485,0.17730000,13395.00000000,0.1774
1749263485,0.17720000,71740.00000000,0.1774
1749263485,0.17710000,55497.00000000,0.1774
1749263485,0.17700000,62184.00000000,0.1774
1749263485,0.17690000,77828.00000000,0.1774
1749263485,0.17680000,5107.00000000,0.1774
1749263485,0.17670000,60009.00000000,0.1774
1749263485,0.17660000,75807.00000000,0.1774
1749263485,0.17650000,12405.00000000,0.1774
1749263485,0.17640000,6700.00000000,0.1774
1749263485,0.17630000,6887.00000000,0.1774
1749263485,0.17620000,61981.00000000,0.1774
1749263485,0.17610000,62353.00000000,0.1774
1749263485,0.17600000,1796.00000000,0.1774
1749263485,0.17590000,4408.00000000,0.1774
1749263485,0.17580000,15461.00000000,0.1774
1749263485,0.17570000,12275.00000000,0.1774
1749263485,0.17560000,52904.00000000,0.1774
1749263485,0.17550000,4569.00000000,0.1774
1749263485,0.17540000,1978.00000000,0.1774
1749263485,0.17530000,4569.00000000,0.1774
1749263485,0.17520000,7634.00000000,0.1774
1749263485,0.17510000,4569.00000000,0.1774
1749263485,0.17500000,981.00000000,0.1774
1749263485,0.17490000,4569.00000000,0.1774
1749263485,0.17480000,6615.00000000,0.1774
1749263485,0.17470000,143549.00000000,0.1774
1749263485,0.17460000,124.00000000,0.1774
1749263485,0.17450000,2859.00000000,0.1774
1749263485,0.17440000,43.00000000,0.1774
1749263485,0.17430000,2859.00000000,0.1774
1749263485,0.17420000,44.00000000,0.1774
1749263485,0.17410000,7741.00000000,0.1774
1749263485,0.17400000,766.00000000,0.1774
1749263485,0.17390000,2859.00000000,0.1774
1749263485,0.17380000,43.00000000,0.1774
1749263485,0.17370000,2816.00000000,0.1774
1749263485,0.17360000,43.00000000,0.1774
1749263485,0.17350000,5090.00000000,0.1774
1749263485,0.17340000,14510.00000000,0.1774
1749263485,0.17320000,136.00000000,0.1774
1749263485,0.17310000,2816.00000000,0.1774
1749263485,0.17300000,341.00000000,0.1774
1749263485,0.17280000,2897.00000000,0.1774
1749263485,0.17250000,4085.00000000,0.1774
1749263485,0.17230000,1000.00000000,0.1774
1749263485,0.17220000,2816.00000000,0.1774
1749263485,0.17210000,11127.00000000,0.1774
1749263485,0.17200000,14384.00000000,0.1774
1749263485,0.17190000,2816.00000000,0.1774
1749263485,0.17160000,2816.00000000,0.1774
1749263485,0.17150000,65.00000000,0.1774
1749263485,0.17130000,2851.00000000,0.1774
1749263485,0.17110000,81.00000000,0.1774
1749263485,0.17100000,2816.00000000,0.1774
1749263485,0.17080000,5793.00000000,0.1774
1749263485,0.17030000,141.00000000,0.1774
1749263485,0.17020000,136.00000000,0.1774
1749263485,0.17010000,43.00000000,0.1774
1749263485,0.17000000,4368.00000000,0.1774
1749263485,0.16990000,41.00000000,0.1774
1749263485,0.16950000,269.00000000,0.1774
1749263485,0.16930000,81.00000000,0.1774
1749263485,0.16910000,5000.00000000,0.1774
1749263485,0.16900000,803.00000000,0.1774
1749263485,0.16890000,199.00000000,0.1774
1749263485,0.16840000,89.00000000,0.1774
1749263485,0.16810000,103.00000000,0.1774
1749263485,0.16800000,36.00000000,0.1774
1749263485,0.16760000,81.00000000,0.1774
1749263485,0.16750000,30.00000000,0.1774
1749263485,0.16720000,136.00000000,0.1774
1749263485,0.16680000,599.00000000,0.1774
1749263485,0.16620000,43.00000000,0.1774
1749263485,0.16610000,50.00000000,0.1774
1749263485,0.16600000,2143.00000000,0.1774
1749263485,0.16590000,81.00000000,0.1774
1749263485,0.16540000,322.00000000,0.1774
1749263485,0.16520000,121.00000000,0.1774
1749263485,0.16500000,27555.00000000,0.1774
1749263485,0.16490000,32.00000000,0.1774
1749263485,0.16430000,307.00000000,0.1774
1749263485,0.16420000,136.00000000,0.1774
1749263485,0.16400000,1927.00000000,0.1774
1749263485,0.16370000,2868.00000000,0.1774
1749263485,0.16330000,157.00000000,0.1774
1749263485,0.16300000,3281.00000000,0.1774
1749263485,0.16260000,81.00000000,0.1774
1749263485,0.16240000,43.00000000,0.1774
1749263485,0.16210000,680.00000000,0.1774
1749263485,0.16200000,13762.00000000,0.1774
1749263485,0.16120000,756.00000000,0.1774
1749263485,0.16110000,32.00000000,0.1774
1749263485,0.16100000,1081.00000000,0.1774
1749263485,0.16070000,110.00000000,0.1774
1749263485,0.16060000,89.00000000,0.1774
1749263485,0.16050000,199.00000000,0.1774
1749263485,0.16040000,35.00000000,0.1774
1749263485,0.16030000,32.00000000,0.1774
1749263485,0.16010000,6280.00000000,0.1774
1749263792,0.17750000,4975.00000000,0.1775
1749263792,0.17740000,52985.00000000,0.1775
1749263792,0.17730000,71244.00000000,0.1775
1749263792,0.17720000,42192.00000000,0.1775
1749263792,0.17710000,41354.00000000,0.1775
1749263792,0.17700000,24184.00000000,0.1775
1749263792,0.17690000,39079.00000000,0.1775
1749263792,0.17680000,3083.00000000,0.1775
1749263792,0.17670000,67730.00000000,0.1775
1749263792,0.17660000,60214.00000000,0.1775
1749263792,0.17650000,8753.00000000,0.1775
1749263792,0.17640000,7475.00000000,0.1775
1749263792,0.17630000,4612.00000000,0.1775
1749263792,0.17620000,59705.00000000,0.1775
1749263792,0.17610000,62353.00000000,0.1775
1749263792,0.17600000,1796.00000000,0.1775
1749263792,0.17590000,4408.00000000,0.1775
1749263792,0.17580000,15461.00000000,0.1775
1749263792,0.17570000,12275.00000000,0.1775
1749263792,0.17560000,52904.00000000,0.1775
1749263792,0.17550000,4569.00000000,0.1775
1749263792,0.17540000,1978.00000000,0.1775
1749263792,0.17530000,4569.00000000,0.1775
1749263792,0.17520000,7666.00000000,0.1775
1749263792,0.17510000,4569.00000000,0.1775
1749263792,0.17500000,949.00000000,0.1775
1749263792,0.17490000,4569.00000000,0.1775
1749263792,0.17480000,6615.00000000,0.1775
1749263792,0.17470000,143549.00000000,0.1775
1749263792,0.17460000,124.00000000,0.1775
1749263792,0.17450000,2859.00000000,0.1775
1749263792,0.17440000,43.00000000,0.1775
1749263792,0.17430000,2859.00000000,0.1775
1749263792,0.17420000,44.00000000,0.1775
1749263792,0.17410000,7741.00000000,0.1775
1749263792,0.17400000,766.00000000,0.1775
1749263792,0.17390000,2859.00000000,0.1775
1749263792,0.17380000,43.00000000,0.1775
1749263792,0.17370000,5759.00000000,0.1775
1749263792,0.17360000,43.00000000,0.1775
1749263792,0.17350000,2150.00000000,0.1775
1749263792,0.17340000,14510.00000000,0.1775
1749263792,0.17320000,136.00000000,0.1775
1749263792,0.17310000,2816.00000000,0.1775
1749263792,0.17300000,341.00000000,0.1775
1749263792,0.17280000,2897.00000000,0.1775
1749263792,0.17250000,4085.00000000,0.1775
1749263792,0.17230000,1000.00000000,0.1775
1749263792,0.17220000,2816.00000000,0.1775
1749263792,0.17210000,11127.00000000,0.1775
1749263792,0.17200000,14384.00000000,0.1775
1749263792,0.17190000,2816.00000000,0.1775
1749263792,0.17160000,2816.00000000,0.1775
1749263792,0.17150000,65.00000000,0.1775
1749263792,0.17130000,2851.00000000,0.1775
1749263792,0.17110000,81.00000000,0.1775
1749263792,0.17100000,2816.00000000,0.1775
1749263792,0.17080000,5793.00000000,0.1775
1749263792,0.17030000,141.00000000,0.1775
1749263792,0.17020000,136.00000000,0.1775
1749263792,0.17010000,43.00000000,0.1775
1749263792,0.17000000,4368.00000000,0.1775
1749263792,0.16990000,41.00000000,0.1775
1749263792,0.16950000,269.00000000,0.1775
1749263792,0.16930000,81.00000000,0.1775
1749263792,0.16910000,5000.00000000,0.1775
1749263792,0.16900000,803.00000000,0.1775
1749263792,0.16890000,199.00000000,0.1775
1749263792,0.16840000,89.00000000,0.1775
1749263792,0.16810000,103.00000000,0.1775
1749263792,0.16800000,36.00000000,0.1775
1749263792,0.16760000,81.00000000,0.1775
1749263792,0.16750000,30.00000000,0.1775
1749263792,0.16720000,136.00000000,0.1775
1749263792,0.16680000,599.00000000,0.1775
1749263792,0.16620000,43.00000000,0.1775
1749263792,0.16610000,50.00000000,0.1775
1749263792,0.16600000,2143.00000000,0.1775
1749263792,0.16590000,81.00000000,0.1775
1749263792,0.16540000,322.00000000,0.1775
1749263792,0.16520000,121.00000000,0.1775
1749263792,0.16500000,27555.00000000,0.1775
1749263792,0.16490000,32.00000000,0.1775
1749263792,0.16430000,307.00000000,0.1775
1749263792,0.16420000,136.00000000,0.1775
1749263792,0.16400000,1927.00000000,0.1775
1749263792,0.16370000,2868.00000000,0.1775
1749263792,0.16330000,157.00000000,0.1775
1749263792,0.16300000,3281.00000000,0.1775
1749263792,0.16260000,81.00000000,0.1775
1749263792,0.16240000,43.00000000,0.1775
1749263792,0.16210000,680.00000000,0.1775
1749263792,0.16200000,13762.00000000,0.1775
1749263792,0.16120000,756.00000000,0.1775
1749263792,0.16110000,32.00000000,0.1775
1749263792,0.16100000,1081.00000000,0.1775
1749263792,0.16070000,110.00000000,0.1775
1749263792,0.16060000,89.00000000,0.1775
1749263792,0.16050000,199.00000000,0.1775
1749263792,0.16040000,35.00000000,0.1775
1749264093,0.17750000,3420.00000000,0.1776
1749264093,0.17740000,32951.00000000,0.1776
1749264093,0.17730000,59962.00000000,0.1776
1749264093,0.17720000,54829.00000000,0.1776
1749264093,0.17710000,64105.00000000,0.1776
1749264093,0.17700000,51845.00000000,0.1776
1749264093,0.17690000,57851.00000000,0.1776
1749264093,0.17680000,27930.00000000,0.1776
1749264093,0.17670000,20840.00000000,0.1776
1749264093,0.17660000,55966.00000000,0.1776
1749264093,0.17650000,62619.00000000,0.1776
1749264093,0.17640000,6700.00000000,0.1776
1749264093,0.17630000,4612.00000000,0.1776
1749264093,0.17620000,1698.00000000,0.1776
1749264093,0.17610000,11800.00000000,0.1776
1749264093,0.17600000,1796.00000000,0.1776
1749264093,0.17590000,4408.00000000,0.1776
1749264093,0.17580000,71701.00000000,0.1776
1749264093,0.17570000,12232.00000000,0.1776
1749264093,0.17560000,53593.00000000,0.1776
1749264093,0.17550000,4569.00000000,0.1776
1749264093,0.17540000,1978.00000000,0.1776
1749264093,0.17530000,4569.00000000,0.1776
1749264093,0.17520000,7515.00000000,0.1776
1749264093,0.17510000,4569.00000000,0.1776
1749264093,0.17500000,949.00000000,0.1776
1749264093,0.17490000,117299.00000000,0.1776
1749264093,0.17480000,4905.00000000,0.1776
1749264093,0.17470000,30879.00000000,0.1776
1749264093,0.17460000,124.00000000,0.1776
1749264093,0.17450000,2859.00000000,0.1776
1749264093,0.17440000,43.00000000,0.1776
1749264093,0.17430000,2859.00000000,0.1776
1749264093,0.17420000,44.00000000,0.1776
1749264093,0.17410000,7741.00000000,0.1776
1749264093,0.17400000,766.00000000,0.1776
1749264093,0.17390000,2859.00000000,0.1776
1749264093,0.17380000,43.00000000,0.1776
1749264093,0.17370000,2816.00000000,0.1776
1749264093,0.17360000,2817.00000000,0.1776
1749264093,0.17350000,2150.00000000,0.1776
1749264093,0.17340000,14467.00000000,0.1776
1749264093,0.17320000,136.00000000,0.1776
1749264093,0.17310000,2816.00000000,0.1776
1749264093,0.17300000,341.00000000,0.1776
1749264093,0.17280000,2897.00000000,0.1776
1749264093,0.17250000,4085.00000000,0.1776
1749264093,0.17230000,1000.00000000,0.1776
1749264093,0.17220000,2816.00000000,0.1776
1749264093,0.17210000,11127.00000000,0.1776
1749264093,0.17200000,14384.00000000,0.1776
1749264093,0.17190000,2816.00000000,0.1776
1749264093,0.17160000,2816.00000000,0.1776
1749264093,0.17150000,65.00000000,0.1776
1749264093,0.17130000,2851.00000000,0.1776
1749264093,0.17110000,81.00000000,0.1776
1749264093,0.17100000,2816.00000000,0.1776
1749264093,0.17080000,5793.00000000,0.1776
1749264093,0.17030000,141.00000000,0.1776
1749264093,0.17020000,136.00000000,0.1776
1749264093,0.17010000,43.00000000,0.1776
1749264093,0.17000000,4368.00000000,0.1776
1749264093,0.16990000,41.00000000,0.1776
1749264093,0.16980000,47.00000000,0.1776
1749264093,0.16950000,222.00000000,0.1776
1749264093,0.16930000,81.00000000,0.1776
1749264093,0.16910000,5000.00000000,0.1776
1749264093,0.16900000,803.00000000,0.1776
1749264093,0.16890000,199.00000000,0.1776
1749264093,0.16840000,89.00000000,0.1776
1749264093,0.16810000,103.00000000,0.1776
1749264093,0.16800000,36.00000000,0.1776
1749264093,0.16760000,81.00000000,0.1776
1749264093,0.16750000,30.00000000,0.1776
1749264093,0.16720000,136.00000000,0.1776
1749264093,0.16680000,599.00000000,0.1776
1749264093,0.16620000,43.00000000,0.1776
1749264093,0.16610000,50.00000000,0.1776
1749264093,0.16600000,2143.00000000,0.1776
1749264093,0.16590000,81.00000000,0.1776
1749264093,0.16540000,322.00000000,0.1776
1749264093,0.16520000,121.00000000,0.1776
1749264093,0.16500000,27555.00000000,0.1776
1749264093,0.16490000,32.00000000,0.1776
1749264093,0.16430000,307.00000000,0.1776
1749264093,0.16420000,136.00000000,0.1776
1749264093,0.16400000,1927.00000000,0.1776
1749264093,0.16370000,2868.00000000,0.1776
1749264093,0.16330000,157.00000000,0.1776
1749264093,0.16300000,3281.00000000,0.1776
1749264093,0.16260000,81.00000000,0.1776
1749264093,0.16240000,43.00000000,0.1776
1749264093,0.16210000,680.00000000,0.1776
1749264093,0.16200000,13762.00000000,0.1776
1749264093,0.16120000,756.00000000,0.1776
1749264093,0.16110000,32.00000000,0.1776
1749264093,0.16100000,1081.00000000,0.1776
1749264093,0.16070000,110.00000000,0.1776
1749264093,0.16060000,89.00000000,0.1776
1749264093,0.16050000,199.00000000,0.1776
1749264400,0.17760000,5172.00000000,0.1776
1749264400,0.17750000,58181.00000000,0.1776
1749264400,0.17740000,77241.00000000,0.1776
1749264400,0.17730000,64883.00000000,0.1776
1749264400,0.17720000,16141.00000000,0.1776
1749264400,0.17710000,27730.00000000,0.1776
1749264400,0.17700000,7231.00000000,0.1776
1749264400,0.17690000,63983.00000000,0.1776
1749264400,0.17680000,10460.00000000,0.1776
1749264400,0.17670000,15520.00000000,0.1776
1749264400,0.17660000,66185.00000000,0.1776
1749264400,0.17650000,63747.00000000,0.1776
1749264400,0.17640000,5628.00000000,0.1776
1749264400,0.17630000,4612.00000000,0.1776
1749264400,0.17620000,1698.00000000,0.1776
1749264400,0.17610000,11800.00000000,0.1776
1749264400,0.17600000,58196.00000000,0.1776
1749264400,0.17590000,4408.00000000,0.1776
1749264400,0.17580000,15461.00000000,0.1776
1749264400,0.17570000,7395.00000000,0.1776
1749264400,0.17560000,47362.00000000,0.1776
1749264400,0.17550000,10805.00000000,0.1776
1749264400,0.17540000,1753.00000000,0.1776
1749264400,0.17530000,9417.00000000,0.1776
1749264400,0.17520000,7515.00000000,0.1776
1749264400,0.17510000,4569.00000000,0.1776
1749264400,0.17500000,949.00000000,0.1776
1749264400,0.17490000,4569.00000000,0.1776
1749264400,0.17480000,43.00000000,0.1776
1749264400,0.17470000,30879.00000000,0.1776
1749264400,0.17460000,112604.00000000,0.1776
1749264400,0.17450000,2859.00000000,0.1776
1749264400,0.17440000,43.00000000,0.1776
1749264400,0.17430000,7735.00000000,0.1776
1749264400,0.17420000,44.00000000,0.1776
1749264400,0.17410000,7741.00000000,0.1776
1749264400,0.17400000,766.00000000,0.1776
1749264400,0.17390000,2859.00000000,0.1776
1749264400,0.17380000,43.00000000,0.1776
1749264400,0.17370000,2816.00000000,0.1776
1749264400,0.17360000,2794.00000000,0.1776
1749264400,0.17350000,2150.00000000,0.1776
1749264400,0.17340000,14467.00000000,0.1776
1749264400,0.17320000,136.00000000,0.1776
1749264400,0.17310000,2816.00000000,0.1776
1749264400,0.17300000,341.00000000,0.1776
1749264400,0.17280000,2897.00000000,0.1776
1749264400,0.17250000,4085.00000000,0.1776
1749264400,0.17230000,1000.00000000,0.1776
1749264400,0.17220000,2816.00000000,0.1776
1749264400,0.17210000,11127.00000000,0.1776
1749264400,0.17200000,14384.00000000,0.1776
1749264400,0.17190000,2816.00000000,0.1776
1749264400,0.17160000,2816.00000000,0.1776
1749264400,0.17150000,65.00000000,0.1776
1749264400,0.17130000,2851.00000000,0.1776
1749264400,0.17110000,81.00000000,0.1776
1749264400,0.17100000,2816.00000000,0.1776
1749264400,0.17080000,5793.00000000,0.1776
1749264400,0.17030000,141.00000000,0.1776
1749264400,0.17020000,136.00000000,0.1776
1749264400,0.17010000,43.00000000,0.1776
1749264400,0.17000000,4368.00000000,0.1776
1749264400,0.16990000,41.00000000,0.1776
1749264400,0.16950000,269.00000000,0.1776
1749264400,0.16930000,81.00000000,0.1776
1749264400,0.16920000,5000.00000000,0.1776
1749264400,0.16900000,803.00000000,0.1776
1749264400,0.16890000,199.00000000,0.1776
1749264400,0.16840000,89.00000000,0.1776
1749264400,0.16810000,103.00000000,0.1776
1749264400,0.16800000,36.00000000,0.1776
1749264400,0.16760000,81.00000000,0.1776
1749264400,0.16750000,30.00000000,0.1776
1749264400,0.16720000,136.00000000,0.1776
1749264400,0.16680000,599.00000000,0.1776
1749264400,0.16620000,43.00000000,0.1776
1749264400,0.16610000,50.00000000,0.1776
1749264400,0.16600000,2143.00000000,0.1776
1749264400,0.16590000,81.00000000,0.1776
1749264400,0.16540000,322.00000000,0.1776
1749264400,0.16520000,121.00000000,0.1776
1749264400,0.16500000,27555.00000000,0.1776
1749264400,0.16490000,32.00000000,0.1776
1749264400,0.16430000,307.00000000,0.1776
1749264400,0.16420000,136.00000000,0.1776
1749264400,0.16400000,1927.00000000,0.1776
1749264400,0.16370000,2868.00000000,0.1776
1749264400,0.16330000,157.00000000,0.1776
1749264400,0.16300000,3281.00000000,0.1776
1749264400,0.16260000,81.00000000,0.1776
1749264400,0.16240000,43.00000000,0.1776
1749264400,0.16210000,680.00000000,0.1776
1749264400,0.16200000,13762.00000000,0.1776
1749264400,0.16120000,756.00000000,0.1776
1749264400,0.16110000,32.00000000,0.1776
1749264400,0.16100000,1081.00000000,0.1776
1749264400,0.16070000,110.00000000,0.1776
1749264400,0.16060000,89.00000000,0.1776
1749264400,0.16050000,199.00000000,0.1776
1749264702,0.17780000,1710.00000000,0.1778
1749264702,0.17770000,35398.00000000,0.1778
1749264702,0.17760000,70193.00000000,0.1778
1749264702,0.17750000,50894.00000000,0.1778
1749264702,0.17740000,67682.00000000,0.1778
1749264702,0.17730000,39809.00000000,0.1778
1749264702,0.17720000,39215.00000000,0.1778
1749264702,0.17710000,8625.00000000,0.1778
1749264702,0.17700000,13564.00000000,0.1778
1749264702,0.17690000,75818.00000000,0.1778
1749264702,0.17680000,5358.00000000,0.1778
1749264702,0.17670000,8631.00000000,0.1778
1749264702,0.17660000,56441.00000000,0.1778
1749264702,0.17650000,69641.00000000,0.1778
1749264702,0.17640000,4071.00000000,0.1778
1749264702,0.17630000,4612.00000000,0.1778
1749264702,0.17620000,57670.00000000,0.1778
1749264702,0.17610000,4762.00000000,0.1778
1749264702,0.17600000,1796.00000000,0.1778
1749264702,0.17590000,4408.00000000,0.1778
1749264702,0.17580000,16192.00000000,0.1778
1749264702,0.17570000,7395.00000000,0.1778
1749264702,0.17560000,47362.00000000,0.1778
1749264702,0.17550000,4569.00000000,0.1778
1749264702,0.17540000,1753.00000000,0.1778
1749264702,0.17530000,9417.00000000,0.1778
1749264702,0.17520000,7483.00000000,0.1778
1749264702,0.17510000,4569.00000000,0.1778
1749264702,0.17500000,113749.00000000,0.1778
1749264702,0.17490000,2859.00000000,0.1778
1749264702,0.17480000,4905.00000000,0.1778
1749264702,0.17470000,30879.00000000,0.1778
1749264702,0.17460000,124.00000000,0.1778
1749264702,0.17450000,2859.00000000,0.1778
1749264702,0.17440000,43.00000000,0.1778
1749264702,0.17430000,2859.00000000,0.1778
1749264702,0.17420000,44.00000000,0.1778
1749264702,0.17410000,7741.00000000,0.1778
1749264702,0.17400000,766.00000000,0.1778
1749264702,0.17390000,2859.00000000,0.1778
1749264702,0.17380000,43.00000000,0.1778
1749264702,0.17370000,2816.00000000,0.1778
1749264702,0.17360000,2876.00000000,0.1778
1749264702,0.17350000,2150.00000000,0.1778
1749264702,0.17340000,14467.00000000,0.1778
1749264702,0.17320000,136.00000000,0.1778
1749264702,0.17310000,2816.00000000,0.1778
1749264702,0.17300000,341.00000000,0.1778
1749264702,0.17280000,2897.00000000,0.1778
1749264702,0.17250000,4085.00000000,0.1778
1749264702,0.17230000,1000.00000000,0.1778
1749264702,0.17220000,2816.00000000,0.1778
1749264702,0.17210000,11127.00000000,0.1778
1749264702,0.17200000,14384.00000000,0.1778
1749264702,0.17190000,2816.00000000,0.1778
1749264702,0.17160000,2816.00000000,0.1778
1749264702,0.17150000,65.00000000,0.1778
1749264702,0.17130000,2816.00000000,0.1778
1749264702,0.17110000,81.00000000,0.1778
1749264702,0.17100000,2816.00000000,0.1778
1749264702,0.17080000,5793.00000000,0.1778
1749264702,0.17030000,141.00000000,0.1778
1749264702,0.17020000,136.00000000,0.1778
1749264702,0.17010000,43.00000000,0.1778
1749264702,0.17000000,4415.00000000,0.1778
1749264702,0.16990000,41.00000000,0.1778
1749264702,0.16950000,222.00000000,0.1778
1749264702,0.16930000,81.00000000,0.1778
1749264702,0.16920000,5000.00000000,0.1778
1749264702,0.16900000,803.00000000,0.1778
1749264702,0.16890000,199.00000000,0.1778
1749264702,0.16840000,89.00000000,0.1778
1749264702,0.16810000,103.00000000,0.1778
1749264702,0.16800000,36.00000000,0.1778
1749264702,0.16760000,81.00000000,0.1778
1749264702,0.16750000,30.00000000,0.1778
1749264702,0.16720000,136.00000000,0.1778
1749264702,0.16680000,599.00000000,0.1778
1749264702,0.16620000,43.00000000,0.1778
1749264702,0.16610000,50.00000000,0.1778
1749264702,0.16600000,2089.00000000,0.1778
1749264702,0.16590000,81.00000000,0.1778
1749264702,0.16540000,322.00000000,0.1778
1749264702,0.16520000,121.00000000,0.1778
1749264702,0.16500000,27555.00000000,0.1778
1749264702,0.16490000,32.00000000,0.1778
1749264702,0.16430000,307.00000000,0.1778
1749264702,0.16420000,136.00000000,0.1778
1749264702,0.16400000,1927.00000000,0.1778
1749264702,0.16370000,2868.00000000,0.1778
1749264702,0.16330000,157.00000000,0.1778
1749264702,0.16300000,3281.00000000,0.1778
1749264702,0.16260000,81.00000000,0.1778
1749264702,0.16240000,43.00000000,0.1778
1749264702,0.16210000,680.00000000,0.1778
1749264702,0.16200000,13762.00000000,0.1778
1749264702,0.16120000,756.00000000,0.1778
1749264702,0.16110000,32.00000000,0.1778
1749264702,0.16100000,1081.00000000,0.1778
1749264702,0.16070000,35.00000000,0.1778
1749265003,0.17830000,3420.00000000,0.1783
1749265003,0.17820000,25346.00000000,0.1783
1749265003,0.17810000,80492.00000000,0.1783
1749265003,0.17800000,91813.00000000,0.1783
1749265003,0.17790000,60881.00000000,0.1783
1749265003,0.17780000,55367.00000000,0.1783
1749265003,0.17770000,30866.00000000,0.1783
1749265003,0.17760000,6282.00000000,0.1783
1749265003,0.17750000,11786.00000000,0.1783
1749265003,0.17740000,46584.00000000,0.1783
1749265003,0.17730000,39516.00000000,0.1783
1749265003,0.17720000,4003.00000000,0.1783
1749265003,0.17710000,4612.00000000,0.1783
1749265003,0.17700000,51397.00000000,0.1783
1749265003,0.17690000,11619.00000000,0.1783
1749265003,0.17680000,115396.00000000,0.1783
1749265003,0.17670000,4612.00000000,0.1783
1749265003,0.17660000,15347.00000000,0.1783
1749265003,0.17650000,4612.00000000,0.1783
1749265003,0.17640000,57187.00000000,0.1783
1749265003,0.17630000,4650.00000000,0.1783
1749265003,0.17620000,8548.00000000,0.1783
1749265003,0.17610000,50371.00000000,0.1783
1749265003,0.17600000,1753.00000000,0.1783
1749265003,0.17590000,4365.00000000,0.1783
1749265003,0.17580000,1753.00000000,0.1783
1749265003,0.17570000,4569.00000000,0.1783
1749265003,0.17560000,4882.00000000,0.1783
1749265003,0.17550000,2859.00000000,0.1783
1749265003,0.17540000,43.00000000,0.1783
1749265003,0.17530000,2859.00000000,0.1783
1749265003,0.17520000,5773.00000000,0.1783
1749265003,0.17510000,2859.00000000,0.1783
1749265003,0.17500000,43.00000000,0.1783
1749265003,0.17490000,2859.00000000,0.1783
1749265003,0.17480000,43.00000000,0.1783
1749265003,0.17470000,30879.00000000,0.1783
1749265003,0.17460000,4991.00000000,0.1783
1749265003,0.17450000,2859.00000000,0.1783
1749265003,0.17440000,2952.00000000,0.1783
1749265003,0.17430000,2816.00000000,0.1783
1749265003,0.17410000,2816.00000000,0.1783
1749265003,0.17400000,723.00000000,0.1783
1749265003,0.17390000,2816.00000000,0.1783
1749265003,0.17370000,2816.00000000,0.1783
1749265003,0.17350000,2150.00000000,0.1783
1749265003,0.17340000,14467.00000000,0.1783
1749265003,0.17320000,136.00000000,0.1783
1749265003,0.17310000,2816.00000000,0.1783
1749265003,0.17300000,341.00000000,0.1783
1749265003,0.17280000,2897.00000000,0.1783
1749265003,0.17250000,4085.00000000,0.1783
1749265003,0.17230000,1000.00000000,0.1783
1749265003,0.17220000,2816.00000000,0.1783
1749265003,0.17210000,11127.00000000,0.1783
1749265003,0.17200000,14384.00000000,0.1783
1749265003,0.17150000,65.00000000,0.1783
1749265003,0.17110000,81.00000000,0.1783
1749265003,0.17080000,5793.00000000,0.1783
1749265003,0.17030000,141.00000000,0.1783
1749265003,0.17020000,136.00000000,0.1783
1749265003,0.17010000,90.00000000,0.1783
1749265003,0.17000000,4368.00000000,0.1783
1749265003,0.16990000,41.00000000,0.1783
1749265003,0.16950000,222.00000000,0.1783
1749265003,0.16930000,81.00000000,0.1783
1749265003,0.16920000,5000.00000000,0.1783
1749265003,0.16900000,803.00000000,0.1783
1749265003,0.16890000,199.00000000,0.1783
1749265003,0.16840000,89.00000000,0.1783
1749265003,0.16810000,103.00000000,0.1783
1749265003,0.16800000,36.00000000,0.1783
1749265003,0.16760000,81.00000000,0.1783
1749265003,0.16750000,30.00000000,0.1783
1749265003,0.16720000,136.00000000,0.1783
1749265003,0.16680000,599.00000000,0.1783
1749265003,0.16620000,43.00000000,0.1783
1749265003,0.16610000,50.00000000,0.1783
1749265003,0.16600000,2089.00000000,0.1783
1749265003,0.16590000,81.00000000,0.1783
1749265003,0.16540000,322.00000000,0.1783
1749265003,0.16520000,121.00000000,0.1783
1749265003,0.16500000,27555.00000000,0.1783
1749265003,0.16490000,32.00000000,0.1783
1749265003,0.16430000,307.00000000,0.1783
1749265003,0.16420000,136.00000000,0.1783
1749265003,0.16400000,1927.00000000,0.1783
1749265003,0.16370000,2868.00000000,0.1783
1749265003,0.16330000,157.00000000,0.1783
1749265003,0.16300000,3281.00000000,0.1783
1749265003,0.16260000,81.00000000,0.1783
1749265003,0.16240000,43.00000000,0.1783
1749265003,0.16210000,680.00000000,0.1783
1749265003,0.16200000,13762.00000000,0.1783
1749265003,0.16120000,756.00000000,0.1783
1749265003,0.16110000,32.00000000,0.1783
1749265003,0.16100000,1081.00000000,0.1783
1749265003,0.16070000,35.00000000,0.1783
1749265003,0.16060000,89.00000000,0.1783
1749265003,0.16050000,335.00000000,0.1783
1749265305,0.17810000,3420.00000000,0.1781
1749265305,0.17800000,83234.00000000,0.1781
1749265305,0.17790000,84132.00000000,0.1781
1749265305,0.17780000,52340.00000000,0.1781
1749265305,0.17770000,61399.00000000,0.1781
1749265305,0.17760000,62927.00000000,0.1781
1749265305,0.17750000,44852.00000000,0.1781
1749265305,0.17740000,19247.00000000,0.1781
1749265305,0.17730000,34665.00000000,0.1781
1749265305,0.17720000,50700.00000000,0.1781
1749265305,0.17710000,64884.00000000,0.1781
1749265305,0.17700000,6966.00000000,0.1781
1749265305,0.17690000,16812.00000000,0.1781
1749265305,0.17680000,1339.00000000,0.1781
1749265305,0.17670000,60662.00000000,0.1781
1749265305,0.17660000,15347.00000000,0.1781
1749265305,0.17650000,4612.00000000,0.1781
1749265305,0.17640000,6570.00000000,0.1781
1749265305,0.17630000,11537.00000000,0.1781
1749265305,0.17620000,3066.00000000,0.1781
1749265305,0.17610000,50371.00000000,0.1781
1749265305,0.17600000,1753.00000000,0.1781
1749265305,0.17590000,4365.00000000,0.1781
1749265305,0.17580000,1753.00000000,0.1781
1749265305,0.17570000,4569.00000000,0.1781
1749265305,0.17560000,34612.00000000,0.1781
1749265305,0.17550000,4569.00000000,0.1781
1749265305,0.17540000,43.00000000,0.1781
1749265305,0.17530000,114959.00000000,0.1781
1749265305,0.17520000,5773.00000000,0.1781
1749265305,0.17510000,2859.00000000,0.1781
1749265305,0.17500000,72.00000000,0.1781
1749265305,0.17490000,2859.00000000,0.1781
1749265305,0.17480000,43.00000000,0.1781
1749265305,0.17470000,2859.00000000,0.1781
1749265305,0.17460000,4991.00000000,0.1781
1749265305,0.17450000,2859.00000000,0.1781
1749265305,0.17430000,2816.00000000,0.1781
1749265305,0.17410000,5663.00000000,0.1781
1749265305,0.17400000,723.00000000,0.1781
1749265305,0.17390000,2816.00000000,0.1781
1749265305,0.17370000,2816.00000000,0.1781
1749265305,0.17350000,2150.00000000,0.1781
1749265305,0.17340000,14467.00000000,0.1781
1749265305,0.17320000,136.00000000,0.1781
1749265305,0.17310000,2816.00000000,0.1781
1749265305,0.17300000,341.00000000,0.1781
1749265305,0.17280000,2897.00000000,0.1781
1749265305,0.17250000,4085.00000000,0.1781
1749265305,0.17230000,1000.00000000,0.1781
1749265305,0.17220000,2816.00000000,0.1781
1749265305,0.17210000,11127.00000000,0.1781
1749265305,0.17200000,14384.00000000,0.1781
1749265305,0.17150000,65.00000000,0.1781
1749265305,0.17110000,81.00000000,0.1781
1749265305,0.17080000,5793.00000000,0.1781
1749265305,0.17030000,141.00000000,0.1781
1749265305,0.17020000,136.00000000,0.1781
1749265305,0.17010000,90.00000000,0.1781
1749265305,0.17000000,4368.00000000,0.1781
1749265305,0.16990000,41.00000000,0.1781
1749265305,0.16960000,5000.00000000,0.1781
1749265305,0.16950000,222.00000000,0.1781
1749265305,0.16930000,81.00000000,0.1781
1749265305,0.16900000,803.00000000,0.1781
1749265305,0.16890000,199.00000000,0.1781
1749265305,0.16840000,89.00000000,0.1781
1749265305,0.16810000,103.00000000,0.1781
1749265305,0.16800000,36.00000000,0.1781
1749265305,0.16760000,81.00000000,0.1781
1749265305,0.16750000,30.00000000,0.1781
1749265305,0.16720000,136.00000000,0.1781
1749265305,0.16680000,599.00000000,0.1781
1749265305,0.16620000,43.00000000,0.1781
1749265305,0.16610000,50.00000000,0.1781
1749265305,0.16600000,2089.00000000,0.1781
1749265305,0.16590000,81.00000000,0.1781
1749265305,0.16540000,322.00000000,0.1781
1749265305,0.16520000,121.00000000,0.1781
1749265305,0.16500000,27555.00000000,0.1781
1749265305,0.16490000,32.00000000,0.1781
1749265305,0.16430000,307.00000000,0.1781
1749265305,0.16420000,136.00000000,0.1781
1749265305,0.16400000,1927.00000000,0.1781
1749265305,0.16370000,2868.00000000,0.1781
1749265305,0.16330000,157.00000000,0.1781
1749265305,0.16300000,3281.00000000,0.1781
1749265305,0.16260000,81.00000000,0.1781
1749265305,0.16240000,43.00000000,0.1781
1749265305,0.16210000,680.00000000,0.1781
1749265305,0.16200000,13762.00000000,0.1781
1749265305,0.16120000,756.00000000,0.1781
1749265305,0.16110000,32.00000000,0.1781
1749265305,0.16100000,1081.00000000,0.1781
1749265305,0.16070000,35.00000000,0.1781
1749265305,0.16060000,89.00000000,0.1781
1749265305,0.16050000,471.00000000,0.1781
1749265305,0.16040000,35.00000000,0.1781
1749265305,0.16030000,32.00000000,0.1781
1749265305,0.16010000,6280.00000000,0.1781
1749265606,0.17860000,3420.00000000,0.1786
1749265606,0.17850000,27208.00000000,0.1786
1749265606,0.17840000,48033.00000000,0.1786
1749265606,0.17830000,86797.00000000,0.1786
1749265606,0.17820000,68919.00000000,0.1786
1749265606,0.17810000,39505.00000000,0.1786
1749265606,0.17800000,48670.00000000,0.1786
1749265606,0.17790000,7844.00000000,0.1786
1749265606,0.17780000,16141.00000000,0.1786
1749265606,0.17770000,55777.00000000,0.1786
1749265606,0.17760000,5810.00000000,0.1786
1749265606,0.17750000,41776.00000000,0.1786
1749265606,0.17740000,51702.00000000,0.1786
1749265606,0.17730000,4612.00000000,0.1786
1749265606,0.17720000,1738.00000000,0.1786
1749265606,0.17710000,62619.00000000,0.1786
1749265606,0.17700000,2078.00000000,0.1786
1749265606,0.17690000,60632.00000000,0.1786
1749265606,0.17680000,8347.00000000,0.1786
1749265606,0.17670000,62039.00000000,0.1786
1749265606,0.17660000,60913.00000000,0.1786
1749265606,0.17650000,5298.00000000,0.1786
1749265606,0.17640000,6570.00000000,0.1786
1749265606,0.17630000,11537.00000000,0.1786
1749265606,0.17620000,6286.00000000,0.1786
1749265606,0.17610000,4762.00000000,0.1786
1749265606,0.17600000,6581.00000000,0.1786
1749265606,0.17590000,4365.00000000,0.1786
1749265606,0.17580000,43.00000000,0.1786
1749265606,0.17570000,2859.00000000,0.1786
1749265606,0.17560000,28063.00000000,0.1786
1749265606,0.17550000,2859.00000000,0.1786
1749265606,0.17540000,43.00000000,0.1786
1749265606,0.17530000,2859.00000000,0.1786
1749265606,0.17520000,1051.00000000,0.1786
1749265606,0.17510000,7712.00000000,0.1786
1749265606,0.17500000,72.00000000,0.1786
1749265606,0.17490000,2859.00000000,0.1786
1749265606,0.17480000,43.00000000,0.1786
1749265606,0.17470000,2859.00000000,0.1786
1749265606,0.17460000,2999.00000000,0.1786
1749265606,0.17450000,2816.00000000,0.1786
1749265606,0.17430000,2816.00000000,0.1786
1749265606,0.17410000,2816.00000000,0.1786
1749265606,0.17400000,723.00000000,0.1786
1749265606,0.17390000,2816.00000000,0.1786
1749265606,0.17370000,2816.00000000,0.1786
1749265606,0.17350000,2150.00000000,0.1786
1749265606,0.17340000,14467.00000000,0.1786
1749265606,0.17320000,136.00000000,0.1786
1749265606,0.17310000,2816.00000000,0.1786
1749265606,0.17300000,341.00000000,0.1786
1749265606,0.17280000,2897.00000000,0.1786
1749265606,0.17250000,4085.00000000,0.1786
1749265606,0.17230000,1000.00000000,0.1786
1749265606,0.17220000,2816.00000000,0.1786
1749265606,0.17210000,11127.00000000,0.1786
1749265606,0.17200000,14384.00000000,0.1786
1749265606,0.17150000,65.00000000,0.1786
1749265606,0.17110000,81.00000000,0.1786
1749265606,0.17080000,5793.00000000,0.1786
1749265606,0.17030000,141.00000000,0.1786
1749265606,0.17020000,136.00000000,0.1786
1749265606,0.17010000,90.00000000,0.1786
1749265606,0.17000000,4368.00000000,0.1786
1749265606,0.16990000,41.00000000,0.1786
1749265606,0.16960000,5000.00000000,0.1786
1749265606,0.16950000,222.00000000,0.1786
1749265606,0.16930000,81.00000000,0.1786
1749265606,0.16900000,803.00000000,0.1786
1749265606,0.16890000,199.00000000,0.1786
1749265606,0.16840000,89.00000000,0.1786
1749265606,0.16810000,103.00000000,0.1786
1749265606,0.16800000,36.00000000,0.1786
1749265606,0.16760000,81.00000000,0.1786
1749265606,0.16750000,30.00000000,0.1786
1749265606,0.16720000,136.00000000,0.1786
1749265606,0.16680000,599.00000000,0.1786
1749265606,0.16620000,43.00000000,0.1786
1749265606,0.16610000,50.00000000,0.1786
1749265606,0.16600000,2089.00000000,0.1786
1749265606,0.16590000,81.00000000,0.1786
1749265606,0.16540000,322.00000000,0.1786
1749265606,0.16520000,121.00000000,0.1786
1749265606,0.16500000,27555.00000000,0.1786
1749265606,0.16490000,32.00000000,0.1786
1749265606,0.16430000,307.00000000,0.1786
1749265606,0.16420000,136.00000000,0.1786
1749265606,0.16400000,1927.00000000,0.1786
1749265606,0.16370000,2868.00000000,0.1786
1749265606,0.16330000,157.00000000,0.1786
1749265606,0.16300000,3281.00000000,0.1786
1749265606,0.16260000,81.00000000,0.1786
1749265606,0.16240000,43.00000000,0.1786
1749265606,0.16210000,680.00000000,0.1786
1749265606,0.16200000,13762.00000000,0.1786
1749265606,0.16120000,756.00000000,0.1786
1749265606,0.16110000,32.00000000,0.1786
1749265606,0.16100000,1081.00000000,0.1786
1749265606,0.16070000,171.00000000,0.1786
1749265908,0.17860000,5558.00000000,0.1786
1749265908,0.17850000,60113.00000000,0.1786
1749265908,0.17840000,61061.00000000,0.1786
1749265908,0.17830000,61011.00000000,0.1786
1749265908,0.17820000,35758.00000000,0.1786
1749265908,0.17810000,18648.00000000,0.1786
1749265908,0.17800000,6313.00000000,0.1786
1749265908,0.17790000,65473.00000000,0.1786
1749265908,0.17780000,30813.00000000,0.1786
1749265908,0.17770000,21976.00000000,0.1786
1749265908,0.17760000,51946.00000000,0.1786
1749265908,0.17750000,7130.00000000,0.1786
1749265908,0.17740000,59974.00000000,0.1786
1749265908,0.17730000,4612.00000000,0.1786
1749265908,0.17720000,9944.00000000,0.1786
1749265908,0.17710000,4612.00000000,0.1786
1749265908,0.17700000,58128.00000000,0.1786
1749265908,0.17690000,4612.00000000,0.1786
1749265908,0.17680000,619.00000000,0.1786
1749265908,0.17670000,7379.00000000,0.1786
1749265908,0.17660000,61641.00000000,0.1786
1749265908,0.17650000,4569.00000000,0.1786
1749265908,0.17640000,6570.00000000,0.1786
1749265908,0.17630000,10131.00000000,0.1786
1749265908,0.17620000,6286.00000000,0.1786
1749265908,0.17610000,4762.00000000,0.1786
1749265908,0.17600000,6581.00000000,0.1786
1749265908,0.17590000,4569.00000000,0.1786
1749265908,0.17580000,43.00000000,0.1786
1749265908,0.17570000,116609.00000000,0.1786
1749265908,0.17560000,28063.00000000,0.1786
1749265908,0.17550000,2859.00000000,0.1786
1749265908,0.17540000,43.00000000,0.1786
1749265908,0.17530000,2859.00000000,0.1786
1749265908,0.17520000,1051.00000000,0.1786
1749265908,0.17510000,7712.00000000,0.1786
1749265908,0.17500000,72.00000000,0.1786
1749265908,0.17490000,2859.00000000,0.1786
1749265908,0.17480000,43.00000000,0.1786
1749265908,0.17470000,5701.00000000,0.1786
1749265908,0.17460000,81.00000000,0.1786
1749265908,0.17450000,2816.00000000,0.1786
1749265908,0.17430000,2816.00000000,0.1786
1749265908,0.17410000,2816.00000000,0.1786
1749265908,0.17400000,723.00000000,0.1786
1749265908,0.17390000,2816.00000000,0.1786
1749265908,0.17370000,2816.00000000,0.1786
1749265908,0.17350000,2150.00000000,0.1786
1749265908,0.17340000,14467.00000000,0.1786
1749265908,0.17320000,136.00000000,0.1786
1749265908,0.17310000,2816.00000000,0.1786
1749265908,0.17300000,341.00000000,0.1786
1749265908,0.17280000,2897.00000000,0.1786
1749265908,0.17250000,4085.00000000,0.1786
1749265908,0.17230000,1000.00000000,0.1786
1749265908,0.17210000,11127.00000000,0.1786
1749265908,0.17200000,14384.00000000,0.1786
1749265908,0.17150000,65.00000000,0.1786
1749265908,0.17110000,81.00000000,0.1786
1749265908,0.17080000,5840.00000000,0.1786
1749265908,0.17030000,141.00000000,0.1786
1749265908,0.17020000,136.00000000,0.1786
1749265908,0.17010000,43.00000000,0.1786
1749265908,0.17000000,4368.00000000,0.1786
1749265908,0.16990000,41.00000000,0.1786
1749265908,0.16960000,5000.00000000,0.1786
1749265908,0.16950000,222.00000000,0.1786
1749265908,0.16930000,81.00000000,0.1786
1749265908,0.16900000,803.00000000,0.1786
1749265908,0.16890000,199.00000000,0.1786
1749265908,0.16840000,89.00000000,0.1786
1749265908,0.16810000,103.00000000,0.1786
1749265908,0.16800000,36.00000000,0.1786
1749265908,0.16760000,81.00000000,0.1786
1749265908,0.16750000,30.00000000,0.1786
1749265908,0.16720000,136.00000000,0.1786
1749265908,0.16680000,599.00000000,0.1786
1749265908,0.16620000,43.00000000,0.1786
1749265908,0.16610000,50.00000000,0.1786
1749265908,0.16600000,2089.00000000,0.1786
1749265908,0.16590000,81.00000000,0.1786
1749265908,0.16540000,322.00000000,0.1786
1749265908,0.16520000,121.00000000,0.1786
1749265908,0.16500000,27555.00000000,0.1786
1749265908,0.16490000,32.00000000,0.1786
1749265908,0.16430000,307.00000000,0.1786
1749265908,0.16420000,136.00000000,0.1786
1749265908,0.16400000,1927.00000000,0.1786
1749265908,0.16370000,2868.00000000,0.1786
1749265908,0.16330000,157.00000000,0.1786
1749265908,0.16300000,3281.00000000,0.1786
1749265908,0.16260000,81.00000000,0.1786
1749265908,0.16240000,43.00000000,0.1786
1749265908,0.16210000,680.00000000,0.1786
1749265908,0.16200000,13762.00000000,0.1786
1749265908,0.16120000,756.00000000,0.1786
1749265908,0.16110000,32.00000000,0.1786
1749265908,0.16100000,1081.00000000,0.1786
1749265908,0.16070000,171.00000000,0.1786
1749265908,0.16060000,225.00000000,0.1786
1749266210,0.17900000,1710.00000000,0.1791
1749266210,0.17890000,21611.00000000,0.1791
1749266210,0.17880000,29643.00000000,0.1791
1749266210,0.17870000,58400.00000000,0.1791
1749266210,0.17860000,52007.00000000,0.1791
1749266210,0.17850000,48341.00000000,0.1791
1749266210,0.17840000,34623.00000000,0.1791
1749266210,0.17830000,11582.00000000,0.1791
1749266210,0.17820000,18122.00000000,0.1791
1749266210,0.17810000,31369.00000000,0.1791
1749266210,0.17800000,31651.00000000,0.1791
1749266210,0.17790000,40985.00000000,0.1791
1749266210,0.17780000,60632.00000000,0.1791
1749266210,0.17770000,7722.00000000,0.1791
1749266210,0.17760000,5433.00000000,0.1791
1749266210,0.17750000,55793.00000000,0.1791
1749266210,0.17740000,59974.00000000,0.1791
1749266210,0.17730000,4612.00000000,0.1791
1749266210,0.17720000,3141.00000000,0.1791
1749266210,0.17710000,4762.00000000,0.1791
1749266210,0.17700000,15847.00000000,0.1791
1749266210,0.17690000,10100.00000000,0.1791
1749266210,0.17680000,6267.00000000,0.1791
1749266210,0.17670000,4569.00000000,0.1791
1749266210,0.17660000,47362.00000000,0.1791
1749266210,0.17650000,9384.00000000,0.1791
1749266210,0.17640000,1753.00000000,0.1791
1749266210,0.17630000,4650.00000000,0.1791
1749266210,0.17620000,6286.00000000,0.1791
1749266210,0.17610000,114948.00000000,0.1791
1749266210,0.17600000,43.00000000,0.1791
1749266210,0.17590000,2859.00000000,0.1791
1749266210,0.17580000,43.00000000,0.1791
1749266210,0.17570000,2859.00000000,0.1791
1749266210,0.17560000,28063.00000000,0.1791
1749266210,0.17550000,7701.00000000,0.1791
1749266210,0.17540000,43.00000000,0.1791
1749266210,0.17530000,2859.00000000,0.1791
1749266210,0.17520000,1051.00000000,0.1791
1749266210,0.17510000,5696.00000000,0.1791
1749266210,0.17500000,72.00000000,0.1791
1749266210,0.17490000,2816.00000000,0.1791
1749266210,0.17470000,2816.00000000,0.1791
1749266210,0.17460000,81.00000000,0.1791
1749266210,0.17450000,2816.00000000,0.1791
1749266210,0.17430000,2816.00000000,0.1791
1749266210,0.17410000,2816.00000000,0.1791
1749266210,0.17400000,723.00000000,0.1791
1749266210,0.17390000,2816.00000000,0.1791
1749266210,0.17370000,2816.00000000,0.1791
1749266210,0.17350000,2150.00000000,0.1791
1749266210,0.17340000,14467.00000000,0.1791
1749266210,0.17320000,136.00000000,0.1791
1749266210,0.17310000,2816.00000000,0.1791
1749266210,0.17300000,341.00000000,0.1791
1749266210,0.17280000,2897.00000000,0.1791
1749266210,0.17250000,1269.00000000,0.1791
1749266210,0.17230000,1000.00000000,0.1791
1749266210,0.17210000,11127.00000000,0.1791
1749266210,0.17200000,14384.00000000,0.1791
1749266210,0.17150000,65.00000000,0.1791
1749266210,0.17110000,81.00000000,0.1791
1749266210,0.17080000,5840.00000000,0.1791
1749266210,0.17060000,5000.00000000,0.1791
1749266210,0.17030000,141.00000000,0.1791
1749266210,0.17020000,136.00000000,0.1791
1749266210,0.17010000,43.00000000,0.1791
1749266210,0.17000000,4368.00000000,0.1791
1749266210,0.16990000,41.00000000,0.1791
1749266210,0.16950000,222.00000000,0.1791
1749266210,0.16930000,81.00000000,0.1791
1749266210,0.16900000,803.00000000,0.1791
1749266210,0.16890000,199.00000000,0.1791
1749266210,0.16840000,89.00000000,0.1791
1749266210,0.16810000,103.00000000,0.1791
1749266210,0.16800000,36.00000000,0.1791
1749266210,0.16760000,81.00000000,0.1791
1749266210,0.16750000,30.00000000,0.1791
1749266210,0.16720000,136.00000000,0.1791
1749266210,0.16680000,599.00000000,0.1791
1749266210,0.16620000,43.00000000,0.1791
1749266210,0.16610000,50.00000000,0.1791
1749266210,0.16600000,2089.00000000,0.1791
1749266210,0.16590000,81.00000000,0.1791
1749266210,0.16540000,322.00000000,0.1791
1749266210,0.16520000,121.00000000,0.1791
1749266210,0.16500000,27555.00000000,0.1791
1749266210,0.16490000,32.00000000,0.1791
1749266210,0.16430000,307.00000000,0.1791
1749266210,0.16420000,136.00000000,0.1791
1749266210,0.16400000,1927.00000000,0.1791
1749266210,0.16370000,2868.00000000,0.1791
1749266210,0.16330000,157.00000000,0.1791
1749266210,0.16300000,3281.00000000,0.1791
1749266210,0.16260000,81.00000000,0.1791
1749266210,0.16240000,43.00000000,0.1791
1749266210,0.16210000,680.00000000,0.1791
1749266210,0.16200000,13762.00000000,0.1791
1749266210,0.16120000,756.00000000,0.1791
1749266210,0.16110000,32.00000000,0.1791
1749266511,0.17840000,5166.00000000,0.1787
1749266511,0.17830000,61328.00000000,0.1787
1749266511,0.17820000,62032.00000000,0.1787
1749266511,0.17810000,73003.00000000,0.1787
1749266511,0.17800000,51808.00000000,0.1787
1749266511,0.17790000,48605.00000000,0.1787
1749266511,0.17780000,69732.00000000,0.1787
1749266511,0.17770000,79439.00000000,0.1787
1749266511,0.17760000,15621.00000000,0.1787
1749266511,0.17750000,6874.00000000,0.1787
1749266511,0.17740000,6845.00000000,0.1787
1749266511,0.17730000,12058.00000000,0.1787
1749266511,0.17720000,57693.00000000,0.1787
1749266511,0.17710000,57370.00000000,0.1787
1749266511,0.17700000,17248.00000000,0.1787
1749266511,0.17690000,4794.00000000,0.1787
1749266511,0.17680000,6042.00000000,0.1787
1749266511,0.17670000,5976.00000000,0.1787
1749266511,0.17660000,1753.00000000,0.1787
1749266511,0.17650000,9384.00000000,0.1787
1749266511,0.17640000,1753.00000000,0.1787
1749266511,0.17630000,4650.00000000,0.1787
1749266511,0.17620000,6286.00000000,0.1787
1749266511,0.17610000,9574.00000000,0.1787
1749266511,0.17600000,43.00000000,0.1787
1749266511,0.17590000,116479.00000000,0.1787
1749266511,0.17580000,43.00000000,0.1787
1749266511,0.17570000,4569.00000000,0.1787
1749266511,0.17560000,28063.00000000,0.1787
1749266511,0.17550000,7701.00000000,0.1787
1749266511,0.17540000,43.00000000,0.1787
1749266511,0.17530000,2859.00000000,0.1787
1749266511,0.17520000,1051.00000000,0.1787
1749266511,0.17510000,2859.00000000,0.1787
1749266511,0.17500000,72.00000000,0.1787
1749266511,0.17490000,14467.00000000,0.1787
1749266511,0.17470000,2816.00000000,0.1787
1749266511,0.17460000,81.00000000,0.1787
1749266511,0.17450000,2816.00000000,0.1787
1749266511,0.17430000,5633.00000000,0.1787
1749266511,0.17410000,2816.00000000,0.1787
1749266511,0.17400000,723.00000000,0.1787
1749266511,0.17390000,2816.00000000,0.1787
1749266511,0.17370000,2816.00000000,0.1787
1749266511,0.17350000,2150.00000000,0.1787
1749266511,0.17340000,2816.00000000,0.1787
1749266511,0.17320000,136.00000000,0.1787
1749266511,0.17310000,2816.00000000,0.1787
1749266511,0.17300000,341.00000000,0.1787
1749266511,0.17280000,2897.00000000,0.1787
1749266511,0.17250000,1269.00000000,0.1787
1749266511,0.17230000,1000.00000000,0.1787
1749266511,0.17210000,11127.00000000,0.1787
1749266511,0.17200000,14384.00000000,0.1787
1749266511,0.17150000,65.00000000,0.1787
1749266511,0.17110000,81.00000000,0.1787
1749266511,0.17080000,5793.00000000,0.1787
1749266511,0.17060000,47.00000000,0.1787
1749266511,0.17030000,141.00000000,0.1787
1749266511,0.17020000,136.00000000,0.1787
1749266511,0.17010000,43.00000000,0.1787
1749266511,0.17000000,4368.00000000,0.1787
1749266511,0.16990000,41.00000000,0.1787
1749266511,0.16950000,222.00000000,0.1787
1749266511,0.16930000,81.00000000,0.1787
1749266511,0.16900000,803.00000000,0.1787
1749266511,0.16890000,199.00000000,0.1787
1749266511,0.16880000,5000.00000000,0.1787
1749266511,0.16840000,89.00000000,0.1787
1749266511,0.16810000,103.00000000,0.1787
1749266511,0.16800000,36.00000000,0.1787
1749266511,0.16760000,81.00000000,0.1787
1749266511,0.16750000,30.00000000,0.1787
1749266511,0.16720000,136.00000000,0.1787
1749266511,0.16680000,599.00000000,0.1787
1749266511,0.16620000,43.00000000,0.1787
1749266511,0.16610000,50.00000000,0.1787
1749266511,0.16600000,2089.00000000,0.1787
1749266511,0.16590000,81.00000000,0.1787
1749266511,0.16540000,322.00000000,0.1787
1749266511,0.16520000,121.00000000,0.1787
1749266511,0.16500000,27555.00000000,0.1787
1749266511,0.16490000,32.00000000,0.1787
1749266511,0.16430000,307.00000000,0.1787
1749266511,0.16420000,136.00000000,0.1787
1749266511,0.16400000,1927.00000000,0.1787
1749266511,0.16370000,2868.00000000,0.1787
1749266511,0.16330000,157.00000000,0.1787
1749266511,0.16300000,3281.00000000,0.1787
1749266511,0.16260000,81.00000000,0.1787
1749266511,0.16240000,43.00000000,0.1787
1749266511,0.16210000,680.00000000,0.1787
1749266511,0.16200000,13762.00000000,0.1787
1749266511,0.16120000,756.00000000,0.1787
1749266511,0.16110000,32.00000000,0.1787
1749266511,0.16100000,1081.00000000,0.1787
1749266511,0.16080000,136.00000000,0.1787
1749266511,0.16070000,171.00000000,0.1787
1749266511,0.16060000,89.00000000,0.1787
1749266511,0.16050000,199.00000000,0.1787
1749266813,0.17890000,2044.00000000,0.1789
1749266813,0.17880000,30306.00000000,0.1789
1749266813,0.17870000,58963.00000000,0.1789
1749266813,0.17860000,53924.00000000,0.1789
1749266813,0.17850000,51412.00000000,0.1789
1749266813,0.17840000,20431.00000000,0.1789
1749266813,0.17830000,19327.00000000,0.1789
1749266813,0.17820000,5365.00000000,0.1789
1749266813,0.17810000,31779.00000000,0.1789
1749266813,0.17800000,38712.00000000,0.1789
1749266813,0.17790000,40685.00000000,0.1789
1749266813,0.17780000,63183.00000000,0.1789
1749266813,0.17770000,65760.00000000,0.1789
1749266813,0.17760000,4409.00000000,0.1789
1749266813,0.17750000,55004.00000000,0.1789
1749266813,0.17740000,1967.00000000,0.1789
1749266813,0.17730000,4612.00000000,0.1789
1749266813,0.17720000,3141.00000000,0.1789
1749266813,0.17710000,50371.00000000,0.1789
1749266813,0.17700000,22049.00000000,0.1789
1749266813,0.17690000,4569.00000000,0.1789
1749266813,0.17680000,6042.00000000,0.1789
1749266813,0.17670000,4569.00000000,0.1789
1749266813,0.17660000,1753.00000000,0.1789
1749266813,0.17650000,9384.00000000,0.1789
1749266813,0.17640000,1753.00000000,0.1789
1749266813,0.17630000,4650.00000000,0.1789
1749266813,0.17620000,6286.00000000,0.1789
1749266813,0.17610000,116728.00000000,0.1789
1749266813,0.17600000,43.00000000,0.1789
1749266813,0.17590000,2859.00000000,0.1789
1749266813,0.17580000,43.00000000,0.1789
1749266813,0.17570000,2859.00000000,0.1789
1749266813,0.17560000,28063.00000000,0.1789
1749266813,0.17550000,7701.00000000,0.1789
1749266813,0.17540000,43.00000000,0.1789
1749266813,0.17530000,2859.00000000,0.1789
1749266813,0.17520000,1051.00000000,0.1789
1749266813,0.17510000,2859.00000000,0.1789
1749266813,0.17500000,72.00000000,0.1789
1749266813,0.17490000,17290.00000000,0.1789
1749266813,0.17470000,2816.00000000,0.1789
1749266813,0.17460000,81.00000000,0.1789
1749266813,0.17450000,2816.00000000,0.1789
1749266813,0.17430000,2816.00000000,0.1789
1749266813,0.17410000,2816.00000000,0.1789
1749266813,0.17400000,723.00000000,0.1789
1749266813,0.17390000,2816.00000000,0.1789
1749266813,0.17370000,2816.00000000,0.1789
1749266813,0.17350000,2150.00000000,0.1789
1749266813,0.17340000,2816.00000000,0.1789
1749266813,0.17320000,136.00000000,0.1789
1749266813,0.17310000,2816.00000000,0.1789
1749266813,0.17300000,341.00000000,0.1789
1749266813,0.17280000,2897.00000000,0.1789
1749266813,0.17250000,1269.00000000,0.1789
1749266813,0.17230000,1000.00000000,0.1789
1749266813,0.17210000,11127.00000000,0.1789
1749266813,0.17200000,14384.00000000,0.1789
1749266813,0.17150000,65.00000000,0.1789
1749266813,0.17110000,81.00000000,0.1789
1749266813,0.17080000,5840.00000000,0.1789
1749266813,0.17050000,5000.00000000,0.1789
1749266813,0.17030000,141.00000000,0.1789
1749266813,0.17020000,136.00000000,0.1789
1749266813,0.17010000,43.00000000,0.1789
1749266813,0.17000000,3768.00000000,0.1789
1749266813,0.16990000,41.00000000,0.1789
1749266813,0.16950000,222.00000000,0.1789
1749266813,0.16930000,81.00000000,0.1789
1749266813,0.16900000,803.00000000,0.1789
1749266813,0.16890000,199.00000000,0.1789
1749266813,0.16840000,89.00000000,0.1789
1749266813,0.16810000,103.00000000,0.1789
1749266813,0.16800000,36.00000000,0.1789
1749266813,0.16760000,81.00000000,0.1789
1749266813,0.16750000,30.00000000,0.1789
1749266813,0.16720000,136.00000000,0.1789
1749266813,0.16680000,599.00000000,0.1789
1749266813,0.16620000,43.00000000,0.1789
1749266813,0.16610000,50.00000000,0.1789
1749266813,0.16600000,2089.00000000,0.1789
1749266813,0.16590000,81.00000000,0.1789
1749266813,0.16540000,322.00000000,0.1789
1749266813,0.16520000,121.00000000,0.1789
1749266813,0.16500000,27555.00000000,0.1789
1749266813,0.16490000,32.00000000,0.1789
1749266813,0.16430000,307.00000000,0.1789
1749266813,0.16420000,136.00000000,0.1789
1749266813,0.16400000,1927.00000000,0.1789
1749266813,0.16370000,2868.00000000,0.1789
1749266813,0.16330000,157.00000000,0.1789
1749266813,0.16300000,3281.00000000,0.1789
1749266813,0.16260000,81.00000000,0.1789
1749266813,0.16240000,43.00000000,0.1789
1749266813,0.16210000,680.00000000,0.1789
1749266813,0.16200000,13762.00000000,0.1789
1749266813,0.16120000,756.00000000,0.1789
1749266813,0.16110000,32.00000000,0.1789
1749266813,0.16100000,1081.00000000,0.1789
1749267114,0.17860000,2694.00000000,0.1787
1749267114,0.17850000,67886.00000000,0.1787
1749267114,0.17840000,58424.00000000,0.1787
1749267114,0.17830000,50947.00000000,0.1787
1749267114,0.17820000,82215.00000000,0.1787
1749267114,0.17810000,56468.00000000,0.1787
1749267114,0.17800000,13709.00000000,0.1787
1749267114,0.17790000,32037.00000000,0.1787
1749267114,0.17780000,58954.00000000,0.1787
1749267114,0.17770000,69990.00000000,0.1787
1749267114,0.17760000,4053.00000000,0.1787
1749267114,0.17750000,11595.00000000,0.1787
1749267114,0.17740000,1967.00000000,0.1787
1749267114,0.17730000,4612.00000000,0.1787
1749267114,0.17720000,3141.00000000,0.1787
1749267114,0.17710000,50596.00000000,0.1787
1749267114,0.17700000,73173.00000000,0.1787
1749267114,0.17690000,4569.00000000,0.1787
1749267114,0.17680000,6042.00000000,0.1787
1749267114,0.17670000,5297.00000000,0.1787
1749267114,0.17660000,6565.00000000,0.1787
1749267114,0.17650000,9384.00000000,0.1787
1749267114,0.17640000,1753.00000000,0.1787
1749267114,0.17630000,4650.00000000,0.1787
1749267114,0.17620000,6286.00000000,0.1787
1749267114,0.17610000,116728.00000000,0.1787
1749267114,0.17600000,43.00000000,0.1787
1749267114,0.17590000,2859.00000000,0.1787
1749267114,0.17580000,43.00000000,0.1787
1749267114,0.17570000,2859.00000000,0.1787
1749267114,0.17560000,28063.00000000,0.1787
1749267114,0.17550000,7701.00000000,0.1787
1749267114,0.17540000,43.00000000,0.1787
1749267114,0.17530000,2859.00000000,0.1787
1749267114,0.17520000,1051.00000000,0.1787
1749267114,0.17510000,2859.00000000,0.1787
1749267114,0.17500000,72.00000000,0.1787
1749267114,0.17490000,14467.00000000,0.1787
1749267114,0.17470000,2816.00000000,0.1787
1749267114,0.17460000,81.00000000,0.1787
1749267114,0.17450000,5673.00000000,0.1787
1749267114,0.17430000,2816.00000000,0.1787
1749267114,0.17410000,2816.00000000,0.1787
1749267114,0.17400000,723.00000000,0.1787
1749267114,0.17390000,2816.00000000,0.1787
1749267114,0.17370000,2816.00000000,0.1787
1749267114,0.17350000,2150.00000000,0.1787
1749267114,0.17340000,2816.00000000,0.1787
1749267114,0.17320000,136.00000000,0.1787
1749267114,0.17310000,2816.00000000,0.1787
1749267114,0.17300000,341.00000000,0.1787
1749267114,0.17280000,2897.00000000,0.1787
1749267114,0.17250000,1269.00000000,0.1787
1749267114,0.17230000,1000.00000000,0.1787
1749267114,0.17210000,11127.00000000,0.1787
1749267114,0.17200000,14384.00000000,0.1787
1749267114,0.17150000,65.00000000,0.1787
1749267114,0.17110000,128.00000000,0.1787
1749267114,0.17080000,5793.00000000,0.1787
1749267114,0.17070000,5000.00000000,0.1787
1749267114,0.17030000,141.00000000,0.1787
1749267114,0.17020000,136.00000000,0.1787
1749267114,0.17010000,43.00000000,0.1787
1749267114,0.17000000,3768.00000000,0.1787
1749267114,0.16990000,41.00000000,0.1787
1749267114,0.16950000,222.00000000,0.1787
1749267114,0.16930000,81.00000000,0.1787
1749267114,0.16900000,803.00000000,0.1787
1749267114,0.16890000,199.00000000,0.1787
1749267114,0.16840000,89.00000000,0.1787
1749267114,0.16810000,103.00000000,0.1787
1749267114,0.16800000,36.00000000,0.1787
1749267114,0.16760000,81.00000000,0.1787
1749267114,0.16750000,30.00000000,0.1787
1749267114,0.16720000,136.00000000,0.1787
1749267114,0.16680000,599.00000000,0.1787
1749267114,0.16620000,43.00000000,0.1787
1749267114,0.16610000,50.00000000,0.1787
1749267114,0.16600000,2089.00000000,0.1787
1749267114,0.16590000,81.00000000,0.1787
1749267114,0.16540000,322.00000000,0.1787
1749267114,0.16520000,121.00000000,0.1787
1749267114,0.16500000,27555.00000000,0.1787
1749267114,0.16490000,32.00000000,0.1787
1749267114,0.16430000,307.00000000,0.1787
1749267114,0.16420000,136.00000000,0.1787
1749267114,0.16400000,1927.00000000,0.1787
1749267114,0.16370000,2868.00000000,0.1787
1749267114,0.16330000,157.00000000,0.1787
1749267114,0.16300000,3281.00000000,0.1787
1749267114,0.16260000,81.00000000,0.1787
1749267114,0.16240000,43.00000000,0.1787
1749267114,0.16210000,680.00000000,0.1787
1749267114,0.16200000,13762.00000000,0.1787
1749267114,0.16120000,756.00000000,0.1787
1749267114,0.16110000,32.00000000,0.1787
1749267114,0.16100000,1081.00000000,0.1787
1749267114,0.16090000,272.00000000,0.1787
1749267114,0.16070000,35.00000000,0.1787
1749267114,0.16060000,89.00000000,0.1787
1749267416,0.17880000,3755.00000000,0.1788
1749267416,0.17870000,37040.00000000,0.1788
1749267416,0.17860000,56136.00000000,0.1788
1749267416,0.17850000,52121.00000000,0.1788
1749267416,0.17840000,38063.00000000,0.1788
1749267416,0.17830000,49063.00000000,0.1788
1749267416,0.17820000,48622.00000000,0.1788
1749267416,0.17810000,43626.00000000,0.1788
1749267416,0.17800000,30370.00000000,0.1788
1749267416,0.17790000,19544.00000000,0.1788
1749267416,0.17780000,53787.00000000,0.1788
1749267416,0.17770000,69959.00000000,0.1788
1749267416,0.17760000,1796.00000000,0.1788
1749267416,0.17750000,4612.00000000,0.1788
1749267416,0.17740000,12489.00000000,0.1788
1749267416,0.17730000,4612.00000000,0.1788
1749267416,0.17720000,53476.00000000,0.1788
1749267416,0.17710000,57370.00000000,0.1788
1749267416,0.17700000,17248.00000000,0.1788
1749267416,0.17690000,4569.00000000,0.1788
1749267416,0.17680000,6042.00000000,0.1788
1749267416,0.17670000,4569.00000000,0.1788
1749267416,0.17660000,6565.00000000,0.1788
1749267416,0.17650000,4569.00000000,0.1788
1749267416,0.17640000,1753.00000000,0.1788
1749267416,0.17630000,4650.00000000,0.1788
1749267416,0.17620000,6286.00000000,0.1788
1749267416,0.17610000,9574.00000000,0.1788
1749267416,0.17600000,43.00000000,0.1788
1749267416,0.17590000,4569.00000000,0.1788
1749267416,0.17580000,111893.00000000,0.1788
1749267416,0.17570000,2859.00000000,0.1788
1749267416,0.17560000,28063.00000000,0.1788
1749267416,0.17550000,7701.00000000,0.1788
1749267416,0.17540000,43.00000000,0.1788
1749267416,0.17530000,2859.00000000,0.1788
1749267416,0.17520000,1051.00000000,0.1788
1749267416,0.17510000,2859.00000000,0.1788
1749267416,0.17500000,72.00000000,0.1788
1749267416,0.17490000,17385.00000000,0.1788
1749267416,0.17470000,2816.00000000,0.1788
1749267416,0.17460000,81.00000000,0.1788
1749267416,0.17450000,2816.00000000,0.1788
1749267416,0.17430000,2816.00000000,0.1788
1749267416,0.17410000,2816.00000000,0.1788
1749267416,0.17400000,723.00000000,0.1788
1749267416,0.17390000,2816.00000000,0.1788
1749267416,0.17370000,2816.00000000,0.1788
1749267416,0.17350000,2150.00000000,0.1788
1749267416,0.17340000,2816.00000000,0.1788
1749267416,0.17320000,136.00000000,0.1788
1749267416,0.17310000,2816.00000000,0.1788
1749267416,0.17300000,341.00000000,0.1788
1749267416,0.17280000,2897.00000000,0.1788
1749267416,0.17250000,1269.00000000,0.1788
1749267416,0.17230000,1000.00000000,0.1788
1749267416,0.17210000,11127.00000000,0.1788
1749267416,0.17200000,14384.00000000,0.1788
1749267416,0.17150000,65.00000000,0.1788
1749267416,0.17110000,81.00000000,0.1788
1749267416,0.17080000,5840.00000000,0.1788
1749267416,0.17030000,141.00000000,0.1788
1749267416,0.17020000,136.00000000,0.1788
1749267416,0.17010000,43.00000000,0.1788
1749267416,0.17000000,3768.00000000,0.1788
1749267416,0.16990000,41.00000000,0.1788
1749267416,0.16980000,5000.00000000,0.1788
1749267416,0.16950000,222.00000000,0.1788
1749267416,0.16930000,81.00000000,0.1788
1749267416,0.16900000,803.00000000,0.1788
1749267416,0.16890000,199.00000000,0.1788
1749267416,0.16840000,89.00000000,0.1788
1749267416,0.16810000,103.00000000,0.1788
1749267416,0.16800000,36.00000000,0.1788
1749267416,0.16760000,81.00000000,0.1788
1749267416,0.16750000,30.00000000,0.1788
1749267416,0.16720000,136.00000000,0.1788
1749267416,0.16680000,599.00000000,0.1788
1749267416,0.16620000,43.00000000,0.1788
1749267416,0.16610000,50.00000000,0.1788
1749267416,0.16600000,2089.00000000,0.1788
1749267416,0.16590000,81.00000000,0.1788
1749267416,0.16540000,322.00000000,0.1788
1749267416,0.16520000,121.00000000,0.1788
1749267416,0.16500000,27555.00000000,0.1788
1749267416,0.16490000,32.00000000,0.1788
1749267416,0.16430000,307.00000000,0.1788
1749267416,0.16420000,136.00000000,0.1788
1749267416,0.16400000,1927.00000000,0.1788
1749267416,0.16370000,2868.00000000,0.1788
1749267416,0.16330000,157.00000000,0.1788
1749267416,0.16300000,3281.00000000,0.1788
1749267416,0.16260000,81.00000000,0.1788
1749267416,0.16240000,43.00000000,0.1788
1749267416,0.16210000,680.00000000,0.1788
1749267416,0.16200000,13762.00000000,0.1788
1749267416,0.16120000,756.00000000,0.1788
1749267416,0.16110000,32.00000000,0.1788
1749267416,0.16100000,1081.00000000,0.1788
1749267416,0.16090000,136.00000000,0.1788
