timestamp,price,volume,current_price
1749254738,0.02062000,9752.00000000,0.02063
1749254738,0.02061000,254958.00000000,0.02063
1749254738,0.02060000,148059.00000000,0.02063
1749254738,0.02059000,287548.00000000,0.02063
1749254738,0.02058000,205774.00000000,0.02063
1749254738,0.02057000,255434.00000000,0.02063
1749254738,0.02056000,118032.00000000,0.02063
1749254738,0.02055000,96567.00000000,0.02063
1749254738,0.02054000,19271.00000000,0.02063
1749254738,0.02053000,29112.00000000,0.02063
1749254738,0.02052000,100088.00000000,0.02063
1749254738,0.02051000,57591.00000000,0.02063
1749254738,0.02050000,51497.00000000,0.02063
1749254738,0.02049000,142474.00000000,0.02063
1749254738,0.02048000,68445.00000000,0.02063
1749254738,0.02047000,27949.00000000,0.02063
1749254738,0.02046000,10974.00000000,0.02063
1749254738,0.02045000,9767.00000000,0.02063
1749254738,0.02044000,106878.00000000,0.02063
1749254738,0.02043000,1744.00000000,0.02063
1749254738,0.02042000,9234.00000000,0.02063
1749254738,0.02040000,8408.00000000,0.02063
1749254738,0.02039000,134250.00000000,0.02063
1749254738,0.02037000,34667.00000000,0.02063
1749254738,0.02036000,36161.00000000,0.02063
1749254738,0.02035000,81789.00000000,0.02063
1749254738,0.02033000,6328.00000000,0.02063
1749254738,0.02032000,8882.00000000,0.02063
1749254738,0.02031000,140467.00000000,0.02063
1749254738,0.02030000,8024.00000000,0.02063
1749254738,0.02029000,1193.00000000,0.02063
1749254738,0.02027000,21933.00000000,0.02063
1749254738,0.02026000,293.00000000,0.02063
1749254738,0.02025000,8024.00000000,0.02063
1749254738,0.02024000,824.00000000,0.02063
1749254738,0.02022000,285.00000000,0.02063
1749254738,0.02020000,8626.00000000,0.02063
1749254738,0.02019000,1195.00000000,0.02063
1749254738,0.02018000,362.00000000,0.02063
1749254738,0.02016000,8024.00000000,0.02063
1749254738,0.02014000,58324.00000000,0.02063
1749254738,0.02013000,34949.00000000,0.02063
1749254738,0.02012000,1089.00000000,0.02063
1749254738,0.02010000,34563.00000000,0.02063
1749254738,0.02009000,1704.00000000,0.02063
1749254738,0.02008000,30634.00000000,0.02063
1749254738,0.02007000,279.00000000,0.02063
1749254738,0.02005000,251.00000000,0.02063
1749254738,0.02001000,11409.00000000,0.02063
1749254738,0.02000000,298443.00000000,0.02063
1749254738,0.01996000,293.00000000,0.02063
1749254738,0.01991000,597.00000000,0.02063
1749254738,0.01990000,267312.00000000,0.02063
1749254738,0.01988000,824.00000000,0.02063
1749254738,0.01986000,6583.00000000,0.02063
1749254738,0.01985000,285.00000000,0.02063
1749254738,0.01984000,3507.00000000,0.02063
1749254738,0.01981000,1721.00000000,0.02063
1749254738,0.01980000,51055.00000000,0.02063
1749254738,0.01976000,824.00000000,0.02063
1749254738,0.01975000,11409.00000000,0.02063
1749254738,0.01973000,833.00000000,0.02063
1749254738,0.01970000,52091.00000000,0.02063
1749254738,0.01967000,293.00000000,0.02063
1749254738,0.01965000,62376.00000000,0.02063
1749254738,0.01964000,824.00000000,0.02063
1749254738,0.01962000,2548.00000000,0.02063
1749254738,0.01960000,91057.00000000,0.02063
1749254738,0.01956000,258.00000000,0.02063
1749254738,0.01955000,5116.00000000,0.02063
1749254738,0.01954000,1195.00000000,0.02063
1749254738,0.01951000,824.00000000,0.02063
1749254738,0.01950000,153141.00000000,0.02063
1749254738,0.01948000,285.00000000,0.02063
1749254738,0.01945000,362.00000000,0.02063
1749254738,0.01944000,500.00000000,0.02063
1749254738,0.01943000,1029.00000000,0.02063
1749254738,0.01940000,54194.00000000,0.02063
1749254738,0.01939000,824.00000000,0.02063
1749254738,0.01938000,293.00000000,0.02063
1749254738,0.01936000,32451.00000000,0.02063
1749254738,0.01933000,979.00000000,0.02063
1749254738,0.01930000,154471.00000000,0.02063
1749254738,0.01927000,824.00000000,0.02063
1749254738,0.01926000,291.00000000,0.02063
1749254738,0.01925000,572.00000000,0.02063
1749254738,0.01922000,1195.00000000,0.02063
1749254738,0.01921000,3513.00000000,0.02063
1749254738,0.01920000,52083.00000000,0.02063
1749254738,0.01915000,4140.00000000,0.02063
1749254738,0.01911000,285.00000000,0.02063
1749254738,0.01910000,153198.00000000,0.02063
1749254738,0.01909000,919.00000000,0.02063
1749254738,0.01903000,824.00000000,0.02063
1749254738,0.01901000,2631.00000000,0.02063
1749254738,0.01900000,133681.00000000,0.02063
1749254738,0.01895000,1117.00000000,0.02063
1749254738,0.01893000,317.00000000,0.02063
1749254738,0.01890000,282779.00000000,0.02063
1749254738,0.01886000,515.00000000,0.02063
1749255068,0.02061000,1729.00000000,0.02062
1749255068,0.02060000,79226.00000000,0.02062
1749255068,0.02059000,480157.00000000,0.02062
1749255068,0.02058000,221769.00000000,0.02062
1749255068,0.02057000,212966.00000000,0.02062
1749255068,0.02056000,40284.00000000,0.02062
1749255068,0.02055000,133309.00000000,0.02062
1749255068,0.02054000,126760.00000000,0.02062
1749255068,0.02053000,29112.00000000,0.02062
1749255068,0.02052000,119170.00000000,0.02062
1749255068,0.02051000,96174.00000000,0.02062
1749255068,0.02050000,77601.00000000,0.02062
1749255068,0.02049000,65710.00000000,0.02062
1749255068,0.02048000,68595.00000000,0.02062
1749255068,0.02047000,20765.00000000,0.02062
1749255068,0.02046000,10976.00000000,0.02062
1749255068,0.02045000,9767.00000000,0.02062
1749255068,0.02044000,106880.00000000,0.02062
1749255068,0.02043000,99639.00000000,0.02062
1749255068,0.02042000,10979.00000000,0.02062
1749255068,0.02040000,9618.00000000,0.02062
1749255068,0.02039000,133900.00000000,0.02062
1749255068,0.02038000,1212.00000000,0.02062
1749255068,0.02037000,34667.00000000,0.02062
1749255068,0.02036000,37373.00000000,0.02062
1749255068,0.02035000,81789.00000000,0.02062
1749255068,0.02032000,8882.00000000,0.02062
1749255068,0.02031000,140467.00000000,0.02062
1749255068,0.02030000,8024.00000000,0.02062
1749255068,0.02029000,1193.00000000,0.02062
1749255068,0.02028000,14368.00000000,0.02062
1749255068,0.02027000,21933.00000000,0.02062
1749255068,0.02026000,293.00000000,0.02062
1749255068,0.02025000,205554.00000000,0.02062
1749255068,0.02024000,824.00000000,0.02062
1749255068,0.02022000,285.00000000,0.02062
1749255068,0.02020000,8626.00000000,0.02062
1749255068,0.02019000,36064.00000000,0.02062
1749255068,0.02018000,362.00000000,0.02062
1749255068,0.02012000,1089.00000000,0.02062
1749255068,0.02010000,34563.00000000,0.02062
1749255068,0.02009000,1704.00000000,0.02062
1749255068,0.02008000,558.00000000,0.02062
1749255068,0.02007000,279.00000000,0.02062
1749255068,0.02005000,30372.00000000,0.02062
1749255068,0.02001000,17507.00000000,0.02062
1749255068,0.02000000,298443.00000000,0.02062
1749255068,0.01996000,293.00000000,0.02062
1749255068,0.01991000,597.00000000,0.02062
1749255068,0.01990000,239851.00000000,0.02062
1749255068,0.01988000,824.00000000,0.02062
1749255068,0.01986000,6583.00000000,0.02062
1749255068,0.01985000,285.00000000,0.02062
1749255068,0.01984000,3023.00000000,0.02062
1749255068,0.01982000,484.00000000,0.02062
1749255068,0.01981000,1721.00000000,0.02062
1749255068,0.01980000,51055.00000000,0.02062
1749255068,0.01976000,824.00000000,0.02062
1749255068,0.01975000,11409.00000000,0.02062
1749255068,0.01973000,833.00000000,0.02062
1749255068,0.01970000,52091.00000000,0.02062
1749255068,0.01967000,293.00000000,0.02062
1749255068,0.01965000,62376.00000000,0.02062
1749255068,0.01964000,824.00000000,0.02062
1749255068,0.01962000,2548.00000000,0.02062
1749255068,0.01960000,91057.00000000,0.02062
1749255068,0.01956000,258.00000000,0.02062
1749255068,0.01955000,5116.00000000,0.02062
1749255068,0.01954000,1195.00000000,0.02062
1749255068,0.01951000,4056.00000000,0.02062
1749255068,0.01950000,153141.00000000,0.02062
1749255068,0.01948000,285.00000000,0.02062
1749255068,0.01945000,362.00000000,0.02062
1749255068,0.01944000,500.00000000,0.02062
1749255068,0.01943000,1029.00000000,0.02062
1749255068,0.01940000,54194.00000000,0.02062
1749255068,0.01939000,824.00000000,0.02062
1749255068,0.01938000,293.00000000,0.02062
1749255068,0.01936000,32451.00000000,0.02062
1749255068,0.01933000,979.00000000,0.02062
1749255068,0.01930000,154471.00000000,0.02062
1749255068,0.01927000,824.00000000,0.02062
1749255068,0.01926000,291.00000000,0.02062
1749255068,0.01925000,572.00000000,0.02062
1749255068,0.01922000,1195.00000000,0.02062
1749255068,0.01921000,3513.00000000,0.02062
1749255068,0.01920000,52083.00000000,0.02062
1749255068,0.01915000,4140.00000000,0.02062
1749255068,0.01911000,285.00000000,0.02062
1749255068,0.01910000,153198.00000000,0.02062
1749255068,0.01909000,919.00000000,0.02062
1749255068,0.01903000,824.00000000,0.02062
1749255068,0.01901000,2631.00000000,0.02062
1749255068,0.01900000,133681.00000000,0.02062
1749255068,0.01895000,1117.00000000,0.02062
1749255068,0.01893000,317.00000000,0.02062
1749255068,0.01891000,3232.00000000,0.02062
1749255068,0.01890000,282779.00000000,0.02062
1749255068,0.01886000,515.00000000,0.02062
1749255068,0.01885000,630.00000000,0.02062
