timestamp,price,volume,current_price
1749258473,0.02076000,44156.00000000,0.02077
1749258473,0.02075000,16501.00000000,0.02077
1749258473,0.02074000,53627.00000000,0.02077
1749258473,0.02073000,259311.00000000,0.02077
1749258473,0.02072000,140310.00000000,0.02077
1749258473,0.02071000,395734.00000000,0.02077
1749258473,0.02070000,240134.00000000,0.02077
1749258473,0.02069000,114442.00000000,0.02077
1749258473,0.02068000,122164.00000000,0.02077
1749258473,0.02067000,74488.00000000,0.02077
1749258473,0.02066000,37647.00000000,0.02077
1749258473,0.02065000,73865.00000000,0.02077
1749258473,0.02064000,18894.00000000,0.02077
1749258473,0.02063000,17694.00000000,0.02077
1749258473,0.02062000,118705.00000000,0.02077
1749258473,0.02061000,78670.00000000,0.02077
1749258473,0.02060000,56396.00000000,0.02077
1749258473,0.02059000,114844.00000000,0.02077
1749258473,0.02058000,44883.00000000,0.02077
1749258473,0.02057000,40517.00000000,0.02077
1749258473,0.02056000,13726.00000000,0.02077
1749258473,0.02055000,100236.00000000,0.02077
1749258473,0.02054000,13089.00000000,0.02077
1749258473,0.02053000,24433.00000000,0.02077
1749258473,0.02052000,68755.00000000,0.02077
1749258473,0.02051000,10524.00000000,0.02077
1749258473,0.02050000,82911.00000000,0.02077
1749258473,0.02049000,8848.00000000,0.02077
1749258473,0.02048000,39626.00000000,0.02077
1749258473,0.02044000,8024.00000000,0.02077
1749258473,0.02043000,99591.00000000,0.02077
1749258473,0.02041000,8024.00000000,0.02077
1749258473,0.02040000,8408.00000000,0.02077
1749258473,0.02039000,196174.00000000,0.02077
1749258473,0.02038000,8024.00000000,0.02077
1749258473,0.02037000,9217.00000000,0.02077
1749258473,0.02036000,1516.00000000,0.02077
1749258473,0.02035000,81789.00000000,0.02077
1749258473,0.02032000,858.00000000,0.02077
1749258473,0.02029000,1193.00000000,0.02077
1749258473,0.02027000,21933.00000000,0.02077
1749258473,0.02026000,293.00000000,0.02077
1749258473,0.02024000,824.00000000,0.02077
1749258473,0.02022000,285.00000000,0.02077
1749258473,0.02020000,602.00000000,0.02077
1749258473,0.02019000,1195.00000000,0.02077
1749258473,0.02018000,362.00000000,0.02077
1749258473,0.02012000,1089.00000000,0.02077
1749258473,0.02010000,34563.00000000,0.02077
1749258473,0.02009000,1704.00000000,0.02077
1749258473,0.02008000,558.00000000,0.02077
1749258473,0.02007000,279.00000000,0.02077
1749258473,0.02005000,251.00000000,0.02077
1749258473,0.02001000,14636.00000000,0.02077
1749258473,0.02000000,298443.00000000,0.02077
1749258473,0.01996000,774.00000000,0.02077
1749258473,0.01991000,20793.00000000,0.02077
1749258473,0.01990000,239851.00000000,0.02077
1749258473,0.01988000,824.00000000,0.02077
1749258473,0.01986000,6583.00000000,0.02077
1749258473,0.01985000,285.00000000,0.02077
1749258473,0.01984000,3023.00000000,0.02077
1749258473,0.01981000,1721.00000000,0.02077
1749258473,0.01980000,51055.00000000,0.02077
1749258473,0.01976000,824.00000000,0.02077
1749258473,0.01975000,11409.00000000,0.02077
1749258473,0.01973000,833.00000000,0.02077
1749258473,0.01970000,52091.00000000,0.02077
1749258473,0.01967000,293.00000000,0.02077
1749258473,0.01965000,62376.00000000,0.02077
1749258473,0.01964000,824.00000000,0.02077
1749258473,0.01962000,2548.00000000,0.02077
1749258473,0.01960000,91057.00000000,0.02077
1749258473,0.01956000,258.00000000,0.02077
1749258473,0.01955000,5116.00000000,0.02077
1749258473,0.01954000,1195.00000000,0.02077
1749258473,0.01951000,824.00000000,0.02077
1749258473,0.01950000,150577.00000000,0.02077
1749258473,0.01948000,285.00000000,0.02077
1749258473,0.01945000,362.00000000,0.02077
1749258473,0.01944000,500.00000000,0.02077
1749258473,0.01943000,1029.00000000,0.02077
1749258473,0.01940000,54194.00000000,0.02077
1749258473,0.01939000,824.00000000,0.02077
1749258473,0.01938000,293.00000000,0.02077
1749258473,0.01936000,32451.00000000,0.02077
1749258473,0.01933000,979.00000000,0.02077
1749258473,0.01930000,154471.00000000,0.02077
1749258473,0.01927000,824.00000000,0.02077
1749258473,0.01926000,291.00000000,0.02077
1749258473,0.01925000,572.00000000,0.02077
1749258473,0.01922000,1195.00000000,0.02077
1749258473,0.01921000,3513.00000000,0.02077
1749258473,0.01920000,52083.00000000,0.02077
1749258473,0.01915000,824.00000000,0.02077
1749258473,0.01911000,285.00000000,0.02077
1749258473,0.01910000,153198.00000000,0.02077
1749258473,0.01909000,919.00000000,0.02077
1749258473,0.01903000,824.00000000,0.02077
1749258473,0.01901000,2631.00000000,0.02077
1749258835,0.02079000,8667.00000000,0.02079
1749258835,0.02078000,57021.00000000,0.02079
1749258835,0.02077000,156800.00000000,0.02079
1749258835,0.02076000,125996.00000000,0.02079
1749258835,0.02075000,224938.00000000,0.02079
1749258835,0.02074000,155136.00000000,0.02079
1749258835,0.02073000,160939.00000000,0.02079
1749258835,0.02072000,61729.00000000,0.02079
1749258835,0.02071000,39034.00000000,0.02079
1749258835,0.02070000,133928.00000000,0.02079
1749258835,0.02069000,294274.00000000,0.02079
1749258835,0.02068000,51442.00000000,0.02079
1749258835,0.02067000,28513.00000000,0.02079
1749258835,0.02066000,36440.00000000,0.02079
1749258835,0.02065000,43558.00000000,0.02079
1749258835,0.02064000,18891.00000000,0.02079
1749258835,0.02063000,67970.00000000,0.02079
1749258835,0.02062000,66648.00000000,0.02079
1749258835,0.02061000,78670.00000000,0.02079
1749258835,0.02060000,153480.00000000,0.02079
1749258835,0.02059000,17710.00000000,0.02079
1749258835,0.02058000,15983.00000000,0.02079
1749258835,0.02057000,32554.00000000,0.02079
1749258835,0.02056000,104407.00000000,0.02079
1749258835,0.02055000,19024.00000000,0.02079
1749258835,0.02054000,11886.00000000,0.02079
1749258835,0.02053000,50457.00000000,0.02079
1749258835,0.02052000,32924.00000000,0.02079
1749258835,0.02051000,10524.00000000,0.02079
1749258835,0.02050000,82911.00000000,0.02079
1749258835,0.02049000,8848.00000000,0.02079
1749258835,0.02048000,40830.00000000,0.02079
1749258835,0.02044000,1205.00000000,0.02079
1749258835,0.02042000,90520.00000000,0.02079
1749258835,0.02041000,204006.00000000,0.02079
1749258835,0.02040000,9613.00000000,0.02079
1749258835,0.02038000,8024.00000000,0.02079
1749258835,0.02037000,9217.00000000,0.02079
1749258835,0.02036000,1516.00000000,0.02079
1749258835,0.02035000,81789.00000000,0.02079
1749258835,0.02032000,858.00000000,0.02079
1749258835,0.02029000,1193.00000000,0.02079
1749258835,0.02028000,50300.00000000,0.02079
1749258835,0.02027000,13909.00000000,0.02079
1749258835,0.02026000,293.00000000,0.02079
1749258835,0.02024000,824.00000000,0.02079
1749258835,0.02022000,285.00000000,0.02079
1749258835,0.02020000,602.00000000,0.02079
1749258835,0.02019000,1195.00000000,0.02079
1749258835,0.02018000,362.00000000,0.02079
1749258835,0.02012000,1089.00000000,0.02079
1749258835,0.02010000,34563.00000000,0.02079
1749258835,0.02009000,1704.00000000,0.02079
1749258835,0.02008000,558.00000000,0.02079
1749258835,0.02007000,279.00000000,0.02079
1749258835,0.02005000,251.00000000,0.02079
1749258835,0.02001000,23444.00000000,0.02079
1749258835,0.02000000,298443.00000000,0.02079
1749258835,0.01996000,293.00000000,0.02079
1749258835,0.01994000,482.00000000,0.02079
1749258835,0.01991000,12829.00000000,0.02079
1749258835,0.01990000,239851.00000000,0.02079
1749258835,0.01988000,824.00000000,0.02079
1749258835,0.01986000,6583.00000000,0.02079
1749258835,0.01985000,285.00000000,0.02079
1749258835,0.01984000,3023.00000000,0.02079
1749258835,0.01981000,1721.00000000,0.02079
1749258835,0.01980000,51055.00000000,0.02079
1749258835,0.01976000,824.00000000,0.02079
1749258835,0.01975000,11409.00000000,0.02079
1749258835,0.01973000,833.00000000,0.02079
1749258835,0.01970000,52091.00000000,0.02079
1749258835,0.01967000,293.00000000,0.02079
1749258835,0.01965000,62376.00000000,0.02079
1749258835,0.01964000,824.00000000,0.02079
1749258835,0.01962000,2548.00000000,0.02079
1749258835,0.01960000,91057.00000000,0.02079
1749258835,0.01956000,258.00000000,0.02079
1749258835,0.01955000,5116.00000000,0.02079
1749258835,0.01954000,1195.00000000,0.02079
1749258835,0.01951000,824.00000000,0.02079
1749258835,0.01950000,150577.00000000,0.02079
1749258835,0.01948000,285.00000000,0.02079
1749258835,0.01945000,362.00000000,0.02079
1749258835,0.01944000,500.00000000,0.02079
1749258835,0.01943000,1029.00000000,0.02079
1749258835,0.01940000,54194.00000000,0.02079
1749258835,0.01939000,824.00000000,0.02079
1749258835,0.01938000,293.00000000,0.02079
1749258835,0.01936000,32451.00000000,0.02079
1749258835,0.01933000,979.00000000,0.02079
1749258835,0.01930000,154471.00000000,0.02079
1749258835,0.01927000,824.00000000,0.02079
1749258835,0.01926000,291.00000000,0.02079
1749258835,0.01925000,572.00000000,0.02079
1749258835,0.01922000,1195.00000000,0.02079
1749258835,0.01921000,3513.00000000,0.02079
1749258835,0.01920000,52083.00000000,0.02079
1749258835,0.01915000,824.00000000,0.02079
1749258835,0.01911000,285.00000000,0.02079
1749259141,0.02075000,23469.00000000,0.02076
1749259141,0.02074000,13024.00000000,0.02076
1749259141,0.02073000,35752.00000000,0.02076
1749259141,0.02072000,84876.00000000,0.02076
1749259141,0.02071000,139066.00000000,0.02076
1749259141,0.02070000,61917.00000000,0.02076
1749259141,0.02069000,67839.00000000,0.02076
1749259141,0.02068000,28307.00000000,0.02076
1749259141,0.02067000,238509.00000000,0.02076
1749259141,0.02066000,239729.00000000,0.02076
1749259141,0.02065000,76832.00000000,0.02076
1749259141,0.02064000,49196.00000000,0.02076
1749259141,0.02063000,17694.00000000,0.02076
1749259141,0.02062000,17695.00000000,0.02076
1749259141,0.02061000,78670.00000000,0.02076
1749259141,0.02060000,104242.00000000,0.02076
1749259141,0.02059000,93672.00000000,0.02076
1749259141,0.02058000,17715.00000000,0.02076
1749259141,0.02057000,134014.00000000,0.02076
1749259141,0.02056000,15461.00000000,0.02076
1749259141,0.02055000,9758.00000000,0.02076
1749259141,0.02054000,13621.00000000,0.02076
1749259141,0.02053000,35433.00000000,0.02076
1749259141,0.02052000,32924.00000000,0.02076
1749259141,0.02051000,100120.00000000,0.02076
1749259141,0.02050000,82911.00000000,0.02076
1749259141,0.02049000,8848.00000000,0.02076
1749259141,0.02048000,66917.00000000,0.02076
1749259141,0.02044000,1205.00000000,0.02076
1749259141,0.02042000,98544.00000000,0.02076
1749259141,0.02041000,8024.00000000,0.02076
1749259141,0.02040000,9613.00000000,0.02076
1749259141,0.02038000,8024.00000000,0.02076
1749259141,0.02037000,205584.00000000,0.02076
1749259141,0.02036000,2718.00000000,0.02076
1749259141,0.02035000,81789.00000000,0.02076
1749259141,0.02033000,8024.00000000,0.02076
1749259141,0.02032000,858.00000000,0.02076
1749259141,0.02029000,1193.00000000,0.02076
1749259141,0.02028000,8024.00000000,0.02076
1749259141,0.02027000,21933.00000000,0.02076
1749259141,0.02026000,293.00000000,0.02076
1749259141,0.02024000,824.00000000,0.02076
1749259141,0.02022000,285.00000000,0.02076
1749259141,0.02020000,602.00000000,0.02076
1749259141,0.02019000,1195.00000000,0.02076
1749259141,0.02018000,362.00000000,0.02076
1749259141,0.02016000,298.00000000,0.02076
1749259141,0.02012000,1089.00000000,0.02076
1749259141,0.02010000,34563.00000000,0.02076
1749259141,0.02009000,1704.00000000,0.02076
1749259141,0.02008000,558.00000000,0.02076
1749259141,0.02007000,279.00000000,0.02076
1749259141,0.02005000,251.00000000,0.02076
1749259141,0.02001000,20217.00000000,0.02076
1749259141,0.02000000,298443.00000000,0.02076
1749259141,0.01996000,293.00000000,0.02076
1749259141,0.01995000,481.00000000,0.02076
1749259141,0.01991000,16298.00000000,0.02076
1749259141,0.01990000,239851.00000000,0.02076
1749259141,0.01988000,824.00000000,0.02076
1749259141,0.01986000,6583.00000000,0.02076
1749259141,0.01985000,285.00000000,0.02076
1749259141,0.01984000,3023.00000000,0.02076
1749259141,0.01981000,1721.00000000,0.02076
1749259141,0.01980000,51055.00000000,0.02076
1749259141,0.01976000,824.00000000,0.02076
1749259141,0.01975000,11409.00000000,0.02076
1749259141,0.01973000,833.00000000,0.02076
1749259141,0.01970000,52091.00000000,0.02076
1749259141,0.01967000,293.00000000,0.02076
1749259141,0.01965000,62376.00000000,0.02076
1749259141,0.01964000,824.00000000,0.02076
1749259141,0.01962000,2548.00000000,0.02076
1749259141,0.01960000,91057.00000000,0.02076
1749259141,0.01956000,258.00000000,0.02076
1749259141,0.01955000,5116.00000000,0.02076
1749259141,0.01954000,1195.00000000,0.02076
1749259141,0.01953000,461.00000000,0.02076
1749259141,0.01951000,824.00000000,0.02076
1749259141,0.01950000,150577.00000000,0.02076
1749259141,0.01948000,285.00000000,0.02076
1749259141,0.01945000,362.00000000,0.02076
1749259141,0.01944000,500.00000000,0.02076
1749259141,0.01943000,1029.00000000,0.02076
1749259141,0.01940000,54194.00000000,0.02076
1749259141,0.01939000,824.00000000,0.02076
1749259141,0.01938000,293.00000000,0.02076
1749259141,0.01936000,32451.00000000,0.02076
1749259141,0.01933000,979.00000000,0.02076
1749259141,0.01930000,154471.00000000,0.02076
1749259141,0.01927000,824.00000000,0.02076
1749259141,0.01926000,291.00000000,0.02076
1749259141,0.01925000,572.00000000,0.02076
1749259141,0.01922000,1195.00000000,0.02076
1749259141,0.01921000,3513.00000000,0.02076
1749259141,0.01920000,52083.00000000,0.02076
1749259141,0.01915000,824.00000000,0.02076
1749259141,0.01911000,285.00000000,0.02076
1749259141,0.01910000,153198.00000000,0.02076
