timestamp,price,volume,current_price
1749260856,0.02078000,62957.00000000,0.02078
1749260856,0.02077000,38760.00000000,0.02078
1749260856,0.02076000,85471.00000000,0.02078
1749260856,0.02075000,203232.00000000,0.02078
1749260856,0.02074000,179434.00000000,0.02078
1749260856,0.02073000,43948.00000000,0.02078
1749260856,0.02072000,72273.00000000,0.02078
1749260856,0.02071000,77310.00000000,0.02078
1749260856,0.02070000,392348.00000000,0.02078
1749260856,0.02069000,17666.00000000,0.02078
1749260856,0.02068000,118496.00000000,0.02078
1749260856,0.02067000,38145.00000000,0.02078
1749260856,0.02066000,27938.00000000,0.02078
1749260856,0.02065000,27767.00000000,0.02078
1749260856,0.02064000,17687.00000000,0.02078
1749260856,0.02063000,17694.00000000,0.02078
1749260856,0.02062000,163825.00000000,0.02078
1749260856,0.02061000,78670.00000000,0.02078
1749260856,0.02060000,17705.00000000,0.02078
1749260856,0.02059000,114844.00000000,0.02078
1749260856,0.02058000,17715.00000000,0.02078
1749260856,0.02057000,8024.00000000,0.02078
1749260856,0.02056000,101326.00000000,0.02078
1749260856,0.02055000,63076.00000000,0.02078
1749260856,0.02054000,46972.00000000,0.02078
1749260856,0.02053000,24433.00000000,0.02078
1749260856,0.02052000,31719.00000000,0.02078
1749260856,0.02051000,10524.00000000,0.02078
1749260856,0.02050000,82911.00000000,0.02078
1749260856,0.02049000,19848.00000000,0.02078
1749260856,0.02048000,33343.00000000,0.02078
1749260856,0.02047000,14310.00000000,0.02078
1749260856,0.02045000,8024.00000000,0.02078
1749260856,0.02044000,26138.00000000,0.02078
1749260856,0.02042000,98544.00000000,0.02078
1749260856,0.02041000,8024.00000000,0.02078
1749260856,0.02040000,8408.00000000,0.02078
1749260856,0.02039000,204198.00000000,0.02078
1749260856,0.02037000,1193.00000000,0.02078
1749260856,0.02036000,1516.00000000,0.02078
1749260856,0.02035000,73765.00000000,0.02078
1749260856,0.02032000,858.00000000,0.02078
1749260856,0.02029000,51493.00000000,0.02078
1749260856,0.02027000,13909.00000000,0.02078
1749260856,0.02026000,293.00000000,0.02078
1749260856,0.02024000,824.00000000,0.02078
1749260856,0.02022000,285.00000000,0.02078
1749260856,0.02020000,602.00000000,0.02078
1749260856,0.02019000,1195.00000000,0.02078
1749260856,0.02018000,362.00000000,0.02078
1749260856,0.02016000,298.00000000,0.02078
1749260856,0.02012000,1089.00000000,0.02078
1749260856,0.02010000,34563.00000000,0.02078
1749260856,0.02009000,1704.00000000,0.02078
1749260856,0.02008000,558.00000000,0.02078
1749260856,0.02007000,279.00000000,0.02078
1749260856,0.02005000,251.00000000,0.02078
1749260856,0.02001000,11409.00000000,0.02078
1749260856,0.02000000,298443.00000000,0.02078
1749260856,0.01996000,774.00000000,0.02078
1749260856,0.01991000,12840.00000000,0.02078
1749260856,0.01990000,239851.00000000,0.02078
1749260856,0.01988000,824.00000000,0.02078
1749260856,0.01986000,6583.00000000,0.02078
1749260856,0.01985000,285.00000000,0.02078
1749260856,0.01984000,3023.00000000,0.02078
1749260856,0.01981000,1721.00000000,0.02078
1749260856,0.01980000,51055.00000000,0.02078
1749260856,0.01976000,824.00000000,0.02078
1749260856,0.01975000,11409.00000000,0.02078
1749260856,0.01973000,833.00000000,0.02078
1749260856,0.01970000,52091.00000000,0.02078
1749260856,0.01967000,293.00000000,0.02078
1749260856,0.01965000,62376.00000000,0.02078
1749260856,0.01964000,824.00000000,0.02078
1749260856,0.01962000,2548.00000000,0.02078
1749260856,0.01960000,91057.00000000,0.02078
1749260856,0.01956000,258.00000000,0.02078
1749260856,0.01955000,5116.00000000,0.02078
1749260856,0.01954000,1195.00000000,0.02078
1749260856,0.01953000,461.00000000,0.02078
1749260856,0.01951000,824.00000000,0.02078
1749260856,0.01950000,150577.00000000,0.02078
1749260856,0.01948000,285.00000000,0.02078
1749260856,0.01945000,362.00000000,0.02078
1749260856,0.01944000,500.00000000,0.02078
1749260856,0.01943000,1029.00000000,0.02078
1749260856,0.01940000,54194.00000000,0.02078
1749260856,0.01939000,824.00000000,0.02078
1749260856,0.01938000,293.00000000,0.02078
1749260856,0.01936000,32451.00000000,0.02078
1749260856,0.01933000,979.00000000,0.02078
1749260856,0.01930000,154471.00000000,0.02078
1749260856,0.01927000,824.00000000,0.02078
1749260856,0.01926000,291.00000000,0.02078
1749260856,0.01925000,572.00000000,0.02078
1749260856,0.01922000,1195.00000000,0.02078
1749260856,0.01921000,3513.00000000,0.02078
1749260856,0.01920000,52083.00000000,0.02078
1749260856,0.01915000,824.00000000,0.02078
1749261182,0.02079000,57768.00000000,0.0208
1749261182,0.02078000,87525.00000000,0.0208
1749261182,0.02077000,262164.00000000,0.0208
1749261182,0.02076000,71061.00000000,0.0208
1749261182,0.02075000,93186.00000000,0.0208
1749261182,0.02074000,127006.00000000,0.0208
1749261182,0.02073000,197338.00000000,0.0208
1749261182,0.02072000,201561.00000000,0.0208
1749261182,0.02071000,129883.00000000,0.0208
1749261182,0.02070000,99130.00000000,0.0208
1749261182,0.02069000,27728.00000000,0.0208
1749261182,0.02068000,130308.00000000,0.0208
1749261182,0.02067000,17676.00000000,0.0208
1749261182,0.02066000,17681.00000000,0.0208
1749261182,0.02065000,164018.00000000,0.0208
1749261182,0.02064000,17687.00000000,0.0208
1749261182,0.02063000,17694.00000000,0.0208
1749261182,0.02062000,43605.00000000,0.0208
1749261182,0.02061000,115568.00000000,0.0208
1749261182,0.02060000,77575.00000000,0.0208
1749261182,0.02059000,15979.00000000,0.0208
1749261182,0.02058000,15983.00000000,0.0208
1749261182,0.02057000,8024.00000000,0.0208
1749261182,0.02056000,113326.00000000,0.0208
1749261182,0.02055000,8024.00000000,0.0208
1749261182,0.02054000,11886.00000000,0.0208
1749261182,0.02053000,24433.00000000,0.0208
1749261182,0.02052000,30490.00000000,0.0208
1749261182,0.02051000,10524.00000000,0.0208
1749261182,0.02050000,82911.00000000,0.0208
1749261182,0.02049000,110405.00000000,0.0208
1749261182,0.02048000,33343.00000000,0.0208
1749261182,0.02045000,26126.00000000,0.0208
1749261182,0.02041000,8024.00000000,0.0208
1749261182,0.02040000,34598.00000000,0.0208
1749261182,0.02039000,204198.00000000,0.0208
1749261182,0.02037000,1193.00000000,0.0208
1749261182,0.02036000,9540.00000000,0.0208
1749261182,0.02035000,73765.00000000,0.0208
1749261182,0.02034000,50300.00000000,0.0208
1749261182,0.02032000,858.00000000,0.0208
1749261182,0.02029000,1193.00000000,0.0208
1749261182,0.02027000,13909.00000000,0.0208
1749261182,0.02026000,293.00000000,0.0208
1749261182,0.02025000,1479.00000000,0.0208
1749261182,0.02024000,824.00000000,0.0208
1749261182,0.02022000,285.00000000,0.0208
1749261182,0.02020000,602.00000000,0.0208
1749261182,0.02019000,1195.00000000,0.0208
1749261182,0.02018000,362.00000000,0.0208
1749261182,0.02016000,298.00000000,0.0208
1749261182,0.02012000,1089.00000000,0.0208
1749261182,0.02010000,34563.00000000,0.0208
1749261182,0.02009000,1704.00000000,0.0208
1749261182,0.02008000,558.00000000,0.0208
1749261182,0.02007000,279.00000000,0.0208
1749261182,0.02005000,251.00000000,0.0208
1749261182,0.02001000,11409.00000000,0.0208
1749261182,0.02000000,298443.00000000,0.0208
1749261182,0.01996000,293.00000000,0.0208
1749261182,0.01991000,6959.00000000,0.0208
1749261182,0.01990000,239851.00000000,0.0208
1749261182,0.01988000,824.00000000,0.0208
1749261182,0.01986000,6583.00000000,0.0208
1749261182,0.01985000,285.00000000,0.0208
1749261182,0.01984000,3023.00000000,0.0208
1749261182,0.01981000,1721.00000000,0.0208
1749261182,0.01980000,51055.00000000,0.0208
1749261182,0.01976000,824.00000000,0.0208
1749261182,0.01975000,11409.00000000,0.0208
1749261182,0.01973000,833.00000000,0.0208
1749261182,0.01970000,52091.00000000,0.0208
1749261182,0.01967000,293.00000000,0.0208
1749261182,0.01965000,62376.00000000,0.0208
1749261182,0.01964000,824.00000000,0.0208
1749261182,0.01962000,2548.00000000,0.0208
1749261182,0.01960000,91057.00000000,0.0208
1749261182,0.01956000,258.00000000,0.0208
1749261182,0.01955000,5116.00000000,0.0208
1749261182,0.01954000,1195.00000000,0.0208
1749261182,0.01953000,461.00000000,0.0208
1749261182,0.01951000,824.00000000,0.0208
1749261182,0.01950000,150577.00000000,0.0208
1749261182,0.01948000,285.00000000,0.0208
1749261182,0.01945000,362.00000000,0.0208
1749261182,0.01944000,500.00000000,0.0208
1749261182,0.01943000,1029.00000000,0.0208
1749261182,0.01940000,54194.00000000,0.0208
1749261182,0.01939000,824.00000000,0.0208
1749261182,0.01938000,293.00000000,0.0208
1749261182,0.01936000,32451.00000000,0.0208
1749261182,0.01933000,979.00000000,0.0208
1749261182,0.01930000,154471.00000000,0.0208
1749261182,0.01927000,824.00000000,0.0208
1749261182,0.01926000,291.00000000,0.0208
1749261182,0.01925000,572.00000000,0.0208
1749261182,0.01922000,1195.00000000,0.0208
1749261182,0.01921000,3513.00000000,0.0208
1749261182,0.01920000,52083.00000000,0.0208
1749261182,0.01915000,824.00000000,0.0208
1749261496,0.02079000,54300.00000000,0.02079
1749261496,0.02078000,86251.00000000,0.02079
1749261496,0.02077000,236974.00000000,0.02079
1749261496,0.02076000,90103.00000000,0.02079
1749261496,0.02075000,92950.00000000,0.02079
1749261496,0.02074000,125512.00000000,0.02079
1749261496,0.02073000,24155.00000000,0.02079
1749261496,0.02072000,107889.00000000,0.02079
1749261496,0.02071000,120258.00000000,0.02079
1749261496,0.02070000,348140.00000000,0.02079
1749261496,0.02069000,37305.00000000,0.02079
1749261496,0.02068000,128921.00000000,0.02079
1749261496,0.02067000,17634.00000000,0.02079
1749261496,0.02066000,17635.00000000,0.02079
1749261496,0.02065000,105855.00000000,0.02079
1749261496,0.02064000,9751.00000000,0.02079
1749261496,0.02063000,60027.00000000,0.02079
1749261496,0.02062000,35662.00000000,0.02079
1749261496,0.02061000,107617.00000000,0.02079
1749261496,0.02060000,69624.00000000,0.02079
1749261496,0.02059000,9755.00000000,0.02079
1749261496,0.02057000,8024.00000000,0.02079
1749261496,0.02056000,113326.00000000,0.02079
1749261496,0.02055000,8024.00000000,0.02079
1749261496,0.02054000,11886.00000000,0.02079
1749261496,0.02053000,24433.00000000,0.02079
1749261496,0.02052000,30490.00000000,0.02079
1749261496,0.02051000,10524.00000000,0.02079
1749261496,0.02050000,82911.00000000,0.02079
1749261496,0.02049000,110405.00000000,0.02079
1749261496,0.02048000,33343.00000000,0.02079
1749261496,0.02045000,26126.00000000,0.02079
1749261496,0.02041000,8024.00000000,0.02079
1749261496,0.02040000,34598.00000000,0.02079
1749261496,0.02039000,204198.00000000,0.02079
1749261496,0.02037000,1193.00000000,0.02079
1749261496,0.02036000,9540.00000000,0.02079
1749261496,0.02035000,81789.00000000,0.02079
1749261496,0.02034000,8024.00000000,0.02079
1749261496,0.02032000,858.00000000,0.02079
1749261496,0.02029000,1193.00000000,0.02079
1749261496,0.02027000,13909.00000000,0.02079
1749261496,0.02026000,293.00000000,0.02079
1749261496,0.02025000,1479.00000000,0.02079
1749261496,0.02024000,824.00000000,0.02079
1749261496,0.02022000,285.00000000,0.02079
1749261496,0.02020000,602.00000000,0.02079
1749261496,0.02019000,1195.00000000,0.02079
1749261496,0.02018000,362.00000000,0.02079
1749261496,0.02016000,298.00000000,0.02079
1749261496,0.02012000,1089.00000000,0.02079
1749261496,0.02010000,34563.00000000,0.02079
1749261496,0.02009000,1704.00000000,0.02079
1749261496,0.02008000,558.00000000,0.02079
1749261496,0.02007000,279.00000000,0.02079
1749261496,0.02005000,251.00000000,0.02079
1749261496,0.02001000,15365.00000000,0.02079
1749261496,0.02000000,298443.00000000,0.02079
1749261496,0.01998000,480.00000000,0.02079
1749261496,0.01996000,293.00000000,0.02079
1749261496,0.01991000,3003.00000000,0.02079
1749261496,0.01990000,239851.00000000,0.02079
1749261496,0.01988000,824.00000000,0.02079
1749261496,0.01986000,6583.00000000,0.02079
1749261496,0.01985000,285.00000000,0.02079
1749261496,0.01984000,3023.00000000,0.02079
1749261496,0.01981000,1721.00000000,0.02079
1749261496,0.01980000,51055.00000000,0.02079
1749261496,0.01976000,824.00000000,0.02079
1749261496,0.01975000,11409.00000000,0.02079
1749261496,0.01973000,833.00000000,0.02079
1749261496,0.01970000,52091.00000000,0.02079
1749261496,0.01967000,293.00000000,0.02079
1749261496,0.01965000,62376.00000000,0.02079
1749261496,0.01964000,824.00000000,0.02079
1749261496,0.01962000,2548.00000000,0.02079
1749261496,0.01960000,91057.00000000,0.02079
1749261496,0.01956000,258.00000000,0.02079
1749261496,0.01955000,5116.00000000,0.02079
1749261496,0.01954000,1195.00000000,0.02079
1749261496,0.01953000,461.00000000,0.02079
1749261496,0.01951000,824.00000000,0.02079
1749261496,0.01950000,150577.00000000,0.02079
1749261496,0.01948000,285.00000000,0.02079
1749261496,0.01945000,362.00000000,0.02079
1749261496,0.01944000,500.00000000,0.02079
1749261496,0.01943000,1029.00000000,0.02079
1749261496,0.01940000,54194.00000000,0.02079
1749261496,0.01939000,824.00000000,0.02079
1749261496,0.01938000,293.00000000,0.02079
1749261496,0.01936000,32451.00000000,0.02079
1749261496,0.01933000,979.00000000,0.02079
1749261496,0.01930000,154471.00000000,0.02079
1749261496,0.01927000,824.00000000,0.02079
1749261496,0.01926000,291.00000000,0.02079
1749261496,0.01925000,572.00000000,0.02079
1749261496,0.01922000,1195.00000000,0.02079
1749261496,0.01921000,3513.00000000,0.02079
1749261496,0.01920000,52083.00000000,0.02079
1749261496,0.01915000,824.00000000,0.02079
1749261807,0.02072000,10898.00000000,0.02073
1749261807,0.02071000,16273.00000000,0.02073
1749261807,0.02070000,87226.00000000,0.02073
1749261807,0.02069000,247161.00000000,0.02073
1749261807,0.02068000,162321.00000000,0.02073
1749261807,0.02067000,43776.00000000,0.02073
1749261807,0.02066000,108177.00000000,0.02073
1749261807,0.02065000,27728.00000000,0.02073
1749261807,0.02064000,173906.00000000,0.02073
1749261807,0.02063000,27916.00000000,0.02073
1749261807,0.02062000,154917.00000000,0.02073
1749261807,0.02061000,18474.00000000,0.02073
1749261807,0.02060000,18039.00000000,0.02073
1749261807,0.02059000,109815.00000000,0.02073
1749261807,0.02058000,17665.00000000,0.02073
1749261807,0.02057000,9756.00000000,0.02073
1749261807,0.02056000,44010.00000000,0.02073
1749261807,0.02055000,109847.00000000,0.02073
1749261807,0.02054000,71546.00000000,0.02073
1749261807,0.02053000,24433.00000000,0.02073
1749261807,0.02052000,30490.00000000,0.02073
1749261807,0.02051000,101387.00000000,0.02073
1749261807,0.02050000,82911.00000000,0.02073
1749261807,0.02049000,8848.00000000,0.02073
1749261807,0.02048000,44343.00000000,0.02073
1749261807,0.02042000,90958.00000000,0.02073
1749261807,0.02041000,8024.00000000,0.02073
1749261807,0.02040000,34598.00000000,0.02073
1749261807,0.02039000,8024.00000000,0.02073
1749261807,0.02037000,1193.00000000,0.02073
1749261807,0.02036000,9540.00000000,0.02073
1749261807,0.02035000,278349.00000000,0.02073
1749261807,0.02034000,8024.00000000,0.02073
1749261807,0.02033000,9734.00000000,0.02073
1749261807,0.02032000,858.00000000,0.02073
1749261807,0.02029000,9217.00000000,0.02073
1749261807,0.02027000,21933.00000000,0.02073
1749261807,0.02026000,293.00000000,0.02073
1749261807,0.02024000,10328.00000000,0.02073
1749261807,0.02022000,285.00000000,0.02073
1749261807,0.02020000,602.00000000,0.02073
1749261807,0.02019000,1195.00000000,0.02073
1749261807,0.02018000,362.00000000,0.02073
1749261807,0.02016000,298.00000000,0.02073
1749261807,0.02012000,1089.00000000,0.02073
1749261807,0.02010000,34563.00000000,0.02073
1749261807,0.02009000,1704.00000000,0.02073
1749261807,0.02008000,558.00000000,0.02073
1749261807,0.02007000,279.00000000,0.02073
1749261807,0.02005000,251.00000000,0.02073
1749261807,0.02001000,17771.00000000,0.02073
1749261807,0.02000000,298443.00000000,0.02073
1749261807,0.01996000,774.00000000,0.02073
1749261807,0.01991000,597.00000000,0.02073
1749261807,0.01990000,239851.00000000,0.02073
1749261807,0.01988000,824.00000000,0.02073
1749261807,0.01986000,6583.00000000,0.02073
1749261807,0.01985000,285.00000000,0.02073
1749261807,0.01984000,3023.00000000,0.02073
1749261807,0.01981000,1721.00000000,0.02073
1749261807,0.01980000,51055.00000000,0.02073
1749261807,0.01976000,824.00000000,0.02073
1749261807,0.01975000,11409.00000000,0.02073
1749261807,0.01973000,833.00000000,0.02073
1749261807,0.01970000,52091.00000000,0.02073
1749261807,0.01967000,293.00000000,0.02073
1749261807,0.01965000,62376.00000000,0.02073
1749261807,0.01964000,824.00000000,0.02073
1749261807,0.01962000,2548.00000000,0.02073
1749261807,0.01960000,91057.00000000,0.02073
1749261807,0.01956000,258.00000000,0.02073
1749261807,0.01955000,5116.00000000,0.02073
1749261807,0.01954000,1195.00000000,0.02073
1749261807,0.01953000,461.00000000,0.02073
1749261807,0.01951000,824.00000000,0.02073
1749261807,0.01950000,150577.00000000,0.02073
1749261807,0.01948000,285.00000000,0.02073
1749261807,0.01945000,362.00000000,0.02073
1749261807,0.01944000,500.00000000,0.02073
1749261807,0.01943000,1029.00000000,0.02073
1749261807,0.01940000,54194.00000000,0.02073
1749261807,0.01939000,824.00000000,0.02073
1749261807,0.01938000,293.00000000,0.02073
1749261807,0.01936000,32451.00000000,0.02073
1749261807,0.01933000,979.00000000,0.02073
1749261807,0.01930000,154471.00000000,0.02073
1749261807,0.01927000,824.00000000,0.02073
1749261807,0.01926000,291.00000000,0.02073
1749261807,0.01925000,572.00000000,0.02073
1749261807,0.01922000,1195.00000000,0.02073
1749261807,0.01921000,3513.00000000,0.02073
1749261807,0.01920000,52083.00000000,0.02073
1749261807,0.01915000,824.00000000,0.02073
1749261807,0.01911000,285.00000000,0.02073
1749261807,0.01910000,153198.00000000,0.02073
1749261807,0.01909000,919.00000000,0.02073
1749261807,0.01903000,824.00000000,0.02073
1749261807,0.01901000,2631.00000000,0.02073
1749261807,0.01900000,133681.00000000,0.02073
1749261807,0.01898000,3346.00000000,0.02073
1749262109,0.02074000,8824.00000000,0.02075
1749262109,0.02073000,38857.00000000,0.02075
1749262109,0.02072000,153816.00000000,0.02075
1749262109,0.02071000,290902.00000000,0.02075
1749262109,0.02070000,274103.00000000,0.02075
1749262109,0.02069000,165024.00000000,0.02075
1749262109,0.02068000,86722.00000000,0.02075
1749262109,0.02067000,20491.00000000,0.02075
1749262109,0.02066000,175876.00000000,0.02075
1749262109,0.02065000,37360.00000000,0.02075
1749262109,0.02064000,238134.00000000,0.02075
1749262109,0.02063000,88000.00000000,0.02075
1749262109,0.02062000,47982.00000000,0.02075
1749262109,0.02061000,65332.00000000,0.02075
1749262109,0.02060000,68388.00000000,0.02075
1749262109,0.02059000,59441.00000000,0.02075
1749262109,0.02058000,17665.00000000,0.02075
1749262109,0.02057000,9756.00000000,0.02075
1749262109,0.02056000,43243.00000000,0.02075
1749262109,0.02055000,114081.00000000,0.02075
1749262109,0.02054000,73281.00000000,0.02075
1749262109,0.02053000,24433.00000000,0.02075
1749262109,0.02052000,24219.00000000,0.02075
1749262109,0.02051000,101387.00000000,0.02075
1749262109,0.02050000,82911.00000000,0.02075
1749262109,0.02049000,8848.00000000,0.02075
1749262109,0.02048000,8024.00000000,0.02075
1749262109,0.02047000,25332.00000000,0.02075
1749262109,0.02046000,19024.00000000,0.02075
1749262109,0.02042000,90958.00000000,0.02075
1749262109,0.02041000,8024.00000000,0.02075
1749262109,0.02040000,34598.00000000,0.02075
1749262109,0.02039000,14333.00000000,0.02075
1749262109,0.02037000,1193.00000000,0.02075
1749262109,0.02036000,9540.00000000,0.02075
1749262109,0.02035000,278349.00000000,0.02075
1749262109,0.02034000,8024.00000000,0.02075
1749262109,0.02033000,9734.00000000,0.02075
1749262109,0.02032000,858.00000000,0.02075
1749262109,0.02029000,9217.00000000,0.02075
1749262109,0.02027000,21933.00000000,0.02075
1749262109,0.02026000,293.00000000,0.02075
1749262109,0.02024000,8848.00000000,0.02075
1749262109,0.02022000,50585.00000000,0.02075
1749262109,0.02020000,2085.00000000,0.02075
1749262109,0.02019000,1195.00000000,0.02075
1749262109,0.02018000,362.00000000,0.02075
1749262109,0.02016000,298.00000000,0.02075
1749262109,0.02012000,1089.00000000,0.02075
1749262109,0.02010000,34563.00000000,0.02075
1749262109,0.02009000,1704.00000000,0.02075
1749262109,0.02008000,558.00000000,0.02075
1749262109,0.02007000,279.00000000,0.02075
1749262109,0.02005000,251.00000000,0.02075
1749262109,0.02001000,17771.00000000,0.02075
1749262109,0.02000000,298443.00000000,0.02075
1749262109,0.01996000,293.00000000,0.02075
1749262109,0.01994000,482.00000000,0.02075
1749262109,0.01991000,597.00000000,0.02075
1749262109,0.01990000,239851.00000000,0.02075
1749262109,0.01988000,824.00000000,0.02075
1749262109,0.01986000,6583.00000000,0.02075
1749262109,0.01985000,285.00000000,0.02075
1749262109,0.01984000,3023.00000000,0.02075
1749262109,0.01981000,1721.00000000,0.02075
1749262109,0.01980000,51055.00000000,0.02075
1749262109,0.01976000,824.00000000,0.02075
1749262109,0.01975000,11409.00000000,0.02075
1749262109,0.01973000,833.00000000,0.02075
1749262109,0.01970000,52091.00000000,0.02075
1749262109,0.01967000,293.00000000,0.02075
1749262109,0.01965000,62376.00000000,0.02075
1749262109,0.01964000,824.00000000,0.02075
1749262109,0.01962000,2548.00000000,0.02075
1749262109,0.01960000,91057.00000000,0.02075
1749262109,0.01956000,258.00000000,0.02075
1749262109,0.01955000,5116.00000000,0.02075
1749262109,0.01954000,1195.00000000,0.02075
1749262109,0.01953000,461.00000000,0.02075
1749262109,0.01951000,824.00000000,0.02075
1749262109,0.01950000,150577.00000000,0.02075
1749262109,0.01948000,285.00000000,0.02075
1749262109,0.01945000,362.00000000,0.02075
1749262109,0.01944000,500.00000000,0.02075
1749262109,0.01943000,1029.00000000,0.02075
1749262109,0.01940000,54194.00000000,0.02075
1749262109,0.01939000,824.00000000,0.02075
1749262109,0.01938000,293.00000000,0.02075
1749262109,0.01936000,32451.00000000,0.02075
1749262109,0.01933000,979.00000000,0.02075
1749262109,0.01930000,154471.00000000,0.02075
1749262109,0.01927000,824.00000000,0.02075
1749262109,0.01926000,291.00000000,0.02075
1749262109,0.01925000,572.00000000,0.02075
1749262109,0.01922000,1195.00000000,0.02075
1749262109,0.01921000,3513.00000000,0.02075
1749262109,0.01920000,52083.00000000,0.02075
1749262109,0.01915000,824.00000000,0.02075
1749262109,0.01911000,285.00000000,0.02075
1749262109,0.01910000,153198.00000000,0.02075
1749262411,0.02079000,57977.00000000,0.02079
1749262411,0.02078000,26072.00000000,0.02079
1749262411,0.02077000,64511.00000000,0.02079
1749262411,0.02076000,197117.00000000,0.02079
1749262411,0.02075000,135043.00000000,0.02079
1749262411,0.02074000,98721.00000000,0.02079
1749262411,0.02073000,174825.00000000,0.02079
1749262411,0.02072000,105036.00000000,0.02079
1749262411,0.02071000,24178.00000000,0.02079
1749262411,0.02070000,135671.00000000,0.02079
1749262411,0.02069000,188207.00000000,0.02079
1749262411,0.02068000,96295.00000000,0.02079
1749262411,0.02067000,32163.00000000,0.02079
1749262411,0.02066000,43644.00000000,0.02079
1749262411,0.02065000,127788.00000000,0.02079
1749262411,0.02064000,17641.00000000,0.02079
1749262411,0.02063000,17641.00000000,0.02079
1749262411,0.02062000,77762.00000000,0.02079
1749262411,0.02061000,91255.00000000,0.02079
1749262411,0.02060000,18039.00000000,0.02079
1749262411,0.02059000,106889.00000000,0.02079
1749262411,0.02058000,15933.00000000,0.02079
1749262411,0.02057000,10524.00000000,0.02079
1749262411,0.02056000,105537.00000000,0.02079
1749262411,0.02055000,12524.00000000,0.02079
1749262411,0.02054000,71546.00000000,0.02079
1749262411,0.02053000,24433.00000000,0.02079
1749262411,0.02052000,24219.00000000,0.02079
1749262411,0.02051000,10524.00000000,0.02079
1749262411,0.02050000,82911.00000000,0.02079
1749262411,0.02049000,8848.00000000,0.02079
1749262411,0.02048000,98233.00000000,0.02079
1749262411,0.02047000,62432.00000000,0.02079
1749262411,0.02041000,8024.00000000,0.02079
1749262411,0.02040000,8408.00000000,0.02079
1749262411,0.02039000,210507.00000000,0.02079
1749262411,0.02038000,26215.00000000,0.02079
1749262411,0.02037000,1193.00000000,0.02079
1749262411,0.02036000,9540.00000000,0.02079
1749262411,0.02035000,73765.00000000,0.02079
1749262411,0.02032000,51158.00000000,0.02079
1749262411,0.02029000,1193.00000000,0.02079
1749262411,0.02027000,13909.00000000,0.02079
1749262411,0.02026000,293.00000000,0.02079
1749262411,0.02024000,824.00000000,0.02079
1749262411,0.02022000,285.00000000,0.02079
1749262411,0.02020000,602.00000000,0.02079
1749262411,0.02019000,1195.00000000,0.02079
1749262411,0.02018000,362.00000000,0.02079
1749262411,0.02016000,298.00000000,0.02079
1749262411,0.02012000,1089.00000000,0.02079
1749262411,0.02010000,34563.00000000,0.02079
1749262411,0.02009000,1704.00000000,0.02079
1749262411,0.02008000,558.00000000,0.02079
1749262411,0.02007000,279.00000000,0.02079
1749262411,0.02005000,251.00000000,0.02079
1749262411,0.02001000,17771.00000000,0.02079
1749262411,0.02000000,299193.00000000,0.02079
1749262411,0.01996000,774.00000000,0.02079
1749262411,0.01991000,597.00000000,0.02079
1749262411,0.01990000,239851.00000000,0.02079
1749262411,0.01988000,824.00000000,0.02079
1749262411,0.01986000,6583.00000000,0.02079
1749262411,0.01985000,285.00000000,0.02079
1749262411,0.01984000,3023.00000000,0.02079
1749262411,0.01981000,1721.00000000,0.02079
1749262411,0.01980000,51055.00000000,0.02079
1749262411,0.01976000,824.00000000,0.02079
1749262411,0.01975000,11409.00000000,0.02079
1749262411,0.01973000,833.00000000,0.02079
1749262411,0.01970000,52091.00000000,0.02079
1749262411,0.01967000,293.00000000,0.02079
1749262411,0.01965000,62376.00000000,0.02079
1749262411,0.01964000,824.00000000,0.02079
1749262411,0.01962000,2548.00000000,0.02079
1749262411,0.01960000,91057.00000000,0.02079
1749262411,0.01956000,258.00000000,0.02079
1749262411,0.01955000,5116.00000000,0.02079
1749262411,0.01954000,1195.00000000,0.02079
1749262411,0.01953000,461.00000000,0.02079
1749262411,0.01951000,824.00000000,0.02079
1749262411,0.01950000,150577.00000000,0.02079
1749262411,0.01948000,285.00000000,0.02079
1749262411,0.01945000,362.00000000,0.02079
1749262411,0.01944000,500.00000000,0.02079
1749262411,0.01943000,1029.00000000,0.02079
1749262411,0.01940000,54194.00000000,0.02079
1749262411,0.01939000,824.00000000,0.02079
1749262411,0.01938000,293.00000000,0.02079
1749262411,0.01936000,32451.00000000,0.02079
1749262411,0.01933000,979.00000000,0.02079
1749262411,0.01930000,154471.00000000,0.02079
1749262411,0.01927000,824.00000000,0.02079
1749262411,0.01926000,291.00000000,0.02079
1749262411,0.01925000,572.00000000,0.02079
1749262411,0.01922000,1195.00000000,0.02079
1749262411,0.01921000,3513.00000000,0.02079
1749262411,0.01920000,52083.00000000,0.02079
1749262411,0.01915000,824.00000000,0.02079
1749262411,0.01911000,285.00000000,0.02079
1749262716,0.02080000,8824.00000000,0.0208
1749262716,0.02079000,23122.00000000,0.0208
1749262716,0.02078000,58027.00000000,0.0208
1749262716,0.02077000,206506.00000000,0.0208
1749262716,0.02076000,92324.00000000,0.0208
1749262716,0.02075000,141943.00000000,0.0208
1749262716,0.02074000,342826.00000000,0.0208
1749262716,0.02073000,45773.00000000,0.0208
1749262716,0.02072000,136702.00000000,0.0208
1749262716,0.02071000,169889.00000000,0.0208
1749262716,0.02070000,103581.00000000,0.0208
1749262716,0.02069000,87794.00000000,0.0208
1749262716,0.02068000,21915.00000000,0.0208
1749262716,0.02067000,64356.00000000,0.0208
1749262716,0.02066000,93698.00000000,0.0208
1749262716,0.02065000,67480.00000000,0.0208
1749262716,0.02064000,17641.00000000,0.0208
1749262716,0.02063000,17641.00000000,0.0208
1749262716,0.02062000,17649.00000000,0.0208
1749262716,0.02061000,140004.00000000,0.0208
1749262716,0.02060000,55523.00000000,0.0208
1749262716,0.02059000,8024.00000000,0.0208
1749262716,0.02058000,15933.00000000,0.0208
1749262716,0.02057000,8024.00000000,0.0208
1749262716,0.02056000,105537.00000000,0.0208
1749262716,0.02055000,12524.00000000,0.0208
1749262716,0.02054000,11886.00000000,0.0208
1749262716,0.02053000,49691.00000000,0.0208
1749262716,0.02052000,24219.00000000,0.0208
1749262716,0.02051000,10524.00000000,0.0208
1749262716,0.02050000,93911.00000000,0.0208
1749262716,0.02049000,8848.00000000,0.0208
1749262716,0.02048000,98233.00000000,0.0208
1749262716,0.02047000,34124.00000000,0.0208
1749262716,0.02044000,6296.00000000,0.0208
1749262716,0.02041000,8024.00000000,0.0208
1749262716,0.02040000,8408.00000000,0.0208
1749262716,0.02039000,204198.00000000,0.0208
1749262716,0.02038000,26215.00000000,0.0208
1749262716,0.02037000,1193.00000000,0.0208
1749262716,0.02036000,1516.00000000,0.0208
1749262716,0.02035000,73765.00000000,0.0208
1749262716,0.02032000,858.00000000,0.0208
1749262716,0.02029000,1193.00000000,0.0208
1749262716,0.02027000,13909.00000000,0.0208
1749262716,0.02026000,293.00000000,0.0208
1749262716,0.02024000,824.00000000,0.0208
1749262716,0.02022000,285.00000000,0.0208
1749262716,0.02020000,602.00000000,0.0208
1749262716,0.02019000,1195.00000000,0.0208
1749262716,0.02018000,362.00000000,0.0208
1749262716,0.02016000,298.00000000,0.0208
1749262716,0.02012000,1089.00000000,0.0208
1749262716,0.02010000,34563.00000000,0.0208
1749262716,0.02009000,1704.00000000,0.0208
1749262716,0.02008000,558.00000000,0.0208
1749262716,0.02007000,279.00000000,0.0208
1749262716,0.02005000,251.00000000,0.0208
1749262716,0.02001000,15365.00000000,0.0208
1749262716,0.02000000,299193.00000000,0.0208
1749262716,0.01999000,480.00000000,0.0208
1749262716,0.01996000,293.00000000,0.0208
1749262716,0.01995000,120505.00000000,0.0208
1749262716,0.01991000,597.00000000,0.0208
1749262716,0.01990000,239851.00000000,0.0208
1749262716,0.01988000,824.00000000,0.0208
1749262716,0.01986000,6583.00000000,0.0208
1749262716,0.01985000,285.00000000,0.0208
1749262716,0.01984000,3023.00000000,0.0208
1749262716,0.01981000,1721.00000000,0.0208
1749262716,0.01980000,51055.00000000,0.0208
1749262716,0.01976000,824.00000000,0.0208
1749262716,0.01975000,11409.00000000,0.0208
1749262716,0.01973000,833.00000000,0.0208
1749262716,0.01970000,52091.00000000,0.0208
1749262716,0.01967000,293.00000000,0.0208
1749262716,0.01965000,62376.00000000,0.0208
1749262716,0.01964000,824.00000000,0.0208
1749262716,0.01962000,2548.00000000,0.0208
1749262716,0.01960000,91057.00000000,0.0208
1749262716,0.01956000,258.00000000,0.0208
1749262716,0.01955000,5116.00000000,0.0208
1749262716,0.01954000,1195.00000000,0.0208
1749262716,0.01953000,461.00000000,0.0208
1749262716,0.01951000,824.00000000,0.0208
1749262716,0.01950000,150577.00000000,0.0208
1749262716,0.01948000,285.00000000,0.0208
1749262716,0.01945000,362.00000000,0.0208
1749262716,0.01944000,500.00000000,0.0208
1749262716,0.01943000,1029.00000000,0.0208
1749262716,0.01940000,54194.00000000,0.0208
1749262716,0.01939000,824.00000000,0.0208
1749262716,0.01938000,293.00000000,0.0208
1749262716,0.01936000,32451.00000000,0.0208
1749262716,0.01933000,979.00000000,0.0208
1749262716,0.01930000,154471.00000000,0.0208
1749262716,0.01927000,824.00000000,0.0208
1749262716,0.01926000,291.00000000,0.0208
1749262716,0.01925000,572.00000000,0.0208
1749262716,0.01922000,1195.00000000,0.0208
1749263025,0.02080000,22053.00000000,0.02081
1749263025,0.02079000,143357.00000000,0.02081
1749263025,0.02078000,253963.00000000,0.02081
1749263025,0.02077000,73708.00000000,0.02081
1749263025,0.02076000,98517.00000000,0.02081
1749263025,0.02075000,74671.00000000,0.02081
1749263025,0.02074000,31851.00000000,0.02081
1749263025,0.02073000,82889.00000000,0.02081
1749263025,0.02072000,182935.00000000,0.02081
1749263025,0.02071000,300389.00000000,0.02081
1749263025,0.02070000,107832.00000000,0.02081
1749263025,0.02069000,87794.00000000,0.02081
1749263025,0.02068000,17652.00000000,0.02081
1749263025,0.02067000,64356.00000000,0.02081
1749263025,0.02066000,93698.00000000,0.02081
1749263025,0.02065000,67480.00000000,0.02081
1749263025,0.02064000,17641.00000000,0.02081
1749263025,0.02063000,17641.00000000,0.02081
1749263025,0.02062000,17649.00000000,0.02081
1749263025,0.02061000,140004.00000000,0.02081
1749263025,0.02060000,53793.00000000,0.02081
1749263025,0.02059000,8024.00000000,0.02081
1749263025,0.02058000,15933.00000000,0.02081
1749263025,0.02057000,8024.00000000,0.02081
1749263025,0.02056000,105537.00000000,0.02081
1749263025,0.02055000,12524.00000000,0.02081
1749263025,0.02054000,11886.00000000,0.02081
1749263025,0.02053000,49691.00000000,0.02081
1749263025,0.02052000,24219.00000000,0.02081
1749263025,0.02051000,10524.00000000,0.02081
1749263025,0.02050000,82911.00000000,0.02081
1749263025,0.02049000,26129.00000000,0.02081
1749263025,0.02048000,98233.00000000,0.02081
1749263025,0.02047000,34124.00000000,0.02081
1749263025,0.02044000,195694.00000000,0.02081
1749263025,0.02041000,8024.00000000,0.02081
1749263025,0.02040000,8408.00000000,0.02081
1749263025,0.02038000,26215.00000000,0.02081
1749263025,0.02037000,1193.00000000,0.02081
1749263025,0.02036000,1516.00000000,0.02081
1749263025,0.02035000,73765.00000000,0.02081
1749263025,0.02033000,50300.00000000,0.02081
1749263025,0.02032000,858.00000000,0.02081
1749263025,0.02029000,1193.00000000,0.02081
1749263025,0.02027000,13909.00000000,0.02081
1749263025,0.02026000,293.00000000,0.02081
1749263025,0.02024000,824.00000000,0.02081
1749263025,0.02022000,285.00000000,0.02081
1749263025,0.02020000,602.00000000,0.02081
1749263025,0.02019000,1195.00000000,0.02081
1749263025,0.02018000,362.00000000,0.02081
1749263025,0.02016000,298.00000000,0.02081
1749263025,0.02012000,1089.00000000,0.02081
1749263025,0.02010000,34563.00000000,0.02081
1749263025,0.02009000,1704.00000000,0.02081
1749263025,0.02008000,558.00000000,0.02081
1749263025,0.02007000,279.00000000,0.02081
1749263025,0.02005000,251.00000000,0.02081
1749263025,0.02001000,15353.00000000,0.02081
1749263025,0.02000000,299193.00000000,0.02081
1749263025,0.01998000,480.00000000,0.02081
1749263025,0.01996000,293.00000000,0.02081
1749263025,0.01995000,120505.00000000,0.02081
1749263025,0.01991000,597.00000000,0.02081
1749263025,0.01990000,239851.00000000,0.02081
1749263025,0.01988000,824.00000000,0.02081
1749263025,0.01986000,6583.00000000,0.02081
1749263025,0.01985000,285.00000000,0.02081
1749263025,0.01984000,3023.00000000,0.02081
1749263025,0.01981000,1721.00000000,0.02081
1749263025,0.01980000,51055.00000000,0.02081
1749263025,0.01976000,824.00000000,0.02081
1749263025,0.01975000,11409.00000000,0.02081
1749263025,0.01973000,833.00000000,0.02081
1749263025,0.01970000,52091.00000000,0.02081
1749263025,0.01967000,293.00000000,0.02081
1749263025,0.01965000,62376.00000000,0.02081
1749263025,0.01964000,824.00000000,0.02081
1749263025,0.01962000,2548.00000000,0.02081
1749263025,0.01960000,91057.00000000,0.02081
1749263025,0.01956000,258.00000000,0.02081
1749263025,0.01955000,5116.00000000,0.02081
1749263025,0.01954000,1195.00000000,0.02081
1749263025,0.01953000,461.00000000,0.02081
1749263025,0.01951000,824.00000000,0.02081
1749263025,0.01950000,150577.00000000,0.02081
1749263025,0.01948000,285.00000000,0.02081
1749263025,0.01945000,362.00000000,0.02081
1749263025,0.01944000,500.00000000,0.02081
1749263025,0.01943000,1029.00000000,0.02081
1749263025,0.01940000,54194.00000000,0.02081
1749263025,0.01939000,824.00000000,0.02081
1749263025,0.01938000,293.00000000,0.02081
1749263025,0.01936000,32451.00000000,0.02081
1749263025,0.01933000,979.00000000,0.02081
1749263025,0.01930000,154471.00000000,0.02081
1749263025,0.01927000,824.00000000,0.02081
1749263025,0.01926000,291.00000000,0.02081
1749263025,0.01925000,572.00000000,0.02081
1749263025,0.01922000,1195.00000000,0.02081
1749263333,0.02081000,8024.00000000,0.02081
1749263333,0.02080000,46071.00000000,0.02081
1749263333,0.02079000,80482.00000000,0.02081
1749263333,0.02078000,262823.00000000,0.02081
1749263333,0.02077000,74259.00000000,0.02081
1749263333,0.02076000,212113.00000000,0.02081
1749263333,0.02075000,24961.00000000,0.02081
1749263333,0.02074000,170001.00000000,0.02081
1749263333,0.02073000,64176.00000000,0.02081
1749263333,0.02072000,307165.00000000,0.02081
1749263333,0.02071000,33789.00000000,0.02081
1749263333,0.02070000,107832.00000000,0.02081
1749263333,0.02069000,27884.00000000,0.02081
1749263333,0.02068000,17652.00000000,0.02081
1749263333,0.02067000,64356.00000000,0.02081
1749263333,0.02066000,153695.00000000,0.02081
1749263333,0.02065000,67480.00000000,0.02081
1749263333,0.02064000,17641.00000000,0.02081
1749263333,0.02063000,17641.00000000,0.02081
1749263333,0.02062000,17649.00000000,0.02081
1749263333,0.02061000,142331.00000000,0.02081
1749263333,0.02060000,53793.00000000,0.02081
1749263333,0.02059000,8024.00000000,0.02081
1749263333,0.02058000,15933.00000000,0.02081
1749263333,0.02057000,8024.00000000,0.02081
1749263333,0.02056000,105537.00000000,0.02081
1749263333,0.02055000,8024.00000000,0.02081
1749263333,0.02054000,18151.00000000,0.02081
1749263333,0.02053000,54191.00000000,0.02081
1749263333,0.02052000,61255.00000000,0.02081
1749263333,0.02051000,10524.00000000,0.02081
1749263333,0.02050000,80563.00000000,0.02081
1749263333,0.02049000,8848.00000000,0.02081
1749263333,0.02048000,98233.00000000,0.02081
1749263333,0.02047000,8024.00000000,0.02081
1749263333,0.02044000,195694.00000000,0.02081
1749263333,0.02041000,8024.00000000,0.02081
1749263333,0.02040000,384.00000000,0.02081
1749263333,0.02038000,26215.00000000,0.02081
1749263333,0.02037000,51493.00000000,0.02081
1749263333,0.02036000,1516.00000000,0.02081
1749263333,0.02035000,73765.00000000,0.02081
1749263333,0.02032000,858.00000000,0.02081
1749263333,0.02029000,1193.00000000,0.02081
1749263333,0.02027000,13909.00000000,0.02081
1749263333,0.02026000,293.00000000,0.02081
1749263333,0.02024000,824.00000000,0.02081
1749263333,0.02022000,285.00000000,0.02081
1749263333,0.02020000,602.00000000,0.02081
1749263333,0.02019000,1195.00000000,0.02081
1749263333,0.02018000,362.00000000,0.02081
1749263333,0.02016000,298.00000000,0.02081
1749263333,0.02012000,1089.00000000,0.02081
1749263333,0.02010000,34563.00000000,0.02081
1749263333,0.02009000,1704.00000000,0.02081
1749263333,0.02008000,558.00000000,0.02081
1749263333,0.02007000,279.00000000,0.02081
1749263333,0.02005000,251.00000000,0.02081
1749263333,0.02001000,25783.00000000,0.02081
1749263333,0.02000000,299673.00000000,0.02081
1749263333,0.01996000,293.00000000,0.02081
1749263333,0.01995000,120505.00000000,0.02081
1749263333,0.01991000,597.00000000,0.02081
1749263333,0.01990000,239851.00000000,0.02081
1749263333,0.01988000,824.00000000,0.02081
1749263333,0.01986000,6583.00000000,0.02081
1749263333,0.01985000,285.00000000,0.02081
1749263333,0.01984000,3023.00000000,0.02081
1749263333,0.01981000,1721.00000000,0.02081
1749263333,0.01980000,51055.00000000,0.02081
1749263333,0.01976000,824.00000000,0.02081
1749263333,0.01975000,11409.00000000,0.02081
1749263333,0.01973000,833.00000000,0.02081
1749263333,0.01970000,52091.00000000,0.02081
1749263333,0.01967000,293.00000000,0.02081
1749263333,0.01965000,62376.00000000,0.02081
1749263333,0.01964000,824.00000000,0.02081
1749263333,0.01962000,2548.00000000,0.02081
1749263333,0.01960000,91057.00000000,0.02081
1749263333,0.01956000,258.00000000,0.02081
1749263333,0.01955000,5116.00000000,0.02081
1749263333,0.01954000,1195.00000000,0.02081
1749263333,0.01953000,461.00000000,0.02081
1749263333,0.01951000,824.00000000,0.02081
1749263333,0.01950000,150577.00000000,0.02081
1749263333,0.01948000,285.00000000,0.02081
1749263333,0.01945000,362.00000000,0.02081
1749263333,0.01944000,500.00000000,0.02081
1749263333,0.01943000,1029.00000000,0.02081
1749263333,0.01940000,54194.00000000,0.02081
1749263333,0.01939000,824.00000000,0.02081
1749263333,0.01938000,293.00000000,0.02081
1749263333,0.01936000,32451.00000000,0.02081
1749263333,0.01933000,979.00000000,0.02081
1749263333,0.01930000,154471.00000000,0.02081
1749263333,0.01927000,824.00000000,0.02081
1749263333,0.01926000,291.00000000,0.02081
1749263333,0.01925000,572.00000000,0.02081
1749263333,0.01922000,1195.00000000,0.02081
1749263333,0.01921000,3513.00000000,0.02081
1749263635,0.02074000,95343.00000000,0.02075
1749263635,0.02073000,136725.00000000,0.02075
1749263635,0.02072000,74845.00000000,0.02075
1749263635,0.02071000,299994.00000000,0.02075
1749263635,0.02070000,83319.00000000,0.02075
1749263635,0.02069000,67711.00000000,0.02075
1749263635,0.02068000,40392.00000000,0.02075
1749263635,0.02067000,397157.00000000,0.02075
1749263635,0.02066000,27711.00000000,0.02075
1749263635,0.02065000,17647.00000000,0.02075
1749263635,0.02064000,21903.00000000,0.02075
1749263635,0.02063000,67346.00000000,0.02075
1749263635,0.02062000,92872.00000000,0.02075
1749263635,0.02061000,71214.00000000,0.02075
1749263635,0.02060000,115694.00000000,0.02075
1749263635,0.02059000,60129.00000000,0.02075
1749263635,0.02058000,17665.00000000,0.02075
1749263635,0.02057000,9756.00000000,0.02075
1749263635,0.02056000,107270.00000000,0.02075
1749263635,0.02055000,107081.00000000,0.02075
1749263635,0.02054000,18151.00000000,0.02075
1749263635,0.02053000,54191.00000000,0.02075
1749263635,0.02052000,24219.00000000,0.02075
1749263635,0.02051000,10524.00000000,0.02075
1749263635,0.02050000,91563.00000000,0.02075
1749263635,0.02049000,824.00000000,0.02075
1749263635,0.02048000,90209.00000000,0.02075
1749263635,0.02044000,26138.00000000,0.02075
1749263635,0.02040000,384.00000000,0.02075
1749263635,0.02038000,222485.00000000,0.02075
1749263635,0.02037000,1193.00000000,0.02075
1749263635,0.02036000,1516.00000000,0.02075
1749263635,0.02035000,73765.00000000,0.02075
1749263635,0.02032000,858.00000000,0.02075
1749263635,0.02030000,50300.00000000,0.02075
1749263635,0.02029000,1193.00000000,0.02075
1749263635,0.02027000,13909.00000000,0.02075
1749263635,0.02026000,293.00000000,0.02075
1749263635,0.02024000,824.00000000,0.02075
1749263635,0.02022000,285.00000000,0.02075
1749263635,0.02020000,602.00000000,0.02075
1749263635,0.02019000,1195.00000000,0.02075
1749263635,0.02018000,362.00000000,0.02075
1749263635,0.02016000,298.00000000,0.02075
1749263635,0.02012000,1089.00000000,0.02075
1749263635,0.02010000,34563.00000000,0.02075
1749263635,0.02009000,1704.00000000,0.02075
1749263635,0.02008000,558.00000000,0.02075
1749263635,0.02007000,279.00000000,0.02075
1749263635,0.02005000,251.00000000,0.02075
1749263635,0.02001000,28189.00000000,0.02075
1749263635,0.02000000,299193.00000000,0.02075
1749263635,0.01996000,293.00000000,0.02075
1749263635,0.01994000,482.00000000,0.02075
1749263635,0.01991000,597.00000000,0.02075
1749263635,0.01990000,239851.00000000,0.02075
1749263635,0.01988000,824.00000000,0.02075
1749263635,0.01986000,6583.00000000,0.02075
1749263635,0.01985000,285.00000000,0.02075
1749263635,0.01984000,3023.00000000,0.02075
1749263635,0.01981000,1721.00000000,0.02075
1749263635,0.01980000,51055.00000000,0.02075
1749263635,0.01976000,824.00000000,0.02075
1749263635,0.01975000,11409.00000000,0.02075
1749263635,0.01973000,833.00000000,0.02075
1749263635,0.01970000,52091.00000000,0.02075
1749263635,0.01967000,293.00000000,0.02075
1749263635,0.01965000,62376.00000000,0.02075
1749263635,0.01964000,824.00000000,0.02075
1749263635,0.01962000,2548.00000000,0.02075
1749263635,0.01960000,91057.00000000,0.02075
1749263635,0.01956000,258.00000000,0.02075
1749263635,0.01955000,5116.00000000,0.02075
1749263635,0.01954000,1195.00000000,0.02075
1749263635,0.01953000,461.00000000,0.02075
1749263635,0.01951000,824.00000000,0.02075
1749263635,0.01950000,150577.00000000,0.02075
1749263635,0.01948000,285.00000000,0.02075
1749263635,0.01945000,362.00000000,0.02075
1749263635,0.01944000,500.00000000,0.02075
1749263635,0.01943000,1029.00000000,0.02075
1749263635,0.01940000,54194.00000000,0.02075
1749263635,0.01939000,824.00000000,0.02075
1749263635,0.01938000,293.00000000,0.02075
1749263635,0.01936000,32451.00000000,0.02075
1749263635,0.01933000,979.00000000,0.02075
1749263635,0.01930000,154471.00000000,0.02075
1749263635,0.01927000,824.00000000,0.02075
1749263635,0.01926000,291.00000000,0.02075
1749263635,0.01925000,572.00000000,0.02075
1749263635,0.01922000,1195.00000000,0.02075
1749263635,0.01921000,3513.00000000,0.02075
1749263635,0.01920000,52083.00000000,0.02075
1749263635,0.01915000,824.00000000,0.02075
1749263635,0.01911000,285.00000000,0.02075
1749263635,0.01910000,153198.00000000,0.02075
1749263635,0.01909000,919.00000000,0.02075
1749263635,0.01903000,824.00000000,0.02075
1749263635,0.01901000,2631.00000000,0.02075
1749263635,0.01900000,133681.00000000,0.02075
1749263942,0.02078000,63289.00000000,0.02079
1749263942,0.02077000,67700.00000000,0.02079
1749263942,0.02076000,236178.00000000,0.02079
1749263942,0.02075000,138781.00000000,0.02079
1749263942,0.02074000,161298.00000000,0.02079
1749263942,0.02073000,120215.00000000,0.02079
1749263942,0.02072000,43852.00000000,0.02079
1749263942,0.02071000,104295.00000000,0.02079
1749263942,0.02070000,201773.00000000,0.02079
1749263942,0.02069000,114297.00000000,0.02079
1749263942,0.02068000,76856.00000000,0.02079
1749263942,0.02067000,68627.00000000,0.02079
1749263942,0.02066000,113761.00000000,0.02079
1749263942,0.02065000,17647.00000000,0.02079
1749263942,0.02064000,67893.00000000,0.02079
1749263942,0.02063000,17641.00000000,0.02079
1749263942,0.02062000,66771.00000000,0.02079
1749263942,0.02061000,71214.00000000,0.02079
1749263942,0.02060000,55523.00000000,0.02079
1749263942,0.02059000,106889.00000000,0.02079
1749263942,0.02058000,17665.00000000,0.02079
1749263942,0.02057000,8024.00000000,0.02079
1749263942,0.02056000,110037.00000000,0.02079
1749263942,0.02055000,8024.00000000,0.02079
1749263942,0.02054000,18151.00000000,0.02079
1749263942,0.02053000,49691.00000000,0.02079
1749263942,0.02052000,27195.00000000,0.02079
1749263942,0.02051000,2500.00000000,0.02079
1749263942,0.02050000,72539.00000000,0.02079
1749263942,0.02049000,824.00000000,0.02079
1749263942,0.02048000,90209.00000000,0.02079
1749263942,0.02044000,26138.00000000,0.02079
1749263942,0.02040000,384.00000000,0.02079
1749263942,0.02038000,222485.00000000,0.02079
1749263942,0.02037000,1193.00000000,0.02079
1749263942,0.02036000,1516.00000000,0.02079
1749263942,0.02035000,73765.00000000,0.02079
1749263942,0.02032000,858.00000000,0.02079
1749263942,0.02030000,4762.00000000,0.02079
1749263942,0.02029000,1193.00000000,0.02079
1749263942,0.02027000,13909.00000000,0.02079
1749263942,0.02026000,293.00000000,0.02079
1749263942,0.02024000,824.00000000,0.02079
1749263942,0.02022000,285.00000000,0.02079
1749263942,0.02020000,602.00000000,0.02079
1749263942,0.02019000,1195.00000000,0.02079
1749263942,0.02018000,362.00000000,0.02079
1749263942,0.02016000,298.00000000,0.02079
1749263942,0.02012000,1089.00000000,0.02079
1749263942,0.02010000,34563.00000000,0.02079
1749263942,0.02009000,1704.00000000,0.02079
1749263942,0.02008000,558.00000000,0.02079
1749263942,0.02007000,279.00000000,0.02079
1749263942,0.02005000,251.00000000,0.02079
1749263942,0.02001000,24245.00000000,0.02079
1749263942,0.02000000,299193.00000000,0.02079
1749263942,0.01996000,774.00000000,0.02079
1749263942,0.01991000,4739.00000000,0.02079
1749263942,0.01990000,239851.00000000,0.02079
1749263942,0.01988000,824.00000000,0.02079
1749263942,0.01986000,6583.00000000,0.02079
1749263942,0.01985000,285.00000000,0.02079
1749263942,0.01984000,3023.00000000,0.02079
1749263942,0.01981000,1721.00000000,0.02079
1749263942,0.01980000,51055.00000000,0.02079
1749263942,0.01976000,824.00000000,0.02079
1749263942,0.01975000,11409.00000000,0.02079
1749263942,0.01973000,833.00000000,0.02079
1749263942,0.01970000,52091.00000000,0.02079
1749263942,0.01967000,293.00000000,0.02079
1749263942,0.01965000,62376.00000000,0.02079
1749263942,0.01964000,824.00000000,0.02079
1749263942,0.01962000,2548.00000000,0.02079
1749263942,0.01960000,91057.00000000,0.02079
1749263942,0.01956000,258.00000000,0.02079
1749263942,0.01955000,5116.00000000,0.02079
1749263942,0.01954000,1195.00000000,0.02079
1749263942,0.01953000,461.00000000,0.02079
1749263942,0.01951000,824.00000000,0.02079
1749263942,0.01950000,150577.00000000,0.02079
1749263942,0.01948000,285.00000000,0.02079
1749263942,0.01945000,362.00000000,0.02079
1749263942,0.01944000,500.00000000,0.02079
1749263942,0.01943000,1029.00000000,0.02079
1749263942,0.01940000,54194.00000000,0.02079
1749263942,0.01939000,824.00000000,0.02079
1749263942,0.01938000,293.00000000,0.02079
1749263942,0.01936000,32451.00000000,0.02079
1749263942,0.01933000,979.00000000,0.02079
1749263942,0.01930000,154471.00000000,0.02079
1749263942,0.01927000,824.00000000,0.02079
1749263942,0.01926000,291.00000000,0.02079
1749263942,0.01925000,572.00000000,0.02079
1749263942,0.01922000,1195.00000000,0.02079
1749263942,0.01921000,3513.00000000,0.02079
1749263942,0.01920000,52083.00000000,0.02079
1749263942,0.01915000,824.00000000,0.02079
1749263942,0.01911000,285.00000000,0.02079
1749263942,0.01910000,153198.00000000,0.02079
1749263942,0.01909000,919.00000000,0.02079
1749264243,0.02076000,8824.00000000,0.02075
1749264243,0.02075000,47099.00000000,0.02075
1749264243,0.02074000,131734.00000000,0.02075
1749264243,0.02073000,263635.00000000,0.02075
1749264243,0.02072000,446297.00000000,0.02075
1749264243,0.02071000,109656.00000000,0.02075
1749264243,0.02070000,49398.00000000,0.02075
1749264243,0.02069000,44592.00000000,0.02075
1749264243,0.02068000,146326.00000000,0.02075
1749264243,0.02067000,346467.00000000,0.02075
1749264243,0.02066000,173229.00000000,0.02075
1749264243,0.02065000,21918.00000000,0.02075
1749264243,0.02064000,17641.00000000,0.02075
1749264243,0.02063000,17641.00000000,0.02075
1749264243,0.02062000,117071.00000000,0.02075
1749264243,0.02061000,118072.00000000,0.02075
1749264243,0.02060000,55523.00000000,0.02075
1749264243,0.02059000,9755.00000000,0.02075
1749264243,0.02058000,17665.00000000,0.02075
1749264243,0.02057000,9756.00000000,0.02075
1749264243,0.02056000,209046.00000000,0.02075
1749264243,0.02055000,8024.00000000,0.02075
1749264243,0.02054000,18151.00000000,0.02075
1749264243,0.02053000,49691.00000000,0.02075
1749264243,0.02052000,24219.00000000,0.02075
1749264243,0.02051000,21524.00000000,0.02075
1749264243,0.02050000,72539.00000000,0.02075
1749264243,0.02049000,824.00000000,0.02075
1749264243,0.02048000,90209.00000000,0.02075
1749264243,0.02044000,26138.00000000,0.02075
1749264243,0.02040000,384.00000000,0.02075
1749264243,0.02038000,222485.00000000,0.02075
1749264243,0.02037000,1193.00000000,0.02075
1749264243,0.02036000,1516.00000000,0.02075
1749264243,0.02035000,73765.00000000,0.02075
1749264243,0.02032000,858.00000000,0.02075
1749264243,0.02030000,55062.00000000,0.02075
1749264243,0.02029000,1193.00000000,0.02075
1749264243,0.02027000,13909.00000000,0.02075
1749264243,0.02026000,293.00000000,0.02075
1749264243,0.02024000,824.00000000,0.02075
1749264243,0.02022000,285.00000000,0.02075
1749264243,0.02020000,602.00000000,0.02075
1749264243,0.02019000,1195.00000000,0.02075
1749264243,0.02018000,362.00000000,0.02075
1749264243,0.02016000,298.00000000,0.02075
1749264243,0.02012000,1089.00000000,0.02075
1749264243,0.02010000,34563.00000000,0.02075
1749264243,0.02009000,1704.00000000,0.02075
1749264243,0.02008000,558.00000000,0.02075
1749264243,0.02007000,279.00000000,0.02075
1749264243,0.02005000,251.00000000,0.02075
1749264243,0.02001000,11409.00000000,0.02075
1749264243,0.02000000,299193.00000000,0.02075
1749264243,0.01996000,774.00000000,0.02075
1749264243,0.01991000,18936.00000000,0.02075
1749264243,0.01990000,239851.00000000,0.02075
1749264243,0.01988000,824.00000000,0.02075
1749264243,0.01986000,6583.00000000,0.02075
1749264243,0.01985000,285.00000000,0.02075
1749264243,0.01984000,3023.00000000,0.02075
1749264243,0.01981000,1721.00000000,0.02075
1749264243,0.01980000,51055.00000000,0.02075
1749264243,0.01976000,824.00000000,0.02075
1749264243,0.01975000,11409.00000000,0.02075
1749264243,0.01973000,833.00000000,0.02075
1749264243,0.01970000,52091.00000000,0.02075
1749264243,0.01967000,293.00000000,0.02075
1749264243,0.01965000,62376.00000000,0.02075
1749264243,0.01964000,824.00000000,0.02075
1749264243,0.01962000,2548.00000000,0.02075
1749264243,0.01960000,91057.00000000,0.02075
1749264243,0.01956000,258.00000000,0.02075
1749264243,0.01955000,5116.00000000,0.02075
1749264243,0.01954000,1195.00000000,0.02075
1749264243,0.01953000,461.00000000,0.02075
1749264243,0.01951000,824.00000000,0.02075
1749264243,0.01950000,150577.00000000,0.02075
1749264243,0.01948000,285.00000000,0.02075
1749264243,0.01945000,362.00000000,0.02075
1749264243,0.01944000,500.00000000,0.02075
1749264243,0.01943000,1029.00000000,0.02075
1749264243,0.01940000,54194.00000000,0.02075
1749264243,0.01939000,824.00000000,0.02075
1749264243,0.01938000,293.00000000,0.02075
1749264243,0.01936000,32451.00000000,0.02075
1749264243,0.01933000,979.00000000,0.02075
1749264243,0.01930000,154471.00000000,0.02075
1749264243,0.01927000,824.00000000,0.02075
1749264243,0.01926000,291.00000000,0.02075
1749264243,0.01925000,572.00000000,0.02075
1749264243,0.01922000,1195.00000000,0.02075
1749264243,0.01921000,3513.00000000,0.02075
1749264243,0.01920000,52083.00000000,0.02075
1749264243,0.01915000,824.00000000,0.02075
1749264243,0.01911000,285.00000000,0.02075
1749264243,0.01910000,153198.00000000,0.02075
1749264243,0.01909000,919.00000000,0.02075
1749264243,0.01903000,824.00000000,0.02075
1749264243,0.01901000,2631.00000000,0.02075
1749264550,0.02077000,12373.00000000,0.02077
1749264550,0.02076000,43686.00000000,0.02077
1749264550,0.02075000,104681.00000000,0.02077
1749264550,0.02074000,289473.00000000,0.02077
1749264550,0.02073000,197670.00000000,0.02077
1749264550,0.02072000,257597.00000000,0.02077
1749264550,0.02071000,75775.00000000,0.02077
1749264550,0.02070000,69824.00000000,0.02077
1749264550,0.02069000,175702.00000000,0.02077
1749264550,0.02068000,113848.00000000,0.02077
1749264550,0.02067000,21645.00000000,0.02077
1749264550,0.02066000,177496.00000000,0.02077
1749264550,0.02065000,17647.00000000,0.02077
1749264550,0.02064000,27920.00000000,0.02077
1749264550,0.02063000,17641.00000000,0.02077
1749264550,0.02062000,69271.00000000,0.02077
1749264550,0.02061000,118075.00000000,0.02077
1749264550,0.02060000,18039.00000000,0.02077
1749264550,0.02059000,60129.00000000,0.02077
1749264550,0.02058000,114846.00000000,0.02077
1749264550,0.02057000,9756.00000000,0.02077
1749264550,0.02056000,110037.00000000,0.02077
1749264550,0.02055000,8024.00000000,0.02077
1749264550,0.02054000,46972.00000000,0.02077
1749264550,0.02053000,49691.00000000,0.02077
1749264550,0.02052000,24219.00000000,0.02077
1749264550,0.02051000,21524.00000000,0.02077
1749264550,0.02050000,78815.00000000,0.02077
1749264550,0.02049000,824.00000000,0.02077
1749264550,0.02048000,90209.00000000,0.02077
1749264550,0.02040000,384.00000000,0.02077
1749264550,0.02039000,26202.00000000,0.02077
1749264550,0.02038000,222485.00000000,0.02077
1749264550,0.02037000,1193.00000000,0.02077
1749264550,0.02036000,1516.00000000,0.02077
1749264550,0.02035000,73765.00000000,0.02077
1749264550,0.02032000,858.00000000,0.02077
1749264550,0.02030000,55062.00000000,0.02077
1749264550,0.02029000,1193.00000000,0.02077
1749264550,0.02027000,13909.00000000,0.02077
1749264550,0.02026000,293.00000000,0.02077
1749264550,0.02024000,824.00000000,0.02077
1749264550,0.02022000,285.00000000,0.02077
1749264550,0.02020000,602.00000000,0.02077
1749264550,0.02019000,1195.00000000,0.02077
1749264550,0.02018000,362.00000000,0.02077
1749264550,0.02016000,298.00000000,0.02077
1749264550,0.02012000,1089.00000000,0.02077
1749264550,0.02010000,34563.00000000,0.02077
1749264550,0.02009000,1704.00000000,0.02077
1749264550,0.02008000,558.00000000,0.02077
1749264550,0.02007000,279.00000000,0.02077
1749264550,0.02005000,251.00000000,0.02077
1749264550,0.02001000,16893.00000000,0.02077
1749264550,0.02000000,299193.00000000,0.02077
1749264550,0.01996000,774.00000000,0.02077
1749264550,0.01991000,13452.00000000,0.02077
1749264550,0.01990000,239851.00000000,0.02077
1749264550,0.01988000,824.00000000,0.02077
1749264550,0.01986000,6583.00000000,0.02077
1749264550,0.01985000,285.00000000,0.02077
1749264550,0.01984000,3023.00000000,0.02077
1749264550,0.01981000,1721.00000000,0.02077
1749264550,0.01980000,51055.00000000,0.02077
1749264550,0.01976000,824.00000000,0.02077
1749264550,0.01975000,11409.00000000,0.02077
1749264550,0.01973000,833.00000000,0.02077
1749264550,0.01970000,52091.00000000,0.02077
1749264550,0.01967000,293.00000000,0.02077
1749264550,0.01965000,62376.00000000,0.02077
1749264550,0.01964000,824.00000000,0.02077
1749264550,0.01962000,2548.00000000,0.02077
1749264550,0.01960000,91057.00000000,0.02077
1749264550,0.01956000,258.00000000,0.02077
1749264550,0.01955000,5116.00000000,0.02077
1749264550,0.01954000,1195.00000000,0.02077
1749264550,0.01953000,461.00000000,0.02077
1749264550,0.01951000,824.00000000,0.02077
1749264550,0.01950000,150577.00000000,0.02077
1749264550,0.01948000,285.00000000,0.02077
1749264550,0.01945000,362.00000000,0.02077
1749264550,0.01944000,500.00000000,0.02077
1749264550,0.01943000,1029.00000000,0.02077
1749264550,0.01940000,54194.00000000,0.02077
1749264550,0.01939000,824.00000000,0.02077
1749264550,0.01938000,293.00000000,0.02077
1749264550,0.01936000,32451.00000000,0.02077
1749264550,0.01933000,979.00000000,0.02077
1749264550,0.01930000,154471.00000000,0.02077
1749264550,0.01927000,824.00000000,0.02077
1749264550,0.01926000,291.00000000,0.02077
1749264550,0.01925000,572.00000000,0.02077
1749264550,0.01922000,1195.00000000,0.02077
1749264550,0.01921000,3513.00000000,0.02077
1749264550,0.01920000,52083.00000000,0.02077
1749264550,0.01915000,824.00000000,0.02077
1749264550,0.01911000,285.00000000,0.02077
1749264550,0.01910000,153198.00000000,0.02077
1749264550,0.01909000,919.00000000,0.02077
1749264550,0.01903000,824.00000000,0.02077
1749264852,0.02079000,8824.00000000,0.02079
1749264852,0.02078000,55003.00000000,0.02079
1749264852,0.02077000,148005.00000000,0.02079
1749264852,0.02076000,349227.00000000,0.02079
1749264852,0.02075000,213840.00000000,0.02079
1749264852,0.02074000,306550.00000000,0.02079
1749264852,0.02073000,52241.00000000,0.02079
1749264852,0.02072000,43847.00000000,0.02079
1749264852,0.02071000,182133.00000000,0.02079
1749264852,0.02070000,23546.00000000,0.02079
1749264852,0.02069000,17632.00000000,0.02079
1749264852,0.02068000,80815.00000000,0.02079
1749264852,0.02067000,37952.00000000,0.02079
1749264852,0.02066000,129545.00000000,0.02079
1749264852,0.02065000,67139.00000000,0.02079
1749264852,0.02064000,17641.00000000,0.02079
1749264852,0.02063000,64463.00000000,0.02079
1749264852,0.02062000,70449.00000000,0.02079
1749264852,0.02061000,45291.00000000,0.02079
1749264852,0.02060000,153610.00000000,0.02079
1749264852,0.02059000,9755.00000000,0.02079
1749264852,0.02058000,15933.00000000,0.02079
1749264852,0.02057000,8024.00000000,0.02079
1749264852,0.02056000,110037.00000000,0.02079
1749264852,0.02055000,25286.00000000,0.02079
1749264852,0.02054000,8386.00000000,0.02079
1749264852,0.02053000,49691.00000000,0.02079
1749264852,0.02052000,16195.00000000,0.02079
1749264852,0.02051000,2500.00000000,0.02079
1749264852,0.02050000,72539.00000000,0.02079
1749264852,0.02049000,824.00000000,0.02079
1749264852,0.02048000,90209.00000000,0.02079
1749264852,0.02040000,384.00000000,0.02079
1749264852,0.02038000,222485.00000000,0.02079
1749264852,0.02037000,1193.00000000,0.02079
1749264852,0.02036000,1516.00000000,0.02079
1749264852,0.02035000,73765.00000000,0.02079
1749264852,0.02032000,858.00000000,0.02079
1749264852,0.02031000,50300.00000000,0.02079
1749264852,0.02030000,4762.00000000,0.02079
1749264852,0.02029000,1193.00000000,0.02079
1749264852,0.02027000,13909.00000000,0.02079
1749264852,0.02026000,293.00000000,0.02079
1749264852,0.02024000,824.00000000,0.02079
1749264852,0.02022000,285.00000000,0.02079
1749264852,0.02020000,602.00000000,0.02079
1749264852,0.02019000,1195.00000000,0.02079
1749264852,0.02018000,362.00000000,0.02079
1749264852,0.02012000,1089.00000000,0.02079
1749264852,0.02010000,34563.00000000,0.02079
1749264852,0.02009000,1704.00000000,0.02079
1749264852,0.02008000,558.00000000,0.02079
1749264852,0.02007000,279.00000000,0.02079
1749264852,0.02005000,251.00000000,0.02079
1749264852,0.02001000,16893.00000000,0.02079
1749264852,0.02000000,299193.00000000,0.02079
1749264852,0.01996000,774.00000000,0.02079
1749264852,0.01991000,13452.00000000,0.02079
1749264852,0.01990000,239851.00000000,0.02079
1749264852,0.01988000,824.00000000,0.02079
1749264852,0.01986000,6583.00000000,0.02079
1749264852,0.01985000,285.00000000,0.02079
1749264852,0.01984000,3023.00000000,0.02079
1749264852,0.01981000,1721.00000000,0.02079
1749264852,0.01980000,51055.00000000,0.02079
1749264852,0.01976000,824.00000000,0.02079
1749264852,0.01975000,11409.00000000,0.02079
1749264852,0.01973000,833.00000000,0.02079
1749264852,0.01970000,52091.00000000,0.02079
1749264852,0.01967000,293.00000000,0.02079
1749264852,0.01965000,62376.00000000,0.02079
1749264852,0.01964000,824.00000000,0.02079
1749264852,0.01962000,2548.00000000,0.02079
1749264852,0.01960000,91057.00000000,0.02079
1749264852,0.01956000,258.00000000,0.02079
1749264852,0.01955000,5116.00000000,0.02079
1749264852,0.01954000,1195.00000000,0.02079
1749264852,0.01951000,824.00000000,0.02079
1749264852,0.01950000,150577.00000000,0.02079
1749264852,0.01948000,285.00000000,0.02079
1749264852,0.01945000,362.00000000,0.02079
1749264852,0.01944000,500.00000000,0.02079
1749264852,0.01943000,1029.00000000,0.02079
1749264852,0.01940000,54194.00000000,0.02079
1749264852,0.01939000,824.00000000,0.02079
1749264852,0.01938000,293.00000000,0.02079
1749264852,0.01936000,32451.00000000,0.02079
1749264852,0.01933000,979.00000000,0.02079
1749264852,0.01930000,154471.00000000,0.02079
1749264852,0.01927000,824.00000000,0.02079
1749264852,0.01926000,291.00000000,0.02079
1749264852,0.01925000,572.00000000,0.02079
1749264852,0.01922000,1195.00000000,0.02079
1749264852,0.01921000,3513.00000000,0.02079
1749264852,0.01920000,52083.00000000,0.02079
1749264852,0.01915000,824.00000000,0.02079
1749264852,0.01911000,285.00000000,0.02079
1749264852,0.01910000,153198.00000000,0.02079
1749264852,0.01909000,919.00000000,0.02079
1749264852,0.01903000,824.00000000,0.02079
1749265155,0.02081000,18295.00000000,0.02081
1749265155,0.02080000,16997.00000000,0.02081
1749265155,0.02079000,42309.00000000,0.02081
1749265155,0.02078000,95476.00000000,0.02081
1749265155,0.02077000,264278.00000000,0.02081
1749265155,0.02076000,313975.00000000,0.02081
1749265155,0.02075000,456049.00000000,0.02081
1749265155,0.02074000,20524.00000000,0.02081
1749265155,0.02073000,186026.00000000,0.02081
1749265155,0.02072000,28396.00000000,0.02081
1749265155,0.02071000,44457.00000000,0.02081
1749265155,0.02070000,103524.00000000,0.02081
1749265155,0.02069000,64336.00000000,0.02081
1749265155,0.02068000,17652.00000000,0.02081
1749265155,0.02067000,17634.00000000,0.02081
1749265155,0.02066000,153695.00000000,0.02081
1749265155,0.02065000,67139.00000000,0.02081
1749265155,0.02064000,20141.00000000,0.02081
1749265155,0.02063000,17641.00000000,0.02081
1749265155,0.02062000,174093.00000000,0.02081
1749265155,0.02061000,20801.00000000,0.02081
1749265155,0.02060000,111257.00000000,0.02081
1749265155,0.02059000,8024.00000000,0.02081
1749265155,0.02058000,31433.00000000,0.02081
1749265155,0.02057000,8024.00000000,0.02081
1749265155,0.02056000,50716.00000000,0.02081
1749265155,0.02055000,14286.00000000,0.02081
1749265155,0.02054000,362.00000000,0.02081
1749265155,0.02053000,49691.00000000,0.02081
1749265155,0.02052000,50255.00000000,0.02081
1749265155,0.02051000,10524.00000000,0.02081
1749265155,0.02050000,45268.00000000,0.02081
1749265155,0.02049000,824.00000000,0.02081
1749265155,0.02048000,90209.00000000,0.02081
1749265155,0.02043000,195790.00000000,0.02081
1749265155,0.02040000,384.00000000,0.02081
1749265155,0.02038000,26215.00000000,0.02081
1749265155,0.02037000,1193.00000000,0.02081
1749265155,0.02036000,1516.00000000,0.02081
1749265155,0.02035000,124065.00000000,0.02081
1749265155,0.02032000,858.00000000,0.02081
1749265155,0.02030000,4762.00000000,0.02081
1749265155,0.02029000,1193.00000000,0.02081
1749265155,0.02027000,13909.00000000,0.02081
1749265155,0.02026000,293.00000000,0.02081
1749265155,0.02024000,824.00000000,0.02081
1749265155,0.02022000,285.00000000,0.02081
1749265155,0.02020000,602.00000000,0.02081
1749265155,0.02019000,1195.00000000,0.02081
1749265155,0.02018000,362.00000000,0.02081
1749265155,0.02012000,1089.00000000,0.02081
1749265155,0.02010000,34563.00000000,0.02081
1749265155,0.02009000,1704.00000000,0.02081
1749265155,0.02008000,558.00000000,0.02081
1749265155,0.02007000,279.00000000,0.02081
1749265155,0.02005000,251.00000000,0.02081
1749265155,0.02001000,16893.00000000,0.02081
1749265155,0.02000000,299673.00000000,0.02081
1749265155,0.01996000,293.00000000,0.02081
1749265155,0.01991000,18405.00000000,0.02081
1749265155,0.01990000,239851.00000000,0.02081
1749265155,0.01988000,824.00000000,0.02081
1749265155,0.01986000,6583.00000000,0.02081
1749265155,0.01985000,285.00000000,0.02081
1749265155,0.01984000,3023.00000000,0.02081
1749265155,0.01981000,1721.00000000,0.02081
1749265155,0.01980000,51055.00000000,0.02081
1749265155,0.01976000,824.00000000,0.02081
1749265155,0.01975000,11409.00000000,0.02081
1749265155,0.01973000,833.00000000,0.02081
1749265155,0.01970000,52091.00000000,0.02081
1749265155,0.01967000,293.00000000,0.02081
1749265155,0.01965000,62376.00000000,0.02081
1749265155,0.01964000,824.00000000,0.02081
1749265155,0.01962000,2548.00000000,0.02081
1749265155,0.01960000,91057.00000000,0.02081
1749265155,0.01956000,258.00000000,0.02081
1749265155,0.01955000,5116.00000000,0.02081
1749265155,0.01954000,1195.00000000,0.02081
1749265155,0.01951000,824.00000000,0.02081
1749265155,0.01950000,150577.00000000,0.02081
1749265155,0.01948000,285.00000000,0.02081
1749265155,0.01945000,362.00000000,0.02081
1749265155,0.01944000,500.00000000,0.02081
1749265155,0.01943000,1029.00000000,0.02081
1749265155,0.01940000,54194.00000000,0.02081
1749265155,0.01939000,824.00000000,0.02081
1749265155,0.01938000,293.00000000,0.02081
1749265155,0.01936000,32451.00000000,0.02081
1749265155,0.01933000,979.00000000,0.02081
1749265155,0.01930000,154471.00000000,0.02081
1749265155,0.01927000,824.00000000,0.02081
1749265155,0.01926000,291.00000000,0.02081
1749265155,0.01925000,572.00000000,0.02081
1749265155,0.01922000,1195.00000000,0.02081
1749265155,0.01921000,3513.00000000,0.02081
1749265155,0.01920000,52083.00000000,0.02081
1749265155,0.01915000,824.00000000,0.02081
1749265155,0.01911000,285.00000000,0.02081
1749265155,0.01910000,153198.00000000,0.02081
1749265456,0.02081000,8550.00000000,0.02081
1749265456,0.02080000,141975.00000000,0.02081
1749265456,0.02079000,107366.00000000,0.02081
1749265456,0.02078000,371398.00000000,0.02081
1749265456,0.02077000,120792.00000000,0.02081
1749265456,0.02076000,195490.00000000,0.02081
1749265456,0.02075000,216594.00000000,0.02081
1749265456,0.02074000,42672.00000000,0.02081
1749265456,0.02073000,186020.00000000,0.02081
1749265456,0.02072000,198814.00000000,0.02081
1749265456,0.02071000,44458.00000000,0.02081
1749265456,0.02070000,95183.00000000,0.02081
1749265456,0.02069000,68602.00000000,0.02081
1749265456,0.02068000,17652.00000000,0.02081
1749265456,0.02067000,17634.00000000,0.02081
1749265456,0.02066000,43495.00000000,0.02081
1749265456,0.02065000,117618.00000000,0.02081
1749265456,0.02064000,20141.00000000,0.02081
1749265456,0.02063000,17641.00000000,0.02081
1749265456,0.02062000,77100.00000000,0.02081
1749265456,0.02061000,122341.00000000,0.02081
1749265456,0.02060000,30809.00000000,0.02081
1749265456,0.02059000,8024.00000000,0.02081
1749265456,0.02058000,76163.00000000,0.02081
1749265456,0.02057000,8024.00000000,0.02081
1749265456,0.02056000,142161.00000000,0.02081
1749265456,0.02055000,8024.00000000,0.02081
1749265456,0.02054000,33632.00000000,0.02081
1749265456,0.02053000,24433.00000000,0.02081
1749265456,0.02052000,50255.00000000,0.02081
1749265456,0.02051000,16798.00000000,0.02081
1749265456,0.02050000,45268.00000000,0.02081
1749265456,0.02049000,824.00000000,0.02081
1749265456,0.02048000,90209.00000000,0.02081
1749265456,0.02044000,195694.00000000,0.02081
1749265456,0.02040000,384.00000000,0.02081
1749265456,0.02038000,26215.00000000,0.02081
1749265456,0.02037000,1193.00000000,0.02081
1749265456,0.02036000,1516.00000000,0.02081
1749265456,0.02035000,73765.00000000,0.02081
1749265456,0.02033000,50300.00000000,0.02081
1749265456,0.02032000,858.00000000,0.02081
1749265456,0.02030000,4762.00000000,0.02081
1749265456,0.02029000,1193.00000000,0.02081
1749265456,0.02027000,13909.00000000,0.02081
1749265456,0.02026000,293.00000000,0.02081
1749265456,0.02024000,824.00000000,0.02081
1749265456,0.02022000,285.00000000,0.02081
1749265456,0.02020000,602.00000000,0.02081
1749265456,0.02019000,1195.00000000,0.02081
1749265456,0.02018000,362.00000000,0.02081
1749265456,0.02012000,1089.00000000,0.02081
1749265456,0.02010000,34563.00000000,0.02081
1749265456,0.02009000,1704.00000000,0.02081
1749265456,0.02008000,558.00000000,0.02081
1749265456,0.02007000,279.00000000,0.02081
1749265456,0.02005000,251.00000000,0.02081
1749265456,0.02001000,16891.00000000,0.02081
1749265456,0.02000000,299193.00000000,0.02081
1749265456,0.01999000,480.00000000,0.02081
1749265456,0.01996000,293.00000000,0.02081
1749265456,0.01991000,21188.00000000,0.02081
1749265456,0.01990000,239851.00000000,0.02081
1749265456,0.01988000,824.00000000,0.02081
1749265456,0.01986000,6583.00000000,0.02081
1749265456,0.01985000,285.00000000,0.02081
1749265456,0.01984000,3023.00000000,0.02081
1749265456,0.01981000,1721.00000000,0.02081
1749265456,0.01980000,51055.00000000,0.02081
1749265456,0.01976000,824.00000000,0.02081
1749265456,0.01975000,11409.00000000,0.02081
1749265456,0.01973000,833.00000000,0.02081
1749265456,0.01970000,52091.00000000,0.02081
1749265456,0.01967000,293.00000000,0.02081
1749265456,0.01965000,62376.00000000,0.02081
1749265456,0.01964000,824.00000000,0.02081
1749265456,0.01962000,2548.00000000,0.02081
1749265456,0.01960000,91057.00000000,0.02081
1749265456,0.01956000,258.00000000,0.02081
1749265456,0.01955000,5116.00000000,0.02081
1749265456,0.01954000,1195.00000000,0.02081
1749265456,0.01951000,824.00000000,0.02081
1749265456,0.01950000,150577.00000000,0.02081
1749265456,0.01948000,285.00000000,0.02081
1749265456,0.01945000,362.00000000,0.02081
1749265456,0.01944000,500.00000000,0.02081
1749265456,0.01943000,1029.00000000,0.02081
1749265456,0.01940000,54194.00000000,0.02081
1749265456,0.01939000,824.00000000,0.02081
1749265456,0.01938000,293.00000000,0.02081
1749265456,0.01936000,32451.00000000,0.02081
1749265456,0.01933000,979.00000000,0.02081
1749265456,0.01930000,154471.00000000,0.02081
1749265456,0.01927000,824.00000000,0.02081
1749265456,0.01926000,291.00000000,0.02081
1749265456,0.01925000,572.00000000,0.02081
1749265456,0.01922000,1195.00000000,0.02081
1749265456,0.01921000,3513.00000000,0.02081
1749265456,0.01920000,52083.00000000,0.02081
1749265456,0.01915000,824.00000000,0.02081
1749265758,0.02081000,8572.00000000,0.02081
1749265758,0.02080000,16421.00000000,0.02081
1749265758,0.02079000,83947.00000000,0.02081
1749265758,0.02078000,162895.00000000,0.02081
1749265758,0.02077000,353299.00000000,0.02081
1749265758,0.02076000,222666.00000000,0.02081
1749265758,0.02075000,262987.00000000,0.02081
1749265758,0.02074000,42664.00000000,0.02081
1749265758,0.02073000,259924.00000000,0.02081
1749265758,0.02072000,115324.00000000,0.02081
1749265758,0.02071000,54058.00000000,0.02081
1749265758,0.02070000,47998.00000000,0.02081
1749265758,0.02069000,119473.00000000,0.02081
1749265758,0.02068000,67806.00000000,0.02081
1749265758,0.02067000,17634.00000000,0.02081
1749265758,0.02066000,122303.00000000,0.02081
1749265758,0.02065000,67391.00000000,0.02081
1749265758,0.02064000,20141.00000000,0.02081
1749265758,0.02063000,17641.00000000,0.02081
1749265758,0.02062000,174093.00000000,0.02081
1749265758,0.02061000,36301.00000000,0.02081
1749265758,0.02060000,19809.00000000,0.02081
1749265758,0.02059000,8024.00000000,0.02081
1749265758,0.02058000,15933.00000000,0.02081
1749265758,0.02057000,8024.00000000,0.02081
1749265758,0.02056000,141868.00000000,0.02081
1749265758,0.02055000,8024.00000000,0.02081
1749265758,0.02054000,37632.00000000,0.02081
1749265758,0.02053000,24433.00000000,0.02081
1749265758,0.02052000,50255.00000000,0.02081
1749265758,0.02051000,16798.00000000,0.02081
1749265758,0.02050000,33244.00000000,0.02081
1749265758,0.02049000,824.00000000,0.02081
1749265758,0.02048000,90209.00000000,0.02081
1749265758,0.02040000,196462.00000000,0.02081
1749265758,0.02038000,26215.00000000,0.02081
1749265758,0.02037000,1193.00000000,0.02081
1749265758,0.02036000,1516.00000000,0.02081
1749265758,0.02035000,73765.00000000,0.02081
1749265758,0.02033000,50300.00000000,0.02081
1749265758,0.02032000,858.00000000,0.02081
1749265758,0.02030000,4762.00000000,0.02081
1749265758,0.02029000,1193.00000000,0.02081
1749265758,0.02027000,13909.00000000,0.02081
1749265758,0.02026000,293.00000000,0.02081
1749265758,0.02024000,824.00000000,0.02081
1749265758,0.02022000,285.00000000,0.02081
1749265758,0.02020000,602.00000000,0.02081
1749265758,0.02019000,1195.00000000,0.02081
1749265758,0.02018000,362.00000000,0.02081
1749265758,0.02012000,1089.00000000,0.02081
1749265758,0.02010000,34563.00000000,0.02081
1749265758,0.02009000,1704.00000000,0.02081
1749265758,0.02008000,558.00000000,0.02081
1749265758,0.02007000,279.00000000,0.02081
1749265758,0.02005000,251.00000000,0.02081
1749265758,0.02001000,23142.00000000,0.02081
1749265758,0.02000000,299193.00000000,0.02081
1749265758,0.01997000,481.00000000,0.02081
1749265758,0.01996000,293.00000000,0.02081
1749265758,0.01991000,14931.00000000,0.02081
1749265758,0.01990000,239851.00000000,0.02081
1749265758,0.01988000,824.00000000,0.02081
1749265758,0.01986000,6583.00000000,0.02081
1749265758,0.01985000,285.00000000,0.02081
1749265758,0.01984000,3023.00000000,0.02081
1749265758,0.01981000,1721.00000000,0.02081
1749265758,0.01980000,51055.00000000,0.02081
1749265758,0.01976000,824.00000000,0.02081
1749265758,0.01975000,11409.00000000,0.02081
1749265758,0.01973000,833.00000000,0.02081
1749265758,0.01970000,52091.00000000,0.02081
1749265758,0.01967000,293.00000000,0.02081
1749265758,0.01965000,62376.00000000,0.02081
1749265758,0.01964000,824.00000000,0.02081
1749265758,0.01962000,2548.00000000,0.02081
1749265758,0.01960000,91057.00000000,0.02081
1749265758,0.01956000,258.00000000,0.02081
1749265758,0.01955000,5116.00000000,0.02081
1749265758,0.01954000,1195.00000000,0.02081
1749265758,0.01951000,824.00000000,0.02081
1749265758,0.01950000,150577.00000000,0.02081
1749265758,0.01948000,285.00000000,0.02081
1749265758,0.01945000,362.00000000,0.02081
1749265758,0.01944000,500.00000000,0.02081
1749265758,0.01943000,1029.00000000,0.02081
1749265758,0.01940000,54194.00000000,0.02081
1749265758,0.01939000,824.00000000,0.02081
1749265758,0.01938000,293.00000000,0.02081
1749265758,0.01936000,32451.00000000,0.02081
1749265758,0.01933000,979.00000000,0.02081
1749265758,0.01930000,154471.00000000,0.02081
1749265758,0.01927000,824.00000000,0.02081
1749265758,0.01926000,291.00000000,0.02081
1749265758,0.01925000,572.00000000,0.02081
1749265758,0.01922000,1195.00000000,0.02081
1749265758,0.01921000,3513.00000000,0.02081
1749265758,0.01920000,52083.00000000,0.02081
1749265758,0.01915000,824.00000000,0.02081
1749265758,0.01911000,285.00000000,0.02081
1749266059,0.02084000,15756.00000000,0.02084
1749266059,0.02083000,21967.00000000,0.02084
1749266059,0.02082000,85198.00000000,0.02084
1749266059,0.02081000,273425.00000000,0.02084
1749266059,0.02080000,189805.00000000,0.02084
1749266059,0.02079000,271524.00000000,0.02084
1749266059,0.02078000,308195.00000000,0.02084
1749266059,0.02077000,263096.00000000,0.02084
1749266059,0.02076000,124799.00000000,0.02084
1749266059,0.02075000,92004.00000000,0.02084
1749266059,0.02074000,17636.00000000,0.02084
1749266059,0.02073000,119627.00000000,0.02084
1749266059,0.02072000,16537.00000000,0.02084
1749266059,0.02071000,43448.00000000,0.02084
1749266059,0.02070000,93838.00000000,0.02084
1749266059,0.02069000,17632.00000000,0.02084
1749266059,0.02068000,67262.00000000,0.02084
1749266059,0.02067000,17634.00000000,0.02084
1749266059,0.02066000,96443.00000000,0.02084
1749266059,0.02065000,20147.00000000,0.02084
1749266059,0.02064000,122040.00000000,0.02084
1749266059,0.02063000,15914.00000000,0.02084
1749266059,0.02062000,86372.00000000,0.02084
1749266059,0.02061000,23572.00000000,0.02084
1749266059,0.02060000,109796.00000000,0.02084
1749266059,0.02058000,8024.00000000,0.02084
1749266059,0.02057000,33997.00000000,0.02084
1749266059,0.02056000,79702.00000000,0.02084
1749266059,0.02055000,8024.00000000,0.02084
1749266059,0.02054000,30386.00000000,0.02084
1749266059,0.02053000,19433.00000000,0.02084
1749266059,0.02052000,1195.00000000,0.02084
1749266059,0.02051000,10524.00000000,0.02084
1749266059,0.02050000,30244.00000000,0.02084
1749266059,0.02049000,824.00000000,0.02084
1749266059,0.02048000,90209.00000000,0.02084
1749266059,0.02045000,195599.00000000,0.02084
1749266059,0.02044000,26138.00000000,0.02084
1749266059,0.02040000,384.00000000,0.02084
1749266059,0.02037000,1193.00000000,0.02084
1749266059,0.02036000,51816.00000000,0.02084
1749266059,0.02035000,73765.00000000,0.02084
1749266059,0.02032000,858.00000000,0.02084
1749266059,0.02030000,4762.00000000,0.02084
1749266059,0.02029000,1193.00000000,0.02084
1749266059,0.02027000,13909.00000000,0.02084
1749266059,0.02026000,293.00000000,0.02084
1749266059,0.02024000,824.00000000,0.02084
1749266059,0.02022000,285.00000000,0.02084
1749266059,0.02020000,602.00000000,0.02084
1749266059,0.02019000,1195.00000000,0.02084
1749266059,0.02018000,362.00000000,0.02084
1749266059,0.02012000,1089.00000000,0.02084
1749266059,0.02010000,34563.00000000,0.02084
1749266059,0.02009000,1704.00000000,0.02084
1749266059,0.02008000,558.00000000,0.02084
1749266059,0.02007000,279.00000000,0.02084
1749266059,0.02005000,251.00000000,0.02084
1749266059,0.02002000,479.00000000,0.02084
1749266059,0.02001000,23142.00000000,0.02084
1749266059,0.02000000,299193.00000000,0.02084
1749266059,0.01996000,293.00000000,0.02084
1749266059,0.01991000,14931.00000000,0.02084
1749266059,0.01990000,239851.00000000,0.02084
1749266059,0.01988000,824.00000000,0.02084
1749266059,0.01986000,6583.00000000,0.02084
1749266059,0.01985000,285.00000000,0.02084
1749266059,0.01984000,3023.00000000,0.02084
1749266059,0.01981000,1721.00000000,0.02084
1749266059,0.01980000,51055.00000000,0.02084
1749266059,0.01976000,824.00000000,0.02084
1749266059,0.01975000,11409.00000000,0.02084
1749266059,0.01973000,833.00000000,0.02084
1749266059,0.01970000,52091.00000000,0.02084
1749266059,0.01967000,293.00000000,0.02084
1749266059,0.01965000,62376.00000000,0.02084
1749266059,0.01964000,824.00000000,0.02084
1749266059,0.01962000,2548.00000000,0.02084
1749266059,0.01960000,91057.00000000,0.02084
1749266059,0.01956000,258.00000000,0.02084
1749266059,0.01955000,5116.00000000,0.02084
1749266059,0.01954000,1195.00000000,0.02084
1749266059,0.01951000,824.00000000,0.02084
1749266059,0.01950000,150577.00000000,0.02084
1749266059,0.01948000,285.00000000,0.02084
1749266059,0.01945000,362.00000000,0.02084
1749266059,0.01944000,500.00000000,0.02084
1749266059,0.01943000,1029.00000000,0.02084
1749266059,0.01940000,54194.00000000,0.02084
1749266059,0.01939000,824.00000000,0.02084
1749266059,0.01938000,293.00000000,0.02084
1749266059,0.01936000,32451.00000000,0.02084
1749266059,0.01933000,979.00000000,0.02084
1749266059,0.01930000,154471.00000000,0.02084
1749266059,0.01927000,824.00000000,0.02084
1749266059,0.01926000,291.00000000,0.02084
1749266059,0.01925000,572.00000000,0.02084
1749266059,0.01922000,1195.00000000,0.02084
1749266059,0.01921000,3513.00000000,0.02084
1749266059,0.01920000,52083.00000000,0.02084
1749266361,0.02086000,8824.00000000,0.02086
1749266361,0.02085000,40548.00000000,0.02086
1749266361,0.02084000,128215.00000000,0.02086
1749266361,0.02083000,181775.00000000,0.02086
1749266361,0.02082000,286729.00000000,0.02086
1749266361,0.02081000,309450.00000000,0.02086
1749266361,0.02080000,244446.00000000,0.02086
1749266361,0.02079000,104766.00000000,0.02086
1749266361,0.02078000,312879.00000000,0.02086
1749266361,0.02077000,94749.00000000,0.02086
1749266361,0.02076000,25880.00000000,0.02086
1749266361,0.02075000,56620.00000000,0.02086
1749266361,0.02074000,93699.00000000,0.02086
1749266361,0.02073000,173913.00000000,0.02086
1749266361,0.02072000,12271.00000000,0.02086
1749266361,0.02071000,43448.00000000,0.02086
1749266361,0.02070000,17659.00000000,0.02086
1749266361,0.02069000,17632.00000000,0.02086
1749266361,0.02068000,173642.00000000,0.02086
1749266361,0.02067000,20134.00000000,0.02086
1749266361,0.02066000,15910.00000000,0.02086
1749266361,0.02065000,106021.00000000,0.02086
1749266361,0.02064000,23414.00000000,0.02086
1749266361,0.02063000,8024.00000000,0.02086
1749266361,0.02062000,69024.00000000,0.02086
1749266361,0.02061000,41675.00000000,0.02086
1749266361,0.02060000,19908.00000000,0.02086
1749266361,0.02057000,12024.00000000,0.02086
1749266361,0.02056000,130050.00000000,0.02086
1749266361,0.02055000,8024.00000000,0.02086
1749266361,0.02054000,8386.00000000,0.02086
1749266361,0.02053000,19433.00000000,0.02086
1749266361,0.02052000,1195.00000000,0.02086
1749266361,0.02051000,10524.00000000,0.02086
1749266361,0.02050000,38268.00000000,0.02086
1749266361,0.02049000,196041.00000000,0.02086
1749266361,0.02044000,26138.00000000,0.02086
1749266361,0.02040000,384.00000000,0.02086
1749266361,0.02037000,1193.00000000,0.02086
1749266361,0.02036000,1516.00000000,0.02086
1749266361,0.02035000,73765.00000000,0.02086
1749266361,0.02032000,858.00000000,0.02086
1749266361,0.02030000,4762.00000000,0.02086
1749266361,0.02029000,1193.00000000,0.02086
1749266361,0.02027000,13909.00000000,0.02086
1749266361,0.02026000,293.00000000,0.02086
1749266361,0.02024000,824.00000000,0.02086
1749266361,0.02022000,285.00000000,0.02086
1749266361,0.02020000,602.00000000,0.02086
1749266361,0.02019000,1195.00000000,0.02086
1749266361,0.02018000,362.00000000,0.02086
1749266361,0.02012000,1089.00000000,0.02086
1749266361,0.02010000,34563.00000000,0.02086
1749266361,0.02009000,1704.00000000,0.02086
1749266361,0.02008000,558.00000000,0.02086
1749266361,0.02007000,279.00000000,0.02086
1749266361,0.02005000,251.00000000,0.02086
1749266361,0.02004000,479.00000000,0.02086
1749266361,0.02001000,30961.00000000,0.02086
1749266361,0.02000000,299193.00000000,0.02086
1749266361,0.01996000,293.00000000,0.02086
1749266361,0.01991000,6564.00000000,0.02086
1749266361,0.01990000,239851.00000000,0.02086
1749266361,0.01988000,824.00000000,0.02086
1749266361,0.01986000,6583.00000000,0.02086
1749266361,0.01985000,285.00000000,0.02086
1749266361,0.01984000,3023.00000000,0.02086
1749266361,0.01981000,1721.00000000,0.02086
1749266361,0.01980000,51055.00000000,0.02086
1749266361,0.01976000,824.00000000,0.02086
1749266361,0.01975000,11409.00000000,0.02086
1749266361,0.01973000,833.00000000,0.02086
1749266361,0.01970000,52091.00000000,0.02086
1749266361,0.01967000,293.00000000,0.02086
1749266361,0.01965000,62376.00000000,0.02086
1749266361,0.01964000,824.00000000,0.02086
1749266361,0.01962000,2548.00000000,0.02086
1749266361,0.01960000,91057.00000000,0.02086
1749266361,0.01956000,258.00000000,0.02086
1749266361,0.01955000,5116.00000000,0.02086
1749266361,0.01954000,1195.00000000,0.02086
1749266361,0.01951000,824.00000000,0.02086
1749266361,0.01950000,150577.00000000,0.02086
1749266361,0.01948000,285.00000000,0.02086
1749266361,0.01945000,362.00000000,0.02086
1749266361,0.01944000,500.00000000,0.02086
1749266361,0.01943000,1029.00000000,0.02086
1749266361,0.01940000,54194.00000000,0.02086
1749266361,0.01939000,824.00000000,0.02086
1749266361,0.01938000,293.00000000,0.02086
1749266361,0.01936000,32451.00000000,0.02086
1749266361,0.01933000,979.00000000,0.02086
1749266361,0.01930000,154471.00000000,0.02086
1749266361,0.01927000,824.00000000,0.02086
1749266361,0.01926000,291.00000000,0.02086
1749266361,0.01925000,572.00000000,0.02086
1749266361,0.01922000,1195.00000000,0.02086
1749266361,0.01921000,3513.00000000,0.02086
1749266361,0.01920000,52083.00000000,0.02086
1749266361,0.01915000,824.00000000,0.02086
1749266664,0.02089000,8824.00000000,0.02089
1749266664,0.02088000,35885.00000000,0.02089
1749266664,0.02087000,72963.00000000,0.02089
1749266664,0.02086000,96744.00000000,0.02089
1749266664,0.02085000,371751.00000000,0.02089
1749266664,0.02084000,242235.00000000,0.02089
1749266664,0.02083000,170075.00000000,0.02089
1749266664,0.02082000,49425.00000000,0.02089
1749266664,0.02081000,77542.00000000,0.02089
1749266664,0.02080000,142544.00000000,0.02089
1749266664,0.02079000,268658.00000000,0.02089
1749266664,0.02078000,104489.00000000,0.02089
1749266664,0.02077000,27201.00000000,0.02089
1749266664,0.02076000,17633.00000000,0.02089
1749266664,0.02075000,56622.00000000,0.02089
1749266664,0.02074000,17636.00000000,0.02089
1749266664,0.02073000,175138.00000000,0.02089
1749266664,0.02072000,12271.00000000,0.02089
1749266664,0.02071000,43448.00000000,0.02089
1749266664,0.02070000,17659.00000000,0.02089
1749266664,0.02069000,114297.00000000,0.02089
1749266664,0.02068000,75208.00000000,0.02089
1749266664,0.02067000,29410.00000000,0.02089
1749266664,0.02066000,15910.00000000,0.02089
1749266664,0.02065000,106021.00000000,0.02089
1749266664,0.02064000,15524.00000000,0.02089
1749266664,0.02063000,8024.00000000,0.02089
1749266664,0.02062000,47614.00000000,0.02089
1749266664,0.02061000,32419.00000000,0.02089
1749266664,0.02060000,19908.00000000,0.02089
1749266664,0.02057000,37997.00000000,0.02089
1749266664,0.02056000,123792.00000000,0.02089
1749266664,0.02055000,8024.00000000,0.02089
1749266664,0.02054000,8386.00000000,0.02089
1749266664,0.02053000,11409.00000000,0.02089
1749266664,0.02052000,1195.00000000,0.02089
1749266664,0.02051000,197526.00000000,0.02089
1749266664,0.02050000,30244.00000000,0.02089
1749266664,0.02049000,824.00000000,0.02089
1749266664,0.02044000,26138.00000000,0.02089
1749266664,0.02040000,384.00000000,0.02089
1749266664,0.02038000,50300.00000000,0.02089
1749266664,0.02037000,1193.00000000,0.02089
1749266664,0.02036000,1516.00000000,0.02089
1749266664,0.02035000,73765.00000000,0.02089
1749266664,0.02032000,858.00000000,0.02089
1749266664,0.02030000,4762.00000000,0.02089
1749266664,0.02029000,1193.00000000,0.02089
1749266664,0.02027000,13909.00000000,0.02089
1749266664,0.02026000,293.00000000,0.02089
1749266664,0.02024000,824.00000000,0.02089
1749266664,0.02022000,285.00000000,0.02089
1749266664,0.02020000,602.00000000,0.02089
1749266664,0.02019000,1195.00000000,0.02089
1749266664,0.02018000,362.00000000,0.02089
1749266664,0.02012000,1089.00000000,0.02089
1749266664,0.02010000,34563.00000000,0.02089
1749266664,0.02009000,1704.00000000,0.02089
1749266664,0.02008000,558.00000000,0.02089
1749266664,0.02007000,279.00000000,0.02089
1749266664,0.02005000,251.00000000,0.02089
1749266664,0.02003000,479.00000000,0.02089
1749266664,0.02001000,30961.00000000,0.02089
1749266664,0.02000000,299193.00000000,0.02089
1749266664,0.01996000,293.00000000,0.02089
1749266664,0.01991000,6564.00000000,0.02089
1749266664,0.01990000,239851.00000000,0.02089
1749266664,0.01988000,824.00000000,0.02089
1749266664,0.01986000,6583.00000000,0.02089
1749266664,0.01985000,285.00000000,0.02089
1749266664,0.01984000,3023.00000000,0.02089
1749266664,0.01981000,1721.00000000,0.02089
1749266664,0.01980000,51055.00000000,0.02089
1749266664,0.01976000,824.00000000,0.02089
1749266664,0.01975000,11409.00000000,0.02089
1749266664,0.01973000,833.00000000,0.02089
1749266664,0.01970000,52091.00000000,0.02089
1749266664,0.01967000,293.00000000,0.02089
1749266664,0.01965000,62376.00000000,0.02089
1749266664,0.01964000,824.00000000,0.02089
1749266664,0.01962000,2548.00000000,0.02089
1749266664,0.01960000,91057.00000000,0.02089
1749266664,0.01956000,258.00000000,0.02089
1749266664,0.01955000,5116.00000000,0.02089
1749266664,0.01954000,1195.00000000,0.02089
1749266664,0.01951000,824.00000000,0.02089
1749266664,0.01950000,150577.00000000,0.02089
1749266664,0.01948000,285.00000000,0.02089
1749266664,0.01945000,362.00000000,0.02089
1749266664,0.01944000,500.00000000,0.02089
1749266664,0.01943000,1029.00000000,0.02089
1749266664,0.01940000,54194.00000000,0.02089
1749266664,0.01939000,824.00000000,0.02089
1749266664,0.01938000,293.00000000,0.02089
1749266664,0.01936000,32451.00000000,0.02089
1749266664,0.01933000,979.00000000,0.02089
1749266664,0.01930000,154471.00000000,0.02089
1749266664,0.01927000,824.00000000,0.02089
1749266664,0.01926000,291.00000000,0.02089
1749266664,0.01925000,572.00000000,0.02089
1749266965,0.02089000,17216.00000000,0.0209
1749266965,0.02088000,66196.00000000,0.0209
1749266965,0.02087000,165971.00000000,0.0209
1749266965,0.02086000,213432.00000000,0.0209
1749266965,0.02085000,432902.00000000,0.0209
1749266965,0.02084000,299934.00000000,0.0209
1749266965,0.02083000,77320.00000000,0.0209
1749266965,0.02082000,117661.00000000,0.0209
1749266965,0.02081000,271632.00000000,0.0209
1749266965,0.02080000,46391.00000000,0.0209
1749266965,0.02079000,108532.00000000,0.0209
1749266965,0.02078000,47870.00000000,0.0209
1749266965,0.02077000,27201.00000000,0.0209
1749266965,0.02076000,67594.00000000,0.0209
1749266965,0.02075000,46597.00000000,0.0209
1749266965,0.02074000,17636.00000000,0.0209
1749266965,0.02073000,175138.00000000,0.0209
1749266965,0.02072000,12271.00000000,0.0209
1749266965,0.02071000,140019.00000000,0.0209
1749266965,0.02070000,17659.00000000,0.0209
1749266965,0.02069000,15910.00000000,0.0209
1749266965,0.02068000,75208.00000000,0.0209
1749266965,0.02067000,18410.00000000,0.0209
1749266965,0.02066000,15910.00000000,0.0209
1749266965,0.02065000,109124.00000000,0.0209
1749266965,0.02064000,15524.00000000,0.0209
1749266965,0.02063000,8024.00000000,0.0209
1749266965,0.02062000,73524.00000000,0.0209
1749266965,0.02061000,36419.00000000,0.0209
1749266965,0.02060000,19908.00000000,0.0209
1749266965,0.02057000,8024.00000000,0.0209
1749266965,0.02056000,123792.00000000,0.0209
1749266965,0.02054000,362.00000000,0.0209
1749266965,0.02053000,11409.00000000,0.0209
1749266965,0.02052000,1195.00000000,0.0209
1749266965,0.02051000,197526.00000000,0.0209
1749266965,0.02050000,30244.00000000,0.0209
1749266965,0.02049000,26899.00000000,0.0209
1749266965,0.02043000,50300.00000000,0.0209
1749266965,0.02040000,384.00000000,0.0209
1749266965,0.02037000,1193.00000000,0.0209
1749266965,0.02036000,1516.00000000,0.0209
1749266965,0.02035000,73765.00000000,0.0209
1749266965,0.02032000,858.00000000,0.0209
1749266965,0.02030000,4762.00000000,0.0209
1749266965,0.02029000,1193.00000000,0.0209
1749266965,0.02027000,13909.00000000,0.0209
1749266965,0.02026000,293.00000000,0.0209
1749266965,0.02024000,824.00000000,0.0209
1749266965,0.02022000,285.00000000,0.0209
1749266965,0.02020000,602.00000000,0.0209
1749266965,0.02019000,1195.00000000,0.0209
1749266965,0.02018000,362.00000000,0.0209
1749266965,0.02012000,1089.00000000,0.0209
1749266965,0.02010000,34563.00000000,0.0209
1749266965,0.02009000,2182.00000000,0.0209
1749266965,0.02008000,558.00000000,0.0209
1749266965,0.02007000,279.00000000,0.0209
1749266965,0.02005000,251.00000000,0.0209
1749266965,0.02001000,30961.00000000,0.0209
1749266965,0.02000000,299193.00000000,0.0209
1749266965,0.01996000,293.00000000,0.0209
1749266965,0.01991000,6564.00000000,0.0209
1749266965,0.01990000,239851.00000000,0.0209
1749266965,0.01988000,824.00000000,0.0209
1749266965,0.01986000,6583.00000000,0.0209
1749266965,0.01985000,285.00000000,0.0209
1749266965,0.01984000,3023.00000000,0.0209
1749266965,0.01981000,1721.00000000,0.0209
1749266965,0.01980000,51055.00000000,0.0209
1749266965,0.01976000,824.00000000,0.0209
1749266965,0.01975000,11409.00000000,0.0209
1749266965,0.01973000,833.00000000,0.0209
1749266965,0.01970000,52091.00000000,0.0209
1749266965,0.01967000,293.00000000,0.0209
1749266965,0.01965000,62376.00000000,0.0209
1749266965,0.01964000,824.00000000,0.0209
1749266965,0.01962000,2548.00000000,0.0209
1749266965,0.01960000,91057.00000000,0.0209
1749266965,0.01956000,258.00000000,0.0209
1749266965,0.01955000,5116.00000000,0.0209
1749266965,0.01954000,1195.00000000,0.0209
1749266965,0.01951000,824.00000000,0.0209
1749266965,0.01950000,150577.00000000,0.0209
1749266965,0.01948000,285.00000000,0.0209
1749266965,0.01945000,362.00000000,0.0209
1749266965,0.01944000,500.00000000,0.0209
1749266965,0.01943000,1029.00000000,0.0209
1749266965,0.01940000,54194.00000000,0.0209
1749266965,0.01939000,824.00000000,0.0209
1749266965,0.01938000,293.00000000,0.0209
1749266965,0.01936000,32451.00000000,0.0209
1749266965,0.01933000,979.00000000,0.0209
1749266965,0.01930000,154471.00000000,0.0209
1749266965,0.01927000,824.00000000,0.0209
1749266965,0.01926000,291.00000000,0.0209
1749266965,0.01925000,572.00000000,0.0209
1749266965,0.01922000,1195.00000000,0.0209
1749266965,0.01921000,3513.00000000,0.0209
1749266965,0.01920000,52083.00000000,0.0209
1749267267,0.02085000,9733.00000000,0.02085
1749267267,0.02084000,339172.00000000,0.02085
1749267267,0.02083000,259092.00000000,0.02085
1749267267,0.02082000,354484.00000000,0.02085
1749267267,0.02081000,153200.00000000,0.02085
1749267267,0.02080000,43886.00000000,0.02085
1749267267,0.02079000,55187.00000000,0.02085
1749267267,0.02078000,39733.00000000,0.02085
1749267267,0.02077000,404365.00000000,0.02085
1749267267,0.02076000,25872.00000000,0.02085
1749267267,0.02075000,56622.00000000,0.02085
1749267267,0.02074000,43655.00000000,0.02085
1749267267,0.02073000,175138.00000000,0.02085
1749267267,0.02072000,62329.00000000,0.02085
1749267267,0.02071000,43448.00000000,0.02085
1749267267,0.02070000,17659.00000000,0.02085
1749267267,0.02069000,17632.00000000,0.02085
1749267267,0.02068000,76931.00000000,0.02085
1749267267,0.02067000,114392.00000000,0.02085
1749267267,0.02066000,15910.00000000,0.02085
1749267267,0.02065000,100624.00000000,0.02085
1749267267,0.02064000,15524.00000000,0.02085
1749267267,0.02063000,8024.00000000,0.02085
1749267267,0.02062000,54114.00000000,0.02085
1749267267,0.02061000,40919.00000000,0.02085
1749267267,0.02060000,19908.00000000,0.02085
1749267267,0.02057000,34290.00000000,0.02085
1749267267,0.02056000,123792.00000000,0.02085
1749267267,0.02054000,362.00000000,0.02085
1749267267,0.02053000,19433.00000000,0.02085
1749267267,0.02052000,1195.00000000,0.02085
1749267267,0.02051000,10524.00000000,0.02085
1749267267,0.02050000,38268.00000000,0.02085
1749267267,0.02049000,230140.00000000,0.02085
1749267267,0.02043000,50300.00000000,0.02085
1749267267,0.02040000,384.00000000,0.02085
1749267267,0.02037000,1193.00000000,0.02085
1749267267,0.02036000,1516.00000000,0.02085
1749267267,0.02035000,73765.00000000,0.02085
1749267267,0.02032000,858.00000000,0.02085
1749267267,0.02030000,4762.00000000,0.02085
1749267267,0.02029000,1193.00000000,0.02085
1749267267,0.02027000,13909.00000000,0.02085
1749267267,0.02026000,293.00000000,0.02085
1749267267,0.02024000,824.00000000,0.02085
1749267267,0.02022000,285.00000000,0.02085
1749267267,0.02020000,602.00000000,0.02085
1749267267,0.02019000,1195.00000000,0.02085
1749267267,0.02018000,362.00000000,0.02085
1749267267,0.02012000,1089.00000000,0.02085
1749267267,0.02010000,34563.00000000,0.02085
1749267267,0.02009000,1704.00000000,0.02085
1749267267,0.02008000,558.00000000,0.02085
1749267267,0.02007000,757.00000000,0.02085
1749267267,0.02005000,251.00000000,0.02085
1749267267,0.02001000,30961.00000000,0.02085
1749267267,0.02000000,299193.00000000,0.02085
1749267267,0.01996000,293.00000000,0.02085
1749267267,0.01991000,10681.00000000,0.02085
1749267267,0.01990000,239851.00000000,0.02085
1749267267,0.01988000,824.00000000,0.02085
1749267267,0.01986000,6583.00000000,0.02085
1749267267,0.01985000,285.00000000,0.02085
1749267267,0.01984000,3023.00000000,0.02085
1749267267,0.01981000,1721.00000000,0.02085
1749267267,0.01980000,51055.00000000,0.02085
1749267267,0.01976000,824.00000000,0.02085
1749267267,0.01975000,11409.00000000,0.02085
1749267267,0.01973000,833.00000000,0.02085
1749267267,0.01970000,52091.00000000,0.02085
1749267267,0.01967000,293.00000000,0.02085
1749267267,0.01965000,62376.00000000,0.02085
1749267267,0.01964000,824.00000000,0.02085
1749267267,0.01962000,2548.00000000,0.02085
1749267267,0.01960000,91057.00000000,0.02085
1749267267,0.01956000,258.00000000,0.02085
1749267267,0.01955000,5116.00000000,0.02085
1749267267,0.01954000,1195.00000000,0.02085
1749267267,0.01951000,824.00000000,0.02085
1749267267,0.01950000,150577.00000000,0.02085
1749267267,0.01948000,285.00000000,0.02085
1749267267,0.01945000,362.00000000,0.02085
1749267267,0.01944000,500.00000000,0.02085
1749267267,0.01943000,1029.00000000,0.02085
1749267267,0.01940000,54194.00000000,0.02085
1749267267,0.01939000,824.00000000,0.02085
1749267267,0.01938000,293.00000000,0.02085
1749267267,0.01936000,32451.00000000,0.02085
1749267267,0.01933000,979.00000000,0.02085
1749267267,0.01930000,154471.00000000,0.02085
1749267267,0.01927000,824.00000000,0.02085
1749267267,0.01926000,291.00000000,0.02085
1749267267,0.01925000,572.00000000,0.02085
1749267267,0.01922000,1195.00000000,0.02085
1749267267,0.01921000,3513.00000000,0.02085
1749267267,0.01920000,52083.00000000,0.02085
1749267267,0.01915000,824.00000000,0.02085
1749267267,0.01911000,285.00000000,0.02085
1749267267,0.01910000,153198.00000000,0.02085
1749267267,0.01909000,919.00000000,0.02085
1749267569,0.02085000,8824.00000000,0.02085
1749267569,0.02084000,20584.00000000,0.02085
1749267569,0.02083000,89679.00000000,0.02085
1749267569,0.02082000,377245.00000000,0.02085
1749267569,0.02081000,192926.00000000,0.02085
1749267569,0.02080000,208542.00000000,0.02085
1749267569,0.02079000,52294.00000000,0.02085
1749267569,0.02078000,42624.00000000,0.02085
1749267569,0.02077000,163493.00000000,0.02085
1749267569,0.02076000,213260.00000000,0.02085
1749267569,0.02075000,37876.00000000,0.02085
1749267569,0.02074000,97322.00000000,0.02085
