timestamp,price,volume,current_price
1749254552,0.01376000,54471.00000000,0.01377
1749254552,0.01375000,384120.10000000,0.01377
1749254552,0.01374000,1106093.30000000,0.01377
1749254552,0.01373000,825863.80000000,0.01377
1749254552,0.01372000,418717.20000000,0.01377
1749254552,0.01371000,320980.80000000,0.01377
1749254552,0.01370000,338211.20000000,0.01377
1749254552,0.01369000,216925.70000000,0.01377
1749254552,0.01368000,156044.30000000,0.01377
1749254552,0.01367000,458008.80000000,0.01377
1749254552,0.01366000,43951.50000000,0.01377
1749254552,0.01365000,528013.20000000,0.01377
1749254552,0.01364000,448382.80000000,0.01377
1749254552,0.01363000,303682.90000000,0.01377
1749254552,0.01362000,349890.70000000,0.01377
1749254552,0.01361000,54017.90000000,0.01377
1749254552,0.01360000,268227.50000000,0.01377
1749254552,0.01359000,21007.40000000,0.01377
1749254552,0.01358000,345157.10000000,0.01377
1749254552,0.01357000,105084.30000000,0.01377
1749254552,0.01356000,20306.60000000,0.01377
1749254552,0.01355000,54331.40000000,0.01377
1749254552,0.01354000,22316.90000000,0.01377
1749254552,0.01353000,531767.40000000,0.01377
1749254552,0.01352000,451337.90000000,0.01377
1749254552,0.01351000,17762.10000000,0.01377
1749254552,0.01350000,136017.30000000,0.01377
1749254552,0.01349000,17915.90000000,0.01377
1749254552,0.01348000,63869.20000000,0.01377
1749254552,0.01347000,16972.80000000,0.01377
1749254552,0.01346000,291101.40000000,0.01377
1749254552,0.01345000,36730.40000000,0.01377
1749254552,0.01344000,390517.50000000,0.01377
1749254552,0.01343000,3622.20000000,0.01377
1749254552,0.01342000,380674.00000000,0.01377
1749254552,0.01341000,296846.90000000,0.01377
1749254552,0.01340000,11005.30000000,0.01377
1749254552,0.01339000,268328.00000000,0.01377
1749254552,0.01338000,318587.90000000,0.01377
1749254552,0.01337000,649995.10000000,0.01377
1749254552,0.01336000,720.30000000,0.01377
1749254552,0.01335000,2821.60000000,0.01377
1749254552,0.01334000,2767.60000000,0.01377
1749254552,0.01333000,2570.30000000,0.01377
1749254552,0.01332000,38257.80000000,0.01377
1749254552,0.01331000,720.30000000,0.01377
1749254552,0.01330000,12645.10000000,0.01377
1749254552,0.01329000,720.30000000,0.01377
1749254552,0.01328000,720.30000000,0.01377
1749254552,0.01327000,2578.60000000,0.01377
1749254552,0.01326000,28933.30000000,0.01377
1749254552,0.01325000,720.30000000,0.01377
1749254552,0.01324000,720.30000000,0.01377
1749254552,0.01323000,3119.80000000,0.01377
1749254552,0.01322000,40407.10000000,0.01377
1749254552,0.01321000,1786.00000000,0.01377
1749254552,0.01320000,720.30000000,0.01377
1749254552,0.01319000,720.30000000,0.01377
1749254552,0.01318000,6197.60000000,0.01377
1749254552,0.01317000,2592.70000000,0.01377
1749254552,0.01316000,720.30000000,0.01377
1749254552,0.01315000,720.30000000,0.01377
1749254552,0.01314000,718.80000000,0.01377
1749254552,0.01313000,335481.40000000,0.01377
1749254552,0.01312000,5317.70000000,0.01377
1749254552,0.01311000,720.30000000,0.01377
1749254552,0.01310000,340525.30000000,0.01377
1749254552,0.01309000,721.40000000,0.01377
1749254552,0.01308000,721.90000000,0.01377
1749254552,0.01307000,3714.20000000,0.01377
1749254552,0.01306000,723.00000000,0.01377
1749254552,0.01305000,11911.40000000,0.01377
1749254552,0.01304000,5613.70000000,0.01377
1749254552,0.01303000,724.50000000,0.01377
1749254552,0.01302000,2619.60000000,0.01377
1749254552,0.01301000,11175.70000000,0.01377
1749254552,0.01300000,497611.40000000,0.01377
1749254552,0.01298000,15880.90000000,0.01377
1749254552,0.01297000,1901.30000000,0.01377
1749254552,0.01295000,7725.00000000,0.01377
1749254552,0.01294000,7727.90000000,0.01377
1749254552,0.01293000,189100.00000000,0.01377
1749254552,0.01292000,1908.70000000,0.01377
1749254552,0.01290000,16290.80000000,0.01377
1749254552,0.01288000,40694.90000000,0.01377
1749254552,0.01287000,1916.10000000,0.01377
1749254552,0.01285000,778.30000000,0.01377
1749254552,0.01284000,4366.60000000,0.01377
1749254552,0.01282000,1923.60000000,0.01377
1749254552,0.01281000,546.20000000,0.01377
1749254552,0.01280000,84188.40000000,0.01377
1749254552,0.01279000,1065.70000000,0.01377
1749254552,0.01277000,1931.10000000,0.01377
1749254552,0.01275000,15736.70000000,0.01377
1749254552,0.01274000,2047.30000000,0.01377
1749254552,0.01272000,1938.70000000,0.01377
1749254552,0.01271000,2500.30000000,0.01377
1749254552,0.01270000,317570.30000000,0.01377
1749254552,0.01268000,39432.10000000,0.01377
1749254552,0.01267000,1946.30000000,0.01377
1749254854,0.01376000,52359.90000000,0.01376
1749254854,0.01375000,875008.80000000,0.01376
1749254854,0.01374000,634669.50000000,0.01376
1749254854,0.01373000,692810.00000000,0.01376
1749254854,0.01372000,239406.50000000,0.01376
1749254854,0.01371000,355592.20000000,0.01376
1749254854,0.01370000,359036.50000000,0.01376
1749254854,0.01369000,236752.90000000,0.01376
1749254854,0.01368000,154229.50000000,0.01376
1749254854,0.01367000,472563.60000000,0.01376
1749254854,0.01366000,43951.50000000,0.01376
1749254854,0.01365000,580889.80000000,0.01376
1749254854,0.01364000,352233.00000000,0.01376
1749254854,0.01363000,278614.40000000,0.01376
1749254854,0.01362000,326077.90000000,0.01376
1749254854,0.01361000,54258.80000000,0.01376
1749254854,0.01360000,244221.10000000,0.01376
1749254854,0.01359000,21783.00000000,0.01376
1749254854,0.01358000,454654.00000000,0.01376
1749254854,0.01357000,20346.90000000,0.01376
1749254854,0.01356000,20306.60000000,0.01376
1749254854,0.01355000,54331.40000000,0.01376
1749254854,0.01354000,107242.10000000,0.01376
1749254854,0.01353000,20744.30000000,0.01376
1749254854,0.01352000,451337.90000000,0.01376
1749254854,0.01351000,529113.50000000,0.01376
1749254854,0.01350000,136017.30000000,0.01376
1749254854,0.01349000,17915.90000000,0.01376
1749254854,0.01348000,63869.20000000,0.01376
1749254854,0.01347000,16972.80000000,0.01376
1749254854,0.01346000,103266.70000000,0.01376
1749254854,0.01345000,327357.70000000,0.01376
1749254854,0.01344000,287035.40000000,0.01376
1749254854,0.01343000,3622.20000000,0.01376
1749254854,0.01342000,344647.70000000,0.01376
1749254854,0.01341000,279749.60000000,0.01376
1749254854,0.01340000,11005.30000000,0.01376
1749254854,0.01339000,311661.30000000,0.01376
1749254854,0.01338000,278446.60000000,0.01376
1749254854,0.01337000,644968.30000000,0.01376
1749254854,0.01336000,720.30000000,0.01376
1749254854,0.01335000,2821.60000000,0.01376
1749254854,0.01334000,2767.60000000,0.01376
1749254854,0.01333000,2570.30000000,0.01376
1749254854,0.01332000,38257.80000000,0.01376
1749254854,0.01331000,720.30000000,0.01376
1749254854,0.01330000,1366.90000000,0.01376
1749254854,0.01329000,720.30000000,0.01376
1749254854,0.01328000,12015.50000000,0.01376
1749254854,0.01327000,2578.60000000,0.01376
1749254854,0.01326000,10079.60000000,0.01376
1749254854,0.01325000,720.30000000,0.01376
1749254854,0.01324000,19602.50000000,0.01376
1749254854,0.01323000,3119.80000000,0.01376
1749254854,0.01322000,40407.10000000,0.01376
1749254854,0.01321000,1786.00000000,0.01376
1749254854,0.01320000,720.30000000,0.01376
1749254854,0.01319000,720.30000000,0.01376
1749254854,0.01318000,6197.60000000,0.01376
1749254854,0.01317000,2592.70000000,0.01376
1749254854,0.01316000,720.30000000,0.01376
1749254854,0.01315000,720.30000000,0.01376
1749254854,0.01314000,718.80000000,0.01376
1749254854,0.01313000,335481.40000000,0.01376
1749254854,0.01312000,5317.70000000,0.01376
1749254854,0.01311000,720.30000000,0.01376
1749254854,0.01310000,340525.30000000,0.01376
1749254854,0.01309000,721.40000000,0.01376
1749254854,0.01308000,721.90000000,0.01376
1749254854,0.01307000,3714.20000000,0.01376
1749254854,0.01306000,723.00000000,0.01376
1749254854,0.01305000,11911.40000000,0.01376
1749254854,0.01304000,5613.70000000,0.01376
1749254854,0.01303000,724.50000000,0.01376
1749254854,0.01302000,2619.60000000,0.01376
1749254854,0.01301000,11175.20000000,0.01376
1749254854,0.01300000,497611.40000000,0.01376
1749254854,0.01298000,15880.90000000,0.01376
1749254854,0.01297000,1901.30000000,0.01376
1749254854,0.01295000,7725.00000000,0.01376
1749254854,0.01294000,7727.90000000,0.01376
1749254854,0.01293000,189100.00000000,0.01376
1749254854,0.01292000,1908.70000000,0.01376
1749254854,0.01290000,16290.80000000,0.01376
1749254854,0.01288000,40694.90000000,0.01376
1749254854,0.01287000,1916.10000000,0.01376
1749254854,0.01285000,778.30000000,0.01376
1749254854,0.01284000,4366.60000000,0.01376
1749254854,0.01282000,1923.60000000,0.01376
1749254854,0.01281000,546.20000000,0.01376
1749254854,0.01280000,84188.40000000,0.01376
1749254854,0.01279000,1065.70000000,0.01376
1749254854,0.01277000,1931.10000000,0.01376
1749254854,0.01275000,15736.70000000,0.01376
1749254854,0.01274000,2047.30000000,0.01376
1749254854,0.01272000,1938.70000000,0.01376
1749254854,0.01271000,2500.30000000,0.01376
1749254854,0.01270000,317570.30000000,0.01376
1749254854,0.01268000,39432.10000000,0.01376
1749254854,0.01267000,1946.30000000,0.01376
