timestamp,price,volume,current_price
1749254659,0.03375000,9698.00000000,0.03375
1749254659,0.03374000,51018.70000000,0.03375
1749254659,0.03373000,196164.10000000,0.03375
1749254659,0.03372000,247989.50000000,0.03375
1749254659,0.03371000,154188.70000000,0.03375
1749254659,0.03370000,89093.20000000,0.03375
1749254659,0.03369000,116818.50000000,0.03375
1749254659,0.03368000,176725.30000000,0.03375
1749254659,0.03367000,134607.70000000,0.03375
1749254659,0.03366000,86783.60000000,0.03375
1749254659,0.03365000,15893.60000000,0.03375
1749254659,0.03364000,115092.30000000,0.03375
1749254659,0.03363000,5418.30000000,0.03375
1749254659,0.03362000,44792.10000000,0.03375
1749254659,0.03361000,80101.10000000,0.03375
1749254659,0.03360000,44796.90000000,0.03375
1749254659,0.03359000,21035.80000000,0.03375
1749254659,0.03358000,39219.60000000,0.03375
1749254659,0.03357000,36027.40000000,0.03375
1749254659,0.03356000,27736.80000000,0.03375
1749254659,0.03355000,51504.30000000,0.03375
1749254659,0.03354000,65647.50000000,0.03375
1749254659,0.03353000,44344.50000000,0.03375
1749254659,0.03352000,5415.70000000,0.03375
1749254659,0.03351000,29291.10000000,0.03375
1749254659,0.03350000,5580.30000000,0.03375
1749254659,0.03349000,39150.80000000,0.03375
1749254659,0.03348000,35619.10000000,0.03375
1749254659,0.03347000,99382.70000000,0.03375
1749254659,0.03346000,5419.30000000,0.03375
1749254659,0.03345000,24092.80000000,0.03375
1749254659,0.03344000,224.10000000,0.03375
1749254659,0.03343000,39150.80000000,0.03375
1749254659,0.03342000,224.30000000,0.03375
1749254659,0.03341000,39150.80000000,0.03375
1749254659,0.03339000,15058.00000000,0.03375
1749254659,0.03338000,741.60000000,0.03375
1749254659,0.03337000,75454.40000000,0.03375
1749254659,0.03335000,15058.00000000,0.03375
1749254659,0.03333000,6729.20000000,0.03375
1749254659,0.03332000,865947.10000000,0.03375
1749254659,0.03331000,967749.20000000,0.03375
1749254659,0.03330000,842456.10000000,0.03375
1749254659,0.03329000,832270.90000000,0.03375
1749254659,0.03328000,855764.80000000,0.03375
1749254659,0.03327000,864275.90000000,0.03375
1749254659,0.03326000,938280.10000000,0.03375
1749254659,0.03325000,57821.60000000,0.03375
1749254659,0.03324000,222.90000000,0.03375
1749254659,0.03323000,60396.40000000,0.03375
1749254659,0.03322000,223.00000000,0.03375
1749254659,0.03320000,223.20000000,0.03375
1749254659,0.03318000,223.40000000,0.03375
1749254659,0.03316000,60455.40000000,0.03375
1749254659,0.03314000,223.50000000,0.03375
1749254659,0.03312000,84118.70000000,0.03375
1749254659,0.03311000,164.80000000,0.03375
1749254659,0.03310000,388.40000000,0.03375
1749254659,0.03308000,16770.30000000,0.03375
1749254659,0.03306000,4117.10000000,0.03375
1749254659,0.03304000,224.30000000,0.03375
1749254659,0.03302000,60456.30000000,0.03375
1749254659,0.03300000,15151.50000000,0.03375
1749254659,0.03297000,21047.40000000,0.03375
1749254659,0.03296000,164.50000000,0.03375
1749254659,0.03292000,99286.00000000,0.03375
1749254659,0.03283000,164.50000000,0.03375
1749254659,0.03279000,34888.60000000,0.03375
1749254659,0.03270000,101838.20000000,0.03375
1749254659,0.03269000,164.50000000,0.03375
1749254659,0.03256000,164.50000000,0.03375
1749254659,0.03248000,15394.00000000,0.03375
1749254659,0.03243000,164.50000000,0.03375
1749254659,0.03239000,425.00000000,0.03375
1749254659,0.03238000,172.90000000,0.03375
1749254659,0.03222000,810.40000000,0.03375
1749254659,0.03218000,2146.40000000,0.03375
1749254659,0.03217000,2702.50000000,0.03375
1749254659,0.03215000,4884.00000000,0.03375
1749254659,0.03206000,174.70000000,0.03375
1749254659,0.03201000,1873.80000000,0.03375
1749254659,0.03194000,1988.10000000,0.03375
1749254659,0.03184000,858.20000000,0.03375
1749254659,0.03159000,593.70000000,0.03375
1749254659,0.03150000,344.00000000,0.03375
1749254659,0.03133000,425.00000000,0.03375
1749254659,0.03128000,6074.10000000,0.03375
1749254659,0.03115000,179.80000000,0.03375
1749254659,0.03100000,180.00000000,0.03375
1749254659,0.03085000,915.70000000,0.03375
1749254659,0.03055000,270.00000000,0.03375
1749254659,0.03051000,3215.10000000,0.03375
1749254659,0.03026000,425.00000000,0.03375
1749254659,0.03014000,185.80000000,0.03375
1749254659,0.03005000,18114.20000000,0.03375
1749254659,0.03004000,188.40000000,0.03375
1749254659,0.03000000,47333.20000000,0.03375
1749254659,0.02950000,677.90000000,0.03375
1749254659,0.02935000,1942.00000000,0.03375
1749254659,0.02920000,425.00000000,0.03375
1749254983,0.03373000,124826.80000000,0.03373
1749254983,0.03372000,265128.80000000,0.03373
1749254983,0.03371000,266039.60000000,0.03373
1749254983,0.03370000,24516.90000000,0.03373
1749254983,0.03369000,64560.50000000,0.03373
1749254983,0.03368000,158782.80000000,0.03373
1749254983,0.03367000,47747.70000000,0.03373
1749254983,0.03366000,27442.60000000,0.03373
1749254983,0.03365000,15893.60000000,0.03373
1749254983,0.03364000,60827.70000000,0.03373
1749254983,0.03363000,12168.30000000,0.03373
1749254983,0.03362000,44792.10000000,0.03373
1749254983,0.03361000,65653.30000000,0.03373
1749254983,0.03360000,44796.90000000,0.03373
1749254983,0.03359000,42006.50000000,0.03373
1749254983,0.03358000,20696.50000000,0.03373
1749254983,0.03357000,29508.20000000,0.03373
1749254983,0.03356000,34783.40000000,0.03373
1749254983,0.03355000,51504.30000000,0.03373
1749254983,0.03354000,65647.50000000,0.03373
1749254983,0.03353000,62911.90000000,0.03373
1749254983,0.03352000,5415.70000000,0.03373
1749254983,0.03351000,29291.10000000,0.03373
1749254983,0.03350000,5580.30000000,0.03373
1749254983,0.03349000,39150.80000000,0.03373
1749254983,0.03348000,5419.10000000,0.03373
1749254983,0.03347000,99382.70000000,0.03373
1749254983,0.03346000,30424.00000000,0.03373
1749254983,0.03345000,29429.10000000,0.03373
1749254983,0.03344000,273683.50000000,0.03373
1749254983,0.03343000,39150.80000000,0.03373
1749254983,0.03342000,224.30000000,0.03373
1749254983,0.03341000,39150.80000000,0.03373
1749254983,0.03339000,15058.00000000,0.03373
1749254983,0.03338000,741.60000000,0.03373
1749254983,0.03337000,75454.40000000,0.03373
1749254983,0.03335000,15058.00000000,0.03373
1749254983,0.03332000,15058.00000000,0.03373
1749254983,0.03331000,5095.70000000,0.03373
1749254983,0.03330000,842456.10000000,0.03373
1749254983,0.03329000,832270.90000000,0.03373
1749254983,0.03328000,855764.80000000,0.03373
1749254983,0.03327000,864275.90000000,0.03373
1749254983,0.03326000,938280.10000000,0.03373
1749254983,0.03325000,57821.60000000,0.03373
1749254983,0.03324000,885385.40000000,0.03373
1749254983,0.03323000,60396.40000000,0.03373
1749254983,0.03322000,944512.00000000,0.03373
1749254983,0.03320000,223.20000000,0.03373
1749254983,0.03318000,223.40000000,0.03373
1749254983,0.03316000,60455.40000000,0.03373
1749254983,0.03314000,223.50000000,0.03373
1749254983,0.03312000,84118.70000000,0.03373
1749254983,0.03311000,164.80000000,0.03373
1749254983,0.03310000,388.40000000,0.03373
1749254983,0.03308000,16770.30000000,0.03373
1749254983,0.03306000,4117.10000000,0.03373
1749254983,0.03304000,224.30000000,0.03373
1749254983,0.03302000,60456.30000000,0.03373
1749254983,0.03300000,15151.50000000,0.03373
1749254983,0.03297000,21047.40000000,0.03373
1749254983,0.03296000,164.50000000,0.03373
1749254983,0.03292000,99286.00000000,0.03373
1749254983,0.03286000,21117.80000000,0.03373
1749254983,0.03283000,164.50000000,0.03373
1749254983,0.03279000,13725.70000000,0.03373
1749254983,0.03270000,101838.20000000,0.03373
1749254983,0.03269000,164.50000000,0.03373
1749254983,0.03256000,164.50000000,0.03373
1749254983,0.03247000,15398.80000000,0.03373
1749254983,0.03243000,164.50000000,0.03373
1749254983,0.03239000,425.00000000,0.03373
1749254983,0.03238000,172.90000000,0.03373
1749254983,0.03222000,810.40000000,0.03373
1749254983,0.03218000,2146.40000000,0.03373
1749254983,0.03217000,2702.50000000,0.03373
1749254983,0.03215000,4884.00000000,0.03373
1749254983,0.03206000,174.70000000,0.03373
1749254983,0.03201000,1873.80000000,0.03373
1749254983,0.03194000,1988.10000000,0.03373
1749254983,0.03184000,858.20000000,0.03373
1749254983,0.03159000,593.70000000,0.03373
1749254983,0.03150000,344.00000000,0.03373
1749254983,0.03133000,425.00000000,0.03373
1749254983,0.03128000,6074.10000000,0.03373
1749254983,0.03115000,179.80000000,0.03373
1749254983,0.03100000,180.00000000,0.03373
1749254983,0.03085000,915.70000000,0.03373
1749254983,0.03055000,270.00000000,0.03373
1749254983,0.03051000,3215.10000000,0.03373
1749254983,0.03026000,425.00000000,0.03373
1749254983,0.03014000,185.80000000,0.03373
1749254983,0.03005000,18114.20000000,0.03373
1749254983,0.03004000,188.40000000,0.03373
1749254983,0.03000000,47333.20000000,0.03373
1749254983,0.02965000,3035.40000000,0.03373
1749254983,0.02950000,677.90000000,0.03373
1749254983,0.02935000,1942.00000000,0.03373
1749254983,0.02920000,425.00000000,0.03373
1749254983,0.02909000,3437.60000000,0.03373
