timestamp,price,volume,current_price
1749260812,0.03386000,13500.00000000,0.03386
1749260812,0.03385000,17936.10000000,0.03386
1749260812,0.03384000,27548.60000000,0.03386
1749260812,0.03383000,87292.90000000,0.03386
1749260812,0.03382000,65983.10000000,0.03386
1749260812,0.03381000,80799.30000000,0.03386
1749260812,0.03380000,121108.70000000,0.03386
1749260812,0.03379000,66980.40000000,0.03386
1749260812,0.03378000,76939.10000000,0.03386
1749260812,0.03377000,105213.90000000,0.03386
1749260812,0.03376000,22251.90000000,0.03386
1749260812,0.03375000,6972.20000000,0.03386
1749260812,0.03374000,31287.20000000,0.03386
1749260812,0.03373000,22030.20000000,0.03386
1749260812,0.03372000,59088.60000000,0.03386
1749260812,0.03371000,22029.70000000,0.03386
1749260812,0.03370000,53589.80000000,0.03386
1749260812,0.03369000,30842.80000000,0.03386
1749260812,0.03368000,13475.10000000,0.03386
1749260812,0.03367000,67833.50000000,0.03386
1749260812,0.03366000,13997.10000000,0.03386
1749260812,0.03365000,30842.80000000,0.03386
1749260812,0.03364000,82262.70000000,0.03386
1749260812,0.03363000,31007.30000000,0.03386
1749260812,0.03362000,22030.90000000,0.03386
1749260812,0.03361000,30842.80000000,0.03386
1749260812,0.03360000,45481.00000000,0.03386
1749260812,0.03359000,24092.80000000,0.03386
1749260812,0.03358000,16022.20000000,0.03386
1749260812,0.03357000,99116.20000000,0.03386
1749260812,0.03356000,44945.10000000,0.03386
1749260812,0.03354000,223.40000000,0.03386
1749260812,0.03353000,53184.30000000,0.03386
1749260812,0.03352000,223.50000000,0.03386
1749260812,0.03350000,60620.00000000,0.03386
1749260812,0.03349000,15058.00000000,0.03386
1749260812,0.03348000,223.80000000,0.03386
1749260812,0.03347000,15058.00000000,0.03386
1749260812,0.03346000,20909.40000000,0.03386
1749260812,0.03344000,224.10000000,0.03386
1749260812,0.03343000,947958.60000000,0.03386
1749260812,0.03342000,818336.70000000,0.03386
1749260812,0.03341000,954009.60000000,0.03386
1749260812,0.03340000,965157.00000000,0.03386
1749260812,0.03339000,802881.60000000,0.03386
1749260812,0.03338000,897812.70000000,0.03386
1749260812,0.03337000,937730.00000000,0.03386
1749260812,0.03336000,60231.90000000,0.03386
1749260812,0.03335000,20822.80000000,0.03386
1749260812,0.03330000,83273.20000000,0.03386
1749260812,0.03326000,16086.90000000,0.03386
1749260812,0.03324000,21114.60000000,0.03386
1749260812,0.03323000,164.50000000,0.03386
1749260812,0.03322000,223.00000000,0.03386
1749260812,0.03320000,223.20000000,0.03386
1749260812,0.03318000,21152.80000000,0.03386
1749260812,0.03316000,223.50000000,0.03386
1749260812,0.03314000,223.50000000,0.03386
1749260812,0.03312000,392.90000000,0.03386
1749260812,0.03311000,85302.80000000,0.03386
1749260812,0.03310000,13974.60000000,0.03386
1749260812,0.03308000,13845.00000000,0.03386
1749260812,0.03306000,224.20000000,0.03386
1749260812,0.03305000,3893.10000000,0.03386
1749260812,0.03304000,224.30000000,0.03386
1749260812,0.03302000,224.40000000,0.03386
1749260812,0.03300000,15151.50000000,0.03386
1749260812,0.03296000,164.50000000,0.03386
1749260812,0.03288000,182.50000000,0.03386
1749260812,0.03283000,164.50000000,0.03386
1749260812,0.03282000,100555.90000000,0.03386
1749260812,0.03279000,584.40000000,0.03386
1749260812,0.03269000,164.50000000,0.03386
1749260812,0.03259000,15342.20000000,0.03386
1749260812,0.03256000,164.50000000,0.03386
1749260812,0.03243000,164.50000000,0.03386
1749260812,0.03239000,425.00000000,0.03386
1749260812,0.03238000,172.90000000,0.03386
1749260812,0.03222000,810.40000000,0.03386
1749260812,0.03218000,2146.40000000,0.03386
1749260812,0.03217000,2702.50000000,0.03386
1749260812,0.03215000,4884.00000000,0.03386
1749260812,0.03211000,622.60000000,0.03386
1749260812,0.03206000,174.70000000,0.03386
1749260812,0.03201000,1249.20000000,0.03386
1749260812,0.03194000,1988.10000000,0.03386
1749260812,0.03187000,282.40000000,0.03386
1749260812,0.03184000,858.20000000,0.03386
1749260812,0.03159000,593.70000000,0.03386
1749260812,0.03150000,344.00000000,0.03386
1749260812,0.03133000,425.00000000,0.03386
1749260812,0.03128000,2877.20000000,0.03386
1749260812,0.03115000,179.80000000,0.03386
1749260812,0.03100000,180.00000000,0.03386
1749260812,0.03085000,1304.70000000,0.03386
1749260812,0.03055000,270.00000000,0.03386
1749260812,0.03051000,3215.10000000,0.03386
1749260812,0.03026000,425.00000000,0.03386
1749260812,0.03014000,185.80000000,0.03386
1749260812,0.03005000,18114.20000000,0.03386
1749261128,0.03384000,33369.40000000,0.03385
1749261128,0.03383000,96624.90000000,0.03385
1749261128,0.03382000,59910.40000000,0.03385
1749261128,0.03381000,95661.40000000,0.03385
1749261128,0.03380000,132911.00000000,0.03385
1749261128,0.03379000,72368.70000000,0.03385
1749261128,0.03378000,98893.60000000,0.03385
1749261128,0.03377000,107341.60000000,0.03385
1749261128,0.03376000,34516.40000000,0.03385
1749261128,0.03375000,12136.80000000,0.03385
1749261128,0.03374000,42942.80000000,0.03385
1749261128,0.03373000,39347.80000000,0.03385
1749261128,0.03372000,56862.80000000,0.03385
1749261128,0.03371000,27194.30000000,0.03385
1749261128,0.03370000,59037.30000000,0.03385
1749261128,0.03369000,30842.80000000,0.03385
1749261128,0.03368000,12135.50000000,0.03385
1749261128,0.03367000,67833.50000000,0.03385
1749261128,0.03366000,12140.30000000,0.03385
1749261128,0.03365000,60427.40000000,0.03385
1749261128,0.03364000,82262.70000000,0.03385
1749261128,0.03363000,31007.30000000,0.03385
1749261128,0.03362000,22030.90000000,0.03385
1749261128,0.03361000,30842.80000000,0.03385
1749261128,0.03360000,22031.00000000,0.03385
1749261128,0.03359000,54292.80000000,0.03385
1749261128,0.03358000,30811.40000000,0.03385
1749261128,0.03357000,84324.70000000,0.03385
1749261128,0.03356000,15281.20000000,0.03385
1749261128,0.03354000,223.40000000,0.03385
1749261128,0.03353000,53184.30000000,0.03385
1749261128,0.03352000,223.50000000,0.03385
1749261128,0.03350000,60620.00000000,0.03385
1749261128,0.03349000,15058.00000000,0.03385
1749261128,0.03348000,223.80000000,0.03385
1749261128,0.03347000,15058.00000000,0.03385
1749261128,0.03346000,20921.40000000,0.03385
1749261128,0.03344000,224.10000000,0.03385
1749261128,0.03343000,90370.50000000,0.03385
1749261128,0.03342000,224.30000000,0.03385
1749261128,0.03341000,954009.60000000,0.03385
1749261128,0.03340000,965157.00000000,0.03385
1749261128,0.03339000,802881.60000000,0.03385
1749261128,0.03338000,895430.60000000,0.03385
1749261128,0.03337000,2546.60000000,0.03385
1749261128,0.03336000,918535.30000000,0.03385
1749261128,0.03335000,20822.80000000,0.03385
1749261128,0.03334000,974314.50000000,0.03385
1749261128,0.03332000,798963.00000000,0.03385
1749261128,0.03330000,83273.20000000,0.03385
1749261128,0.03326000,16086.90000000,0.03385
1749261128,0.03325000,20885.40000000,0.03385
1749261128,0.03324000,21114.60000000,0.03385
1749261128,0.03323000,164.50000000,0.03385
1749261128,0.03322000,223.00000000,0.03385
1749261128,0.03320000,223.20000000,0.03385
1749261128,0.03318000,223.40000000,0.03385
1749261128,0.03317000,12981.00000000,0.03385
1749261128,0.03316000,223.50000000,0.03385
1749261128,0.03314000,223.50000000,0.03385
1749261128,0.03312000,392.90000000,0.03385
1749261128,0.03311000,85302.80000000,0.03385
1749261128,0.03310000,13974.60000000,0.03385
1749261128,0.03308000,828.60000000,0.03385
1749261128,0.03306000,224.20000000,0.03385
1749261128,0.03305000,3893.10000000,0.03385
1749261128,0.03304000,224.30000000,0.03385
1749261128,0.03302000,224.40000000,0.03385
1749261128,0.03300000,15151.50000000,0.03385
1749261128,0.03296000,164.50000000,0.03385
1749261128,0.03288000,182.50000000,0.03385
1749261128,0.03283000,164.50000000,0.03385
1749261128,0.03282000,100555.90000000,0.03385
1749261128,0.03279000,584.40000000,0.03385
1749261128,0.03269000,164.50000000,0.03385
1749261128,0.03258000,15346.80000000,0.03385
1749261128,0.03256000,164.50000000,0.03385
1749261128,0.03243000,164.50000000,0.03385
1749261128,0.03239000,425.00000000,0.03385
1749261128,0.03238000,172.90000000,0.03385
1749261128,0.03222000,810.40000000,0.03385
1749261128,0.03218000,2146.40000000,0.03385
1749261128,0.03217000,2702.50000000,0.03385
1749261128,0.03215000,4884.00000000,0.03385
1749261128,0.03211000,622.60000000,0.03385
1749261128,0.03206000,174.70000000,0.03385
1749261128,0.03201000,1249.20000000,0.03385
1749261128,0.03194000,1988.10000000,0.03385
1749261128,0.03187000,282.40000000,0.03385
1749261128,0.03184000,858.20000000,0.03385
1749261128,0.03159000,593.70000000,0.03385
1749261128,0.03150000,344.00000000,0.03385
1749261128,0.03133000,425.00000000,0.03385
1749261128,0.03128000,2877.20000000,0.03385
1749261128,0.03115000,179.80000000,0.03385
1749261128,0.03100000,180.00000000,0.03385
1749261128,0.03085000,1304.70000000,0.03385
1749261128,0.03055000,270.00000000,0.03385
1749261128,0.03051000,3215.10000000,0.03385
1749261128,0.03026000,425.00000000,0.03385
1749261445,0.03384000,12808.80000000,0.03385
1749261445,0.03383000,55939.00000000,0.03385
1749261445,0.03382000,10953.90000000,0.03385
1749261445,0.03381000,45543.60000000,0.03385
1749261445,0.03380000,87810.50000000,0.03385
1749261445,0.03379000,44457.10000000,0.03385
1749261445,0.03378000,56515.20000000,0.03385
1749261445,0.03377000,107341.60000000,0.03385
1749261445,0.03376000,34519.40000000,0.03385
1749261445,0.03375000,30839.60000000,0.03385
1749261445,0.03374000,42945.80000000,0.03385
1749261445,0.03373000,47602.90000000,0.03385
1749261445,0.03372000,43466.20000000,0.03385
1749261445,0.03371000,27175.30000000,0.03385
1749261445,0.03370000,53872.70000000,0.03385
1749261445,0.03369000,30842.80000000,0.03385
1749261445,0.03368000,6972.50000000,0.03385
1749261445,0.03367000,67833.50000000,0.03385
1749261445,0.03366000,6972.70000000,0.03385
1749261445,0.03365000,60427.40000000,0.03385
1749261445,0.03364000,82262.70000000,0.03385
1749261445,0.03363000,31007.30000000,0.03385
1749261445,0.03362000,22030.90000000,0.03385
1749261445,0.03361000,30842.80000000,0.03385
1749261445,0.03360000,22031.00000000,0.03385
1749261445,0.03359000,61042.80000000,0.03385
1749261445,0.03358000,16022.20000000,0.03385
1749261445,0.03357000,363634.00000000,0.03385
1749261445,0.03356000,36024.30000000,0.03385
1749261445,0.03354000,15035.70000000,0.03385
1749261445,0.03353000,32434.60000000,0.03385
1749261445,0.03352000,223.50000000,0.03385
1749261445,0.03350000,60620.00000000,0.03385
1749261445,0.03349000,15058.00000000,0.03385
1749261445,0.03348000,223.80000000,0.03385
1749261445,0.03347000,15058.00000000,0.03385
1749261445,0.03346000,20921.40000000,0.03385
1749261445,0.03344000,224.10000000,0.03385
1749261445,0.03343000,90370.50000000,0.03385
1749261445,0.03342000,224.30000000,0.03385
1749261445,0.03341000,954009.60000000,0.03385
1749261445,0.03340000,965157.00000000,0.03385
1749261445,0.03339000,802881.60000000,0.03385
1749261445,0.03338000,895430.60000000,0.03385
1749261445,0.03337000,2546.60000000,0.03385
1749261445,0.03336000,918535.30000000,0.03385
1749261445,0.03335000,20822.80000000,0.03385
1749261445,0.03334000,974314.50000000,0.03385
1749261445,0.03332000,798963.00000000,0.03385
1749261445,0.03330000,83273.20000000,0.03385
1749261445,0.03326000,16086.90000000,0.03385
1749261445,0.03325000,20885.40000000,0.03385
1749261445,0.03324000,21114.60000000,0.03385
1749261445,0.03323000,164.50000000,0.03385
1749261445,0.03322000,223.00000000,0.03385
1749261445,0.03320000,223.20000000,0.03385
1749261445,0.03318000,223.40000000,0.03385
1749261445,0.03317000,12981.00000000,0.03385
1749261445,0.03316000,223.50000000,0.03385
1749261445,0.03314000,223.50000000,0.03385
1749261445,0.03312000,392.90000000,0.03385
1749261445,0.03311000,85302.80000000,0.03385
1749261445,0.03310000,13974.60000000,0.03385
1749261445,0.03309000,3888.20000000,0.03385
1749261445,0.03308000,828.60000000,0.03385
1749261445,0.03306000,224.20000000,0.03385
1749261445,0.03304000,224.30000000,0.03385
1749261445,0.03302000,224.40000000,0.03385
1749261445,0.03300000,15151.50000000,0.03385
1749261445,0.03296000,164.50000000,0.03385
1749261445,0.03288000,182.50000000,0.03385
1749261445,0.03283000,164.50000000,0.03385
1749261445,0.03282000,100555.90000000,0.03385
1749261445,0.03279000,584.40000000,0.03385
1749261445,0.03269000,164.50000000,0.03385
1749261445,0.03257000,15351.60000000,0.03385
1749261445,0.03256000,164.50000000,0.03385
1749261445,0.03243000,164.50000000,0.03385
1749261445,0.03239000,425.00000000,0.03385
1749261445,0.03238000,172.90000000,0.03385
1749261445,0.03222000,810.40000000,0.03385
1749261445,0.03218000,2146.40000000,0.03385
1749261445,0.03217000,2702.50000000,0.03385
1749261445,0.03215000,4884.00000000,0.03385
1749261445,0.03211000,622.60000000,0.03385
1749261445,0.03206000,174.70000000,0.03385
1749261445,0.03201000,1249.20000000,0.03385
1749261445,0.03194000,1988.10000000,0.03385
1749261445,0.03187000,282.40000000,0.03385
1749261445,0.03184000,858.20000000,0.03385
1749261445,0.03159000,593.70000000,0.03385
1749261445,0.03150000,344.00000000,0.03385
1749261445,0.03133000,425.00000000,0.03385
1749261445,0.03128000,2877.20000000,0.03385
1749261445,0.03115000,179.80000000,0.03385
1749261445,0.03100000,180.00000000,0.03385
1749261445,0.03085000,1304.70000000,0.03385
1749261445,0.03055000,270.00000000,0.03385
1749261445,0.03051000,3215.10000000,0.03385
1749261445,0.03026000,425.00000000,0.03385
1749261761,0.03382000,43232.00000000,0.03383
1749261761,0.03381000,13869.70000000,0.03383
1749261761,0.03380000,39876.90000000,0.03383
1749261761,0.03379000,79501.30000000,0.03383
1749261761,0.03378000,56515.20000000,0.03383
1749261761,0.03377000,101815.90000000,0.03383
1749261761,0.03376000,27419.50000000,0.03383
1749261761,0.03375000,25023.50000000,0.03383
1749261761,0.03374000,51033.30000000,0.03383
1749261761,0.03373000,32741.00000000,0.03383
1749261761,0.03372000,36454.30000000,0.03383
1749261761,0.03371000,32342.90000000,0.03383
1749261761,0.03370000,32882.30000000,0.03383
1749261761,0.03369000,37862.60000000,0.03383
1749261761,0.03368000,26557.80000000,0.03383
1749261761,0.03367000,95086.00000000,0.03383
1749261761,0.03366000,12140.30000000,0.03383
1749261761,0.03365000,65595.00000000,0.03383
1749261761,0.03364000,100870.10000000,0.03383
1749261761,0.03363000,36174.90000000,0.03383
1749261761,0.03362000,22030.90000000,0.03383
1749261761,0.03361000,30842.80000000,0.03383
1749261761,0.03360000,22031.00000000,0.03383
1749261761,0.03359000,30842.80000000,0.03383
1749261761,0.03358000,22772.20000000,0.03383
1749261761,0.03357000,121274.70000000,0.03383
1749261761,0.03356000,36024.30000000,0.03383
1749261761,0.03354000,15035.70000000,0.03383
1749261761,0.03353000,32434.60000000,0.03383
1749261761,0.03352000,287281.30000000,0.03383
1749261761,0.03350000,60620.00000000,0.03383
1749261761,0.03349000,15058.00000000,0.03383
1749261761,0.03348000,223.80000000,0.03383
1749261761,0.03347000,15058.00000000,0.03383
1749261761,0.03346000,20921.40000000,0.03383
1749261761,0.03344000,224.10000000,0.03383
1749261761,0.03343000,90370.50000000,0.03383
1749261761,0.03342000,224.30000000,0.03383
1749261761,0.03340000,54848.70000000,0.03383
1749261761,0.03339000,801635.90000000,0.03383
1749261761,0.03338000,895430.60000000,0.03383
1749261761,0.03337000,2548.00000000,0.03383
1749261761,0.03336000,918535.30000000,0.03383
1749261761,0.03335000,20822.80000000,0.03383
1749261761,0.03334000,974314.50000000,0.03383
1749261761,0.03332000,798963.00000000,0.03383
1749261761,0.03330000,1002613.40000000,0.03383
1749261761,0.03328000,820910.50000000,0.03383
1749261761,0.03326000,16086.90000000,0.03383
1749261761,0.03325000,20885.40000000,0.03383
1749261761,0.03324000,21114.60000000,0.03383
1749261761,0.03323000,164.50000000,0.03383
1749261761,0.03322000,223.00000000,0.03383
1749261761,0.03320000,223.20000000,0.03383
1749261761,0.03318000,223.40000000,0.03383
1749261761,0.03317000,12981.00000000,0.03383
1749261761,0.03316000,223.50000000,0.03383
1749261761,0.03314000,223.50000000,0.03383
1749261761,0.03312000,392.90000000,0.03383
1749261761,0.03311000,85302.80000000,0.03383
1749261761,0.03310000,13974.60000000,0.03383
1749261761,0.03309000,3888.20000000,0.03383
1749261761,0.03308000,828.60000000,0.03383
1749261761,0.03306000,224.20000000,0.03383
1749261761,0.03304000,224.30000000,0.03383
1749261761,0.03302000,224.40000000,0.03383
1749261761,0.03300000,15151.50000000,0.03383
1749261761,0.03296000,164.50000000,0.03383
1749261761,0.03288000,182.50000000,0.03383
1749261761,0.03283000,164.50000000,0.03383
1749261761,0.03282000,100555.90000000,0.03383
1749261761,0.03279000,584.40000000,0.03383
1749261761,0.03269000,164.50000000,0.03383
1749261761,0.03256000,15520.70000000,0.03383
1749261761,0.03243000,164.50000000,0.03383
1749261761,0.03239000,425.00000000,0.03383
1749261761,0.03238000,172.90000000,0.03383
1749261761,0.03222000,810.40000000,0.03383
1749261761,0.03218000,2146.40000000,0.03383
1749261761,0.03217000,2702.50000000,0.03383
1749261761,0.03215000,4884.00000000,0.03383
1749261761,0.03211000,622.60000000,0.03383
1749261761,0.03206000,174.70000000,0.03383
1749261761,0.03201000,1249.20000000,0.03383
1749261761,0.03194000,1988.10000000,0.03383
1749261761,0.03187000,282.40000000,0.03383
1749261761,0.03184000,858.20000000,0.03383
1749261761,0.03159000,593.70000000,0.03383
1749261761,0.03150000,344.00000000,0.03383
1749261761,0.03133000,425.00000000,0.03383
1749261761,0.03128000,2877.20000000,0.03383
1749261761,0.03115000,179.80000000,0.03383
1749261761,0.03100000,180.00000000,0.03383
1749261761,0.03085000,1304.70000000,0.03383
1749261761,0.03055000,270.00000000,0.03383
1749261761,0.03051000,3215.10000000,0.03383
1749261761,0.03026000,425.00000000,0.03383
1749261761,0.03014000,185.80000000,0.03383
1749261761,0.03005000,18114.20000000,0.03383
1749261761,0.03004000,188.40000000,0.03383
1749262064,0.03381000,3766.30000000,0.03381
1749262064,0.03380000,40661.40000000,0.03381
1749262064,0.03379000,30840.50000000,0.03381
1749262064,0.03378000,94087.00000000,0.03381
1749262064,0.03377000,76754.20000000,0.03381
1749262064,0.03376000,31286.70000000,0.03381
1749262064,0.03375000,21530.60000000,0.03381
1749262064,0.03374000,44731.40000000,0.03381
1749262064,0.03373000,32745.60000000,0.03381
1749262064,0.03372000,36458.90000000,0.03381
1749262064,0.03371000,29141.00000000,0.03381
1749262064,0.03370000,12366.40000000,0.03381
1749262064,0.03369000,31064.60000000,0.03381
1749262064,0.03368000,12144.70000000,0.03381
1749262064,0.03367000,87268.70000000,0.03381
1749262064,0.03366000,25875.10000000,0.03381
1749262064,0.03365000,36015.00000000,0.03381
1749262064,0.03364000,106042.30000000,0.03381
1749262064,0.03363000,60138.40000000,0.03381
1749262064,0.03362000,22030.90000000,0.03381
1749262064,0.03361000,30842.80000000,0.03381
1749262064,0.03360000,22031.00000000,0.03381
1749262064,0.03359000,30842.80000000,0.03381
1749262064,0.03358000,22772.20000000,0.03381
1749262064,0.03357000,91074.70000000,0.03381
1749262064,0.03356000,72438.20000000,0.03381
1749262064,0.03354000,51985.70000000,0.03381
1749262064,0.03353000,39184.60000000,0.03381
1749262064,0.03352000,287281.30000000,0.03381
1749262064,0.03350000,60620.00000000,0.03381
1749262064,0.03349000,15058.00000000,0.03381
1749262064,0.03348000,223.80000000,0.03381
1749262064,0.03347000,15058.00000000,0.03381
1749262064,0.03346000,20921.40000000,0.03381
1749262064,0.03344000,224.10000000,0.03381
1749262064,0.03343000,90370.50000000,0.03381
1749262064,0.03342000,224.30000000,0.03381
1749262064,0.03340000,54848.70000000,0.03381
1749262064,0.03337000,841478.60000000,0.03381
1749262064,0.03336000,918535.30000000,0.03381
1749262064,0.03335000,23206.30000000,0.03381
1749262064,0.03334000,974314.50000000,0.03381
1749262064,0.03332000,798963.00000000,0.03381
1749262064,0.03330000,1002613.40000000,0.03381
1749262064,0.03328000,820910.50000000,0.03381
1749262064,0.03326000,972247.40000000,0.03381
1749262064,0.03324000,21114.60000000,0.03381
1749262064,0.03323000,164.50000000,0.03381
1749262064,0.03322000,223.00000000,0.03381
1749262064,0.03320000,223.20000000,0.03381
1749262064,0.03318000,21152.80000000,0.03381
1749262064,0.03317000,12981.00000000,0.03381
1749262064,0.03316000,223.50000000,0.03381
1749262064,0.03314000,223.50000000,0.03381
1749262064,0.03312000,392.90000000,0.03381
1749262064,0.03311000,85302.80000000,0.03381
1749262064,0.03310000,13974.60000000,0.03381
1749262064,0.03309000,3888.20000000,0.03381
1749262064,0.03308000,828.60000000,0.03381
1749262064,0.03306000,224.20000000,0.03381
1749262064,0.03304000,224.30000000,0.03381
1749262064,0.03302000,224.40000000,0.03381
1749262064,0.03300000,15151.50000000,0.03381
1749262064,0.03296000,164.50000000,0.03381
1749262064,0.03288000,182.50000000,0.03381
1749262064,0.03283000,164.50000000,0.03381
1749262064,0.03282000,100555.90000000,0.03381
1749262064,0.03279000,584.40000000,0.03381
1749262064,0.03269000,164.50000000,0.03381
1749262064,0.03256000,164.50000000,0.03381
1749262064,0.03254000,15365.80000000,0.03381
1749262064,0.03243000,164.50000000,0.03381
1749262064,0.03239000,425.00000000,0.03381
1749262064,0.03238000,172.90000000,0.03381
1749262064,0.03222000,810.40000000,0.03381
1749262064,0.03218000,2146.40000000,0.03381
1749262064,0.03217000,2702.50000000,0.03381
1749262064,0.03215000,4884.00000000,0.03381
1749262064,0.03211000,622.60000000,0.03381
1749262064,0.03206000,174.70000000,0.03381
1749262064,0.03201000,1249.20000000,0.03381
1749262064,0.03194000,1988.10000000,0.03381
1749262064,0.03187000,282.40000000,0.03381
1749262064,0.03184000,858.20000000,0.03381
1749262064,0.03159000,593.70000000,0.03381
1749262064,0.03150000,344.00000000,0.03381
1749262064,0.03133000,425.00000000,0.03381
1749262064,0.03128000,2877.20000000,0.03381
1749262064,0.03115000,179.80000000,0.03381
1749262064,0.03100000,180.00000000,0.03381
1749262064,0.03085000,1304.70000000,0.03381
1749262064,0.03055000,270.00000000,0.03381
1749262064,0.03051000,3215.10000000,0.03381
1749262064,0.03026000,425.00000000,0.03381
1749262064,0.03014000,185.80000000,0.03381
1749262064,0.03005000,18114.20000000,0.03381
1749262064,0.03004000,188.40000000,0.03381
1749262064,0.03000000,47333.20000000,0.03381
1749262064,0.02965000,3035.40000000,0.03381
1749262064,0.02950000,677.90000000,0.03381
1749262370,0.03381000,17415.30000000,0.03382
1749262370,0.03380000,46501.60000000,0.03382
1749262370,0.03379000,71096.20000000,0.03382
1749262370,0.03378000,245673.40000000,0.03382
1749262370,0.03377000,119584.70000000,0.03382
1749262370,0.03376000,80879.40000000,0.03382
1749262370,0.03375000,74246.80000000,0.03382
1749262370,0.03374000,82528.90000000,0.03382
1749262370,0.03373000,75755.80000000,0.03382
1749262370,0.03372000,36458.90000000,0.03382
1749262370,0.03371000,34313.20000000,0.03382
1749262370,0.03370000,25774.00000000,0.03382
1749262370,0.03369000,44782.60000000,0.03382
1749262370,0.03368000,12144.70000000,0.03382
1749262370,0.03367000,73849.20000000,0.03382
1749262370,0.03366000,12144.90000000,0.03382
1749262370,0.03365000,36015.00000000,0.03382
1749262370,0.03364000,113071.00000000,0.03382
1749262370,0.03363000,53106.10000000,0.03382
1749262370,0.03362000,27203.10000000,0.03382
1749262370,0.03361000,30842.80000000,0.03382
1749262370,0.03360000,22031.00000000,0.03382
1749262370,0.03359000,30842.80000000,0.03382
1749262370,0.03358000,22772.20000000,0.03382
1749262370,0.03357000,91074.70000000,0.03382
1749262370,0.03356000,72438.20000000,0.03382
1749262370,0.03355000,30200.00000000,0.03382
1749262370,0.03354000,21785.70000000,0.03382
1749262370,0.03353000,39184.60000000,0.03382
1749262370,0.03352000,287281.30000000,0.03382
1749262370,0.03350000,60620.00000000,0.03382
1749262370,0.03349000,15058.00000000,0.03382
1749262370,0.03348000,223.80000000,0.03382
1749262370,0.03347000,15058.00000000,0.03382
1749262370,0.03346000,20921.40000000,0.03382
1749262370,0.03344000,224.10000000,0.03382
1749262370,0.03343000,90370.50000000,0.03382
1749262370,0.03342000,224.30000000,0.03382
1749262370,0.03340000,54848.70000000,0.03382
1749262370,0.03338000,875824.00000000,0.03382
1749262370,0.03337000,841478.60000000,0.03382
1749262370,0.03336000,918535.30000000,0.03382
1749262370,0.03335000,23206.30000000,0.03382
1749262370,0.03334000,974314.50000000,0.03382
1749262370,0.03332000,798963.00000000,0.03382
1749262370,0.03330000,1002613.40000000,0.03382
1749262370,0.03328000,820910.50000000,0.03382
1749262370,0.03326000,16086.90000000,0.03382
1749262370,0.03324000,21114.60000000,0.03382
1749262370,0.03323000,164.50000000,0.03382
1749262370,0.03322000,223.00000000,0.03382
1749262370,0.03320000,223.20000000,0.03382
1749262370,0.03318000,21152.80000000,0.03382
1749262370,0.03317000,12981.00000000,0.03382
1749262370,0.03316000,223.50000000,0.03382
1749262370,0.03314000,223.50000000,0.03382
1749262370,0.03312000,392.90000000,0.03382
1749262370,0.03311000,85302.80000000,0.03382
1749262370,0.03310000,13974.60000000,0.03382
1749262370,0.03309000,3888.20000000,0.03382
1749262370,0.03308000,828.60000000,0.03382
1749262370,0.03306000,224.20000000,0.03382
1749262370,0.03304000,224.30000000,0.03382
1749262370,0.03302000,224.40000000,0.03382
1749262370,0.03300000,15151.50000000,0.03382
1749262370,0.03296000,164.50000000,0.03382
1749262370,0.03288000,182.50000000,0.03382
1749262370,0.03283000,164.50000000,0.03382
1749262370,0.03282000,100555.90000000,0.03382
1749262370,0.03279000,584.40000000,0.03382
1749262370,0.03269000,164.50000000,0.03382
1749262370,0.03256000,164.50000000,0.03382
1749262370,0.03255000,15361.00000000,0.03382
1749262370,0.03243000,164.50000000,0.03382
1749262370,0.03239000,425.00000000,0.03382
1749262370,0.03238000,172.90000000,0.03382
1749262370,0.03222000,810.40000000,0.03382
1749262370,0.03218000,2146.40000000,0.03382
1749262370,0.03217000,2702.50000000,0.03382
1749262370,0.03215000,4884.00000000,0.03382
1749262370,0.03211000,622.60000000,0.03382
1749262370,0.03209000,1978.80000000,0.03382
1749262370,0.03206000,174.70000000,0.03382
1749262370,0.03201000,1249.20000000,0.03382
1749262370,0.03187000,282.40000000,0.03382
1749262370,0.03184000,858.20000000,0.03382
1749262370,0.03159000,593.70000000,0.03382
1749262370,0.03150000,344.00000000,0.03382
1749262370,0.03133000,425.00000000,0.03382
1749262370,0.03128000,2877.20000000,0.03382
1749262370,0.03115000,179.80000000,0.03382
1749262370,0.03100000,180.00000000,0.03382
1749262370,0.03085000,1304.70000000,0.03382
1749262370,0.03066000,3198.90000000,0.03382
1749262370,0.03055000,270.00000000,0.03382
1749262370,0.03026000,425.00000000,0.03382
1749262370,0.03014000,185.80000000,0.03382
1749262370,0.03005000,18114.20000000,0.03382
1749262370,0.03004000,188.40000000,0.03382
1749262370,0.03000000,47333.20000000,0.03382
1749262671,0.03383000,14592.50000000,0.03383
1749262671,0.03382000,11155.70000000,0.03383
1749262671,0.03381000,29147.30000000,0.03383
1749262671,0.03380000,58532.90000000,0.03383
1749262671,0.03379000,81117.70000000,0.03383
1749262671,0.03378000,170915.50000000,0.03383
1749262671,0.03377000,129351.90000000,0.03383
1749262671,0.03376000,99716.20000000,0.03383
1749262671,0.03375000,50872.50000000,0.03383
1749262671,0.03374000,36456.40000000,0.03383
1749262671,0.03373000,32742.60000000,0.03383
1749262671,0.03372000,49855.50000000,0.03383
1749262671,0.03371000,29141.00000000,0.03383
1749262671,0.03370000,12363.40000000,0.03383
1749262671,0.03369000,59196.10000000,0.03383
1749262671,0.03368000,18644.70000000,0.03383
1749262671,0.03367000,52922.70000000,0.03383
1749262671,0.03366000,12141.90000000,0.03383
1749262671,0.03365000,65596.60000000,0.03383
1749262671,0.03364000,107898.80000000,0.03383
1749262671,0.03363000,53106.10000000,0.03383
1749262671,0.03362000,22030.90000000,0.03383
1749262671,0.03361000,30842.80000000,0.03383
1749262671,0.03360000,22031.00000000,0.03383
1749262671,0.03359000,30842.80000000,0.03383
1749262671,0.03358000,22772.20000000,0.03383
1749262671,0.03357000,121274.70000000,0.03383
1749262671,0.03356000,42774.30000000,0.03383
1749262671,0.03354000,21785.70000000,0.03383
1749262671,0.03353000,32434.60000000,0.03383
1749262671,0.03352000,223.50000000,0.03383
1749262671,0.03350000,60620.00000000,0.03383
1749262671,0.03349000,15058.00000000,0.03383
1749262671,0.03348000,223.80000000,0.03383
1749262671,0.03347000,15058.00000000,0.03383
1749262671,0.03346000,20921.40000000,0.03383
1749262671,0.03344000,224.10000000,0.03383
1749262671,0.03343000,90370.50000000,0.03383
1749262671,0.03342000,224.30000000,0.03383
1749262671,0.03340000,880960.60000000,0.03383
1749262671,0.03339000,941956.00000000,0.03383
1749262671,0.03338000,875824.00000000,0.03383
1749262671,0.03337000,841478.60000000,0.03383
1749262671,0.03336000,60231.90000000,0.03383
1749262671,0.03335000,23206.30000000,0.03383
1749262671,0.03334000,974314.50000000,0.03383
1749262671,0.03332000,798963.00000000,0.03383
1749262671,0.03330000,923520.60000000,0.03383
1749262671,0.03326000,36966.00000000,0.03383
1749262671,0.03324000,21114.60000000,0.03383
1749262671,0.03323000,164.50000000,0.03383
1749262671,0.03322000,223.00000000,0.03383
1749262671,0.03320000,223.20000000,0.03383
1749262671,0.03318000,223.40000000,0.03383
1749262671,0.03317000,12981.00000000,0.03383
1749262671,0.03316000,223.50000000,0.03383
1749262671,0.03314000,223.50000000,0.03383
1749262671,0.03312000,392.90000000,0.03383
1749262671,0.03311000,85302.80000000,0.03383
1749262671,0.03310000,13974.60000000,0.03383
1749262671,0.03308000,828.60000000,0.03383
1749262671,0.03306000,4116.10000000,0.03383
1749262671,0.03304000,224.30000000,0.03383
1749262671,0.03302000,224.40000000,0.03383
1749262671,0.03300000,15151.50000000,0.03383
1749262671,0.03296000,164.50000000,0.03383
1749262671,0.03288000,182.50000000,0.03383
1749262671,0.03283000,164.50000000,0.03383
1749262671,0.03282000,100555.90000000,0.03383
1749262671,0.03279000,584.40000000,0.03383
1749262671,0.03269000,164.50000000,0.03383
1749262671,0.03256000,164.50000000,0.03383
1749262671,0.03255000,15361.00000000,0.03383
1749262671,0.03243000,164.50000000,0.03383
1749262671,0.03239000,425.00000000,0.03383
1749262671,0.03238000,172.90000000,0.03383
1749262671,0.03222000,810.40000000,0.03383
1749262671,0.03218000,2146.40000000,0.03383
1749262671,0.03217000,2702.50000000,0.03383
1749262671,0.03215000,4884.00000000,0.03383
1749262671,0.03211000,622.60000000,0.03383
1749262671,0.03209000,1978.80000000,0.03383
1749262671,0.03206000,174.70000000,0.03383
1749262671,0.03201000,1249.20000000,0.03383
1749262671,0.03187000,282.40000000,0.03383
1749262671,0.03184000,858.20000000,0.03383
1749262671,0.03159000,593.70000000,0.03383
1749262671,0.03150000,344.00000000,0.03383
1749262671,0.03133000,425.00000000,0.03383
1749262671,0.03128000,2877.20000000,0.03383
1749262671,0.03115000,179.80000000,0.03383
1749262671,0.03100000,180.00000000,0.03383
1749262671,0.03085000,1304.70000000,0.03383
1749262671,0.03066000,3198.90000000,0.03383
1749262671,0.03055000,270.00000000,0.03383
1749262671,0.03026000,425.00000000,0.03383
1749262671,0.03014000,185.80000000,0.03383
1749262671,0.03005000,18114.20000000,0.03383
1749262671,0.03004000,188.40000000,0.03383
1749262671,0.03000000,47333.20000000,0.03383
1749262974,0.03382000,12075.20000000,0.03382
1749262974,0.03381000,63969.70000000,0.03382
1749262974,0.03380000,92313.60000000,0.03382
1749262974,0.03379000,80402.90000000,0.03382
1749262974,0.03378000,170434.70000000,0.03382
1749262974,0.03377000,122453.50000000,0.03382
1749262974,0.03376000,75503.20000000,0.03382
1749262974,0.03375000,50693.40000000,0.03382
1749262974,0.03374000,36456.40000000,0.03382
1749262974,0.03373000,46138.20000000,0.03382
1749262974,0.03372000,36455.90000000,0.03382
1749262974,0.03371000,34308.60000000,0.03382
1749262974,0.03370000,19379.50000000,0.03382
1749262974,0.03369000,49951.80000000,0.03382
1749262974,0.03368000,33062.40000000,0.03382
1749262974,0.03367000,52922.70000000,0.03382
1749262974,0.03366000,12141.90000000,0.03382
1749262974,0.03365000,65596.60000000,0.03382
1749262974,0.03364000,106039.30000000,0.03382
1749262974,0.03363000,53106.10000000,0.03382
1749262974,0.03362000,27200.10000000,0.03382
1749262974,0.03361000,30842.80000000,0.03382
1749262974,0.03360000,22031.00000000,0.03382
1749262974,0.03359000,30842.80000000,0.03382
1749262974,0.03358000,22772.20000000,0.03382
1749262974,0.03357000,91074.70000000,0.03382
1749262974,0.03356000,72974.30000000,0.03382
1749262974,0.03354000,21785.70000000,0.03382
1749262974,0.03353000,32434.60000000,0.03382
1749262974,0.03352000,223.50000000,0.03382
1749262974,0.03350000,60620.00000000,0.03382
1749262974,0.03349000,15058.00000000,0.03382
1749262974,0.03348000,223.80000000,0.03382
1749262974,0.03347000,15058.00000000,0.03382
1749262974,0.03346000,20921.40000000,0.03382
1749262974,0.03344000,224.10000000,0.03382
1749262974,0.03343000,90370.50000000,0.03382
1749262974,0.03342000,224.30000000,0.03382
1749262974,0.03341000,1359.30000000,0.03382
1749262974,0.03340000,56739.90000000,0.03382
1749262974,0.03339000,941956.00000000,0.03382
1749262974,0.03338000,877065.10000000,0.03382
1749262974,0.03337000,841478.60000000,0.03382
1749262974,0.03336000,60231.90000000,0.03382
1749262974,0.03335000,20822.80000000,0.03382
1749262974,0.03331000,2383.50000000,0.03382
1749262974,0.03330000,923520.60000000,0.03382
1749262974,0.03328000,932751.10000000,0.03382
1749262974,0.03326000,863631.50000000,0.03382
1749262974,0.03324000,930191.50000000,0.03382
1749262974,0.03323000,164.50000000,0.03382
1749262974,0.03322000,223.00000000,0.03382
1749262974,0.03320000,223.20000000,0.03382
1749262974,0.03318000,223.40000000,0.03382
1749262974,0.03317000,12981.00000000,0.03382
1749262974,0.03316000,223.50000000,0.03382
1749262974,0.03314000,223.50000000,0.03382
1749262974,0.03312000,392.90000000,0.03382
1749262974,0.03311000,85302.80000000,0.03382
1749262974,0.03310000,13974.60000000,0.03382
1749262974,0.03308000,828.60000000,0.03382
1749262974,0.03306000,4116.10000000,0.03382
1749262974,0.03304000,224.30000000,0.03382
1749262974,0.03302000,224.40000000,0.03382
1749262974,0.03300000,15151.50000000,0.03382
1749262974,0.03296000,164.50000000,0.03382
1749262974,0.03288000,182.50000000,0.03382
1749262974,0.03283000,164.50000000,0.03382
1749262974,0.03282000,100555.90000000,0.03382
1749262974,0.03279000,584.40000000,0.03382
1749262974,0.03269000,164.50000000,0.03382
1749262974,0.03256000,164.50000000,0.03382
1749262974,0.03255000,15361.00000000,0.03382
1749262974,0.03243000,164.50000000,0.03382
1749262974,0.03239000,425.00000000,0.03382
1749262974,0.03238000,172.90000000,0.03382
1749262974,0.03222000,810.40000000,0.03382
1749262974,0.03218000,2146.40000000,0.03382
1749262974,0.03217000,2702.50000000,0.03382
1749262974,0.03215000,4884.00000000,0.03382
1749262974,0.03211000,622.60000000,0.03382
1749262974,0.03209000,1978.80000000,0.03382
1749262974,0.03206000,174.70000000,0.03382
1749262974,0.03201000,1249.20000000,0.03382
1749262974,0.03187000,282.40000000,0.03382
1749262974,0.03184000,858.20000000,0.03382
1749262974,0.03159000,593.70000000,0.03382
1749262974,0.03150000,344.00000000,0.03382
1749262974,0.03133000,425.00000000,0.03382
1749262974,0.03128000,2877.20000000,0.03382
1749262974,0.03115000,179.80000000,0.03382
1749262974,0.03100000,180.00000000,0.03382
1749262974,0.03085000,1304.70000000,0.03382
1749262974,0.03066000,3198.90000000,0.03382
1749262974,0.03055000,270.00000000,0.03382
1749262974,0.03026000,425.00000000,0.03382
1749262974,0.03014000,185.80000000,0.03382
1749262974,0.03005000,18114.20000000,0.03382
1749262974,0.03004000,188.40000000,0.03382
1749262974,0.03000000,47333.20000000,0.03382
1749263282,0.03384000,8671.80000000,0.03384
1749263282,0.03383000,17894.40000000,0.03384
1749263282,0.03382000,23299.90000000,0.03384
1749263282,0.03381000,61791.50000000,0.03384
1749263282,0.03380000,75777.80000000,0.03384
1749263282,0.03379000,78406.90000000,0.03384
1749263282,0.03378000,176091.60000000,0.03384
1749263282,0.03377000,139814.30000000,0.03384
1749263282,0.03376000,58674.20000000,0.03384
1749263282,0.03375000,36584.00000000,0.03384
1749263282,0.03374000,36454.80000000,0.03384
1749263282,0.03373000,46136.60000000,0.03384
1749263282,0.03372000,57268.90000000,0.03384
1749263282,0.03371000,27197.30000000,0.03384
1749263282,0.03370000,26771.00000000,0.03384
1749263282,0.03369000,37564.50000000,0.03384
1749263282,0.03368000,19162.20000000,0.03384
1749263282,0.03367000,58090.30000000,0.03384
1749263282,0.03366000,41730.20000000,0.03384
1749263282,0.03365000,36010.40000000,0.03384
1749263282,0.03364000,100870.10000000,0.03384
1749263282,0.03363000,53106.10000000,0.03384
1749263282,0.03362000,22030.90000000,0.03384
1749263282,0.03361000,30842.80000000,0.03384
1749263282,0.03360000,22031.00000000,0.03384
1749263282,0.03359000,30842.80000000,0.03384
1749263282,0.03358000,22772.20000000,0.03384
1749263282,0.03357000,127008.00000000,0.03384
1749263282,0.03356000,311938.80000000,0.03384
1749263282,0.03354000,15035.70000000,0.03384
1749263282,0.03353000,32434.60000000,0.03384
1749263282,0.03352000,223.50000000,0.03384
1749263282,0.03350000,60620.00000000,0.03384
1749263282,0.03349000,15058.00000000,0.03384
1749263282,0.03348000,223.80000000,0.03384
1749263282,0.03347000,15058.00000000,0.03384
1749263282,0.03346000,20921.40000000,0.03384
1749263282,0.03344000,224.10000000,0.03384
1749263282,0.03343000,90370.50000000,0.03384
1749263282,0.03342000,2824.70000000,0.03384
1749263282,0.03341000,883799.00000000,0.03384
1749263282,0.03340000,893528.40000000,0.03384
1749263282,0.03339000,941956.00000000,0.03384
1749263282,0.03338000,875824.00000000,0.03384
1749263282,0.03337000,841478.60000000,0.03384
1749263282,0.03336000,60231.90000000,0.03384
1749263282,0.03335000,20822.80000000,0.03384
1749263282,0.03331000,2383.50000000,0.03384
1749263282,0.03330000,923520.60000000,0.03384
1749263282,0.03328000,932751.10000000,0.03384
1749263282,0.03326000,36966.00000000,0.03384
1749263282,0.03324000,21114.60000000,0.03384
1749263282,0.03323000,164.50000000,0.03384
1749263282,0.03322000,223.00000000,0.03384
1749263282,0.03320000,223.20000000,0.03384
1749263282,0.03318000,223.40000000,0.03384
1749263282,0.03317000,12981.00000000,0.03384
1749263282,0.03316000,223.50000000,0.03384
1749263282,0.03314000,223.50000000,0.03384
1749263282,0.03312000,392.90000000,0.03384
1749263282,0.03311000,85302.80000000,0.03384
1749263282,0.03310000,13974.60000000,0.03384
1749263282,0.03308000,828.60000000,0.03384
1749263282,0.03306000,4116.10000000,0.03384
1749263282,0.03304000,224.30000000,0.03384
1749263282,0.03302000,224.40000000,0.03384
1749263282,0.03300000,15151.50000000,0.03384
1749263282,0.03296000,164.50000000,0.03384
1749263282,0.03288000,182.50000000,0.03384
1749263282,0.03283000,164.50000000,0.03384
1749263282,0.03282000,100555.90000000,0.03384
1749263282,0.03279000,584.40000000,0.03384
1749263282,0.03269000,164.50000000,0.03384
1749263282,0.03258000,15346.80000000,0.03384
1749263282,0.03256000,164.50000000,0.03384
1749263282,0.03243000,164.50000000,0.03384
1749263282,0.03239000,425.00000000,0.03384
1749263282,0.03238000,172.90000000,0.03384
1749263282,0.03222000,810.40000000,0.03384
1749263282,0.03218000,2146.40000000,0.03384
1749263282,0.03217000,2702.50000000,0.03384
1749263282,0.03215000,4884.00000000,0.03384
1749263282,0.03211000,622.60000000,0.03384
1749263282,0.03209000,1978.80000000,0.03384
1749263282,0.03206000,174.70000000,0.03384
1749263282,0.03201000,1249.20000000,0.03384
1749263282,0.03187000,282.40000000,0.03384
1749263282,0.03184000,858.20000000,0.03384
1749263282,0.03159000,593.70000000,0.03384
1749263282,0.03150000,344.00000000,0.03384
1749263282,0.03133000,425.00000000,0.03384
1749263282,0.03128000,2877.20000000,0.03384
1749263282,0.03115000,179.80000000,0.03384
1749263282,0.03100000,180.00000000,0.03384
1749263282,0.03085000,1304.70000000,0.03384
1749263282,0.03066000,3198.90000000,0.03384
1749263282,0.03055000,270.00000000,0.03384
1749263282,0.03026000,425.00000000,0.03384
1749263282,0.03014000,185.80000000,0.03384
1749263282,0.03005000,18114.20000000,0.03384
1749263584,0.03383000,14978.00000000,0.03384
1749263584,0.03382000,23304.70000000,0.03384
1749263584,0.03381000,66545.70000000,0.03384
1749263584,0.03380000,93813.80000000,0.03384
1749263584,0.03379000,49514.70000000,0.03384
1749263584,0.03378000,169587.30000000,0.03384
1749263584,0.03377000,145217.40000000,0.03384
1749263584,0.03376000,44615.00000000,0.03384
1749263584,0.03375000,27197.80000000,0.03384
1749263584,0.03374000,36454.80000000,0.03384
1749263584,0.03373000,40593.40000000,0.03384
1749263584,0.03372000,57268.90000000,0.03384
1749263584,0.03371000,32344.80000000,0.03384
1749263584,0.03370000,12361.80000000,0.03384
1749263584,0.03369000,57144.10000000,0.03384
1749263584,0.03368000,48214.10000000,0.03384
1749263584,0.03367000,51068.40000000,0.03384
1749263584,0.03366000,41730.20000000,0.03384
1749263584,0.03365000,36010.40000000,0.03384
1749263584,0.03364000,100870.10000000,0.03384
1749263584,0.03363000,36174.90000000,0.03384
1749263584,0.03362000,22030.90000000,0.03384
1749263584,0.03361000,30842.80000000,0.03384
1749263584,0.03360000,22031.00000000,0.03384
1749263584,0.03359000,30842.80000000,0.03384
1749263584,0.03358000,22772.20000000,0.03384
1749263584,0.03357000,121274.70000000,0.03384
1749263584,0.03356000,311938.80000000,0.03384
1749263584,0.03354000,15035.70000000,0.03384
1749263584,0.03353000,32434.60000000,0.03384
1749263584,0.03352000,223.50000000,0.03384
1749263584,0.03350000,60620.00000000,0.03384
1749263584,0.03349000,15058.00000000,0.03384
1749263584,0.03348000,223.80000000,0.03384
1749263584,0.03347000,15058.00000000,0.03384
1749263584,0.03346000,20921.40000000,0.03384
1749263584,0.03344000,224.10000000,0.03384
1749263584,0.03343000,90370.50000000,0.03384
1749263584,0.03342000,8558.00000000,0.03384
1749263584,0.03340000,893528.40000000,0.03384
1749263584,0.03339000,941956.00000000,0.03384
1749263584,0.03338000,875824.00000000,0.03384
1749263584,0.03337000,841478.60000000,0.03384
1749263584,0.03336000,60231.90000000,0.03384
1749263584,0.03335000,20822.80000000,0.03384
1749263584,0.03331000,18200.80000000,0.03384
1749263584,0.03330000,923520.60000000,0.03384
1749263584,0.03328000,932751.10000000,0.03384
1749263584,0.03326000,917685.50000000,0.03384
1749263584,0.03324000,21114.60000000,0.03384
1749263584,0.03323000,164.50000000,0.03384
1749263584,0.03322000,223.00000000,0.03384
1749263584,0.03320000,223.20000000,0.03384
1749263584,0.03318000,223.40000000,0.03384
1749263584,0.03317000,12981.00000000,0.03384
1749263584,0.03316000,223.50000000,0.03384
1749263584,0.03314000,223.50000000,0.03384
1749263584,0.03312000,392.90000000,0.03384
1749263584,0.03311000,85302.80000000,0.03384
1749263584,0.03310000,13974.60000000,0.03384
1749263584,0.03308000,828.60000000,0.03384
1749263584,0.03306000,4116.10000000,0.03384
1749263584,0.03304000,224.30000000,0.03384
1749263584,0.03302000,224.40000000,0.03384
1749263584,0.03300000,15151.50000000,0.03384
1749263584,0.03296000,164.50000000,0.03384
1749263584,0.03288000,182.50000000,0.03384
1749263584,0.03283000,164.50000000,0.03384
1749263584,0.03282000,100555.90000000,0.03384
1749263584,0.03279000,584.40000000,0.03384
1749263584,0.03269000,164.50000000,0.03384
1749263584,0.03257000,15351.60000000,0.03384
1749263584,0.03256000,164.50000000,0.03384
1749263584,0.03243000,164.50000000,0.03384
1749263584,0.03239000,425.00000000,0.03384
1749263584,0.03238000,172.90000000,0.03384
1749263584,0.03222000,810.40000000,0.03384
1749263584,0.03218000,2146.40000000,0.03384
1749263584,0.03217000,2702.50000000,0.03384
1749263584,0.03215000,4884.00000000,0.03384
1749263584,0.03211000,622.60000000,0.03384
1749263584,0.03209000,1978.80000000,0.03384
1749263584,0.03206000,174.70000000,0.03384
1749263584,0.03201000,1249.20000000,0.03384
1749263584,0.03187000,282.40000000,0.03384
1749263584,0.03184000,858.20000000,0.03384
1749263584,0.03159000,593.70000000,0.03384
1749263584,0.03150000,344.00000000,0.03384
1749263584,0.03133000,425.00000000,0.03384
1749263584,0.03128000,2877.20000000,0.03384
1749263584,0.03115000,179.80000000,0.03384
1749263584,0.03100000,180.00000000,0.03384
1749263584,0.03085000,1304.70000000,0.03384
1749263584,0.03066000,3198.90000000,0.03384
1749263584,0.03055000,270.00000000,0.03384
1749263584,0.03026000,425.00000000,0.03384
1749263584,0.03014000,185.80000000,0.03384
1749263584,0.03005000,18114.20000000,0.03384
1749263584,0.03004000,188.40000000,0.03384
1749263584,0.03000000,47333.20000000,0.03384
1749263886,0.03383000,10933.00000000,0.03383
1749263886,0.03382000,24477.90000000,0.03383
1749263886,0.03381000,52333.70000000,0.03383
1749263886,0.03380000,82619.40000000,0.03383
1749263886,0.03379000,69072.40000000,0.03383
1749263886,0.03378000,172714.80000000,0.03383
1749263886,0.03377000,132294.00000000,0.03383
1749263886,0.03376000,44616.60000000,0.03383
1749263886,0.03375000,38263.30000000,0.03383
1749263886,0.03374000,42049.00000000,0.03383
1749263886,0.03373000,40595.00000000,0.03383
1749263886,0.03372000,52101.30000000,0.03383
1749263886,0.03371000,22029.70000000,0.03383
1749263886,0.03370000,12363.40000000,0.03383
1749263886,0.03369000,57147.20000000,0.03383
1749263886,0.03368000,48215.70000000,0.03383
1749263886,0.03367000,51070.00000000,0.03383
1749263886,0.03366000,41731.80000000,0.03383
1749263886,0.03365000,36012.00000000,0.03383
1749263886,0.03364000,100870.10000000,0.03383
1749263886,0.03363000,36176.50000000,0.03383
1749263886,0.03362000,22030.90000000,0.03383
1749263886,0.03361000,30842.80000000,0.03383
1749263886,0.03360000,22031.00000000,0.03383
1749263886,0.03359000,30842.80000000,0.03383
1749263886,0.03358000,22772.20000000,0.03383
1749263886,0.03357000,122634.00000000,0.03383
1749263886,0.03356000,36024.30000000,0.03383
1749263886,0.03354000,15035.70000000,0.03383
1749263886,0.03353000,32434.60000000,0.03383
1749263886,0.03352000,223.50000000,0.03383
1749263886,0.03351000,1891.20000000,0.03383
1749263886,0.03350000,327816.60000000,0.03383
1749263886,0.03349000,15058.00000000,0.03383
1749263886,0.03348000,223.80000000,0.03383
1749263886,0.03347000,15058.00000000,0.03383
1749263886,0.03346000,20921.40000000,0.03383
1749263886,0.03344000,224.10000000,0.03383
1749263886,0.03343000,90370.50000000,0.03383
1749263886,0.03342000,224.30000000,0.03383
1749263886,0.03340000,901829.50000000,0.03383
1749263886,0.03339000,941956.00000000,0.03383
1749263886,0.03338000,875824.00000000,0.03383
1749263886,0.03337000,164.50000000,0.03383
1749263886,0.03336000,60231.90000000,0.03383
1749263886,0.03335000,20822.80000000,0.03383
1749263886,0.03331000,18200.80000000,0.03383
1749263886,0.03330000,923520.60000000,0.03383
1749263886,0.03328000,932751.10000000,0.03383
1749263886,0.03326000,917685.50000000,0.03383
1749263886,0.03324000,890920.10000000,0.03383
1749263886,0.03323000,164.50000000,0.03383
1749263886,0.03322000,223.00000000,0.03383
1749263886,0.03320000,223.20000000,0.03383
1749263886,0.03318000,223.40000000,0.03383
1749263886,0.03317000,12981.00000000,0.03383
1749263886,0.03316000,223.50000000,0.03383
1749263886,0.03314000,223.50000000,0.03383
1749263886,0.03312000,392.90000000,0.03383
1749263886,0.03311000,85302.80000000,0.03383
1749263886,0.03310000,13974.60000000,0.03383
1749263886,0.03309000,3889.00000000,0.03383
1749263886,0.03308000,828.60000000,0.03383
1749263886,0.03306000,224.20000000,0.03383
1749263886,0.03304000,224.30000000,0.03383
1749263886,0.03302000,224.40000000,0.03383
1749263886,0.03300000,15151.50000000,0.03383
1749263886,0.03296000,164.50000000,0.03383
1749263886,0.03288000,182.50000000,0.03383
1749263886,0.03283000,164.50000000,0.03383
1749263886,0.03282000,100555.90000000,0.03383
1749263886,0.03279000,584.40000000,0.03383
1749263886,0.03269000,164.50000000,0.03383
1749263886,0.03256000,15520.70000000,0.03383
1749263886,0.03243000,164.50000000,0.03383
1749263886,0.03239000,425.00000000,0.03383
1749263886,0.03238000,172.90000000,0.03383
1749263886,0.03222000,810.40000000,0.03383
1749263886,0.03218000,2146.40000000,0.03383
1749263886,0.03217000,2702.50000000,0.03383
1749263886,0.03215000,4884.00000000,0.03383
1749263886,0.03211000,622.60000000,0.03383
1749263886,0.03209000,1978.80000000,0.03383
1749263886,0.03206000,174.70000000,0.03383
1749263886,0.03201000,1249.20000000,0.03383
1749263886,0.03187000,282.40000000,0.03383
1749263886,0.03184000,858.20000000,0.03383
1749263886,0.03159000,593.70000000,0.03383
1749263886,0.03150000,344.00000000,0.03383
1749263886,0.03133000,425.00000000,0.03383
1749263886,0.03128000,2877.20000000,0.03383
1749263886,0.03115000,179.80000000,0.03383
1749263886,0.03100000,180.00000000,0.03383
1749263886,0.03085000,1304.70000000,0.03383
1749263886,0.03066000,3198.90000000,0.03383
1749263886,0.03055000,270.00000000,0.03383
1749263886,0.03026000,425.00000000,0.03383
1749263886,0.03014000,185.80000000,0.03383
1749263886,0.03005000,18114.20000000,0.03383
1749263886,0.03004000,188.40000000,0.03383
1749264187,0.03382000,10895.80000000,0.03382
1749264187,0.03381000,32313.60000000,0.03382
1749264187,0.03380000,48153.20000000,0.03382
1749264187,0.03379000,43130.90000000,0.03382
1749264187,0.03378000,131427.80000000,0.03382
1749264187,0.03377000,76754.20000000,0.03382
1749264187,0.03376000,44616.60000000,0.03382
1749264187,0.03375000,38263.30000000,0.03382
1749264187,0.03374000,52341.20000000,0.03382
1749264187,0.03373000,41346.70000000,0.03382
1749264187,0.03372000,36455.90000000,0.03382
1749264187,0.03371000,27198.90000000,0.03382
1749264187,0.03370000,32788.20000000,0.03382
1749264187,0.03369000,49951.80000000,0.03382
1749264187,0.03368000,47203.00000000,0.03382
1749264187,0.03367000,51070.00000000,0.03382
1749264187,0.03366000,41731.80000000,0.03382
1749264187,0.03365000,36012.00000000,0.03382
1749264187,0.03364000,123174.30000000,0.03382
1749264187,0.03363000,36176.50000000,0.03382
1749264187,0.03362000,27203.10000000,0.03382
1749264187,0.03361000,36015.00000000,0.03382
1749264187,0.03360000,22031.00000000,0.03382
1749264187,0.03359000,30842.80000000,0.03382
1749264187,0.03358000,22772.20000000,0.03382
1749264187,0.03357000,91074.70000000,0.03382
1749264187,0.03356000,42774.30000000,0.03382
1749264187,0.03355000,30200.00000000,0.03382
1749264187,0.03354000,21785.70000000,0.03382
1749264187,0.03353000,32434.60000000,0.03382
1749264187,0.03352000,2114.70000000,0.03382
1749264187,0.03351000,271129.00000000,0.03382
1749264187,0.03350000,60620.00000000,0.03382
1749264187,0.03349000,15058.00000000,0.03382
1749264187,0.03348000,223.80000000,0.03382
1749264187,0.03347000,15058.00000000,0.03382
1749264187,0.03346000,20921.40000000,0.03382
1749264187,0.03344000,224.10000000,0.03382
1749264187,0.03343000,90370.50000000,0.03382
1749264187,0.03342000,224.30000000,0.03382
1749264187,0.03340000,54848.70000000,0.03382
1749264187,0.03339000,808747.10000000,0.03382
1749264187,0.03338000,806752.80000000,0.03382
1749264187,0.03337000,943452.30000000,0.03382
1749264187,0.03336000,984685.90000000,0.03382
1749264187,0.03335000,863570.20000000,0.03382
1749264187,0.03334000,844397.60000000,0.03382
1749264187,0.03333000,868300.20000000,0.03382
1749264187,0.03332000,935022.80000000,0.03382
1749264187,0.03331000,15817.30000000,0.03382
1749264187,0.03330000,83273.20000000,0.03382
1749264187,0.03326000,21101.90000000,0.03382
1749264187,0.03324000,21114.60000000,0.03382
1749264187,0.03323000,164.50000000,0.03382
1749264187,0.03322000,223.00000000,0.03382
1749264187,0.03320000,223.20000000,0.03382
1749264187,0.03318000,223.40000000,0.03382
1749264187,0.03317000,12981.00000000,0.03382
1749264187,0.03316000,223.50000000,0.03382
1749264187,0.03314000,223.50000000,0.03382
1749264187,0.03312000,392.90000000,0.03382
1749264187,0.03311000,85302.80000000,0.03382
1749264187,0.03310000,13974.60000000,0.03382
1749264187,0.03309000,3889.00000000,0.03382
1749264187,0.03308000,828.60000000,0.03382
1749264187,0.03306000,224.20000000,0.03382
1749264187,0.03304000,224.30000000,0.03382
1749264187,0.03302000,224.40000000,0.03382
1749264187,0.03300000,15151.50000000,0.03382
1749264187,0.03296000,164.50000000,0.03382
1749264187,0.03288000,182.50000000,0.03382
1749264187,0.03283000,164.50000000,0.03382
1749264187,0.03282000,100555.90000000,0.03382
1749264187,0.03279000,584.40000000,0.03382
1749264187,0.03269000,164.50000000,0.03382
1749264187,0.03256000,164.50000000,0.03382
1749264187,0.03255000,7680.50000000,0.03382
1749264187,0.03254000,7682.90000000,0.03382
1749264187,0.03243000,164.50000000,0.03382
1749264187,0.03239000,425.00000000,0.03382
1749264187,0.03238000,172.90000000,0.03382
1749264187,0.03222000,810.40000000,0.03382
1749264187,0.03218000,2146.40000000,0.03382
1749264187,0.03217000,2702.50000000,0.03382
1749264187,0.03215000,4884.00000000,0.03382
1749264187,0.03211000,622.60000000,0.03382
1749264187,0.03209000,1978.80000000,0.03382
1749264187,0.03206000,174.70000000,0.03382
1749264187,0.03201000,1249.20000000,0.03382
1749264187,0.03187000,282.40000000,0.03382
1749264187,0.03184000,858.20000000,0.03382
1749264187,0.03159000,593.70000000,0.03382
1749264187,0.03150000,344.00000000,0.03382
1749264187,0.03133000,425.00000000,0.03382
1749264187,0.03128000,2877.20000000,0.03382
1749264187,0.03115000,179.80000000,0.03382
1749264187,0.03100000,180.00000000,0.03382
1749264187,0.03085000,1304.70000000,0.03382
1749264187,0.03066000,3198.90000000,0.03382
1749264187,0.03055000,270.00000000,0.03382
1749264488,0.03381000,10895.40000000,0.03381
1749264488,0.03380000,54658.40000000,0.03381
1749264488,0.03379000,32049.90000000,0.03381
1749264488,0.03378000,118370.80000000,0.03381
1749264488,0.03377000,76754.20000000,0.03381
1749264488,0.03376000,44619.60000000,0.03381
1749264488,0.03375000,36588.60000000,0.03381
1749264488,0.03374000,43068.50000000,0.03381
1749264488,0.03373000,38139.20000000,0.03381
1749264488,0.03372000,50615.30000000,0.03381
1749264488,0.03371000,32808.60000000,0.03381
1749264488,0.03370000,25775.40000000,0.03381
1749264488,0.03369000,44782.60000000,0.03381
1749264488,0.03368000,25767.70000000,0.03381
1749264488,0.03367000,60322.80000000,0.03381
1749264488,0.03366000,12146.40000000,0.03381
1749264488,0.03365000,36016.50000000,0.03381
1749264488,0.03364000,130206.00000000,0.03381
1749264488,0.03363000,36179.50000000,0.03381
1749264488,0.03362000,29065.60000000,0.03381
1749264488,0.03361000,34201.30000000,0.03381
1749264488,0.03360000,22031.00000000,0.03381
1749264488,0.03359000,30842.80000000,0.03381
1749264488,0.03358000,22772.20000000,0.03381
1749264488,0.03357000,120743.90000000,0.03381
1749264488,0.03356000,42774.30000000,0.03381
1749264488,0.03354000,51985.70000000,0.03381
1749264488,0.03353000,32434.60000000,0.03381
1749264488,0.03352000,223.50000000,0.03381
1749264488,0.03351000,271129.00000000,0.03381
1749264488,0.03350000,60620.00000000,0.03381
1749264488,0.03349000,15058.00000000,0.03381
1749264488,0.03348000,223.80000000,0.03381
1749264488,0.03347000,15058.00000000,0.03381
1749264488,0.03346000,20921.40000000,0.03381
1749264488,0.03344000,224.10000000,0.03381
1749264488,0.03343000,90370.50000000,0.03381
1749264488,0.03342000,224.30000000,0.03381
1749264488,0.03340000,54848.70000000,0.03381
1749264488,0.03339000,1241.10000000,0.03381
1749264488,0.03338000,962310.30000000,0.03381
1749264488,0.03337000,943452.30000000,0.03381
1749264488,0.03336000,982183.80000000,0.03381
1749264488,0.03335000,866082.50000000,0.03381
1749264488,0.03334000,844397.60000000,0.03381
1749264488,0.03333000,868300.20000000,0.03381
1749264488,0.03331000,839509.80000000,0.03381
1749264488,0.03330000,83273.20000000,0.03381
1749264488,0.03326000,222.80000000,0.03381
1749264488,0.03324000,21114.60000000,0.03381
1749264488,0.03323000,164.50000000,0.03381
1749264488,0.03322000,223.00000000,0.03381
1749264488,0.03320000,223.20000000,0.03381
1749264488,0.03319000,20923.10000000,0.03381
1749264488,0.03318000,223.40000000,0.03381
1749264488,0.03317000,12981.00000000,0.03381
1749264488,0.03316000,223.50000000,0.03381
1749264488,0.03314000,223.50000000,0.03381
1749264488,0.03312000,392.90000000,0.03381
1749264488,0.03311000,85302.80000000,0.03381
1749264488,0.03310000,13974.60000000,0.03381
1749264488,0.03309000,3889.00000000,0.03381
1749264488,0.03308000,828.60000000,0.03381
1749264488,0.03306000,224.20000000,0.03381
1749264488,0.03304000,224.30000000,0.03381
1749264488,0.03302000,224.40000000,0.03381
1749264488,0.03300000,15151.50000000,0.03381
1749264488,0.03296000,164.50000000,0.03381
1749264488,0.03288000,182.50000000,0.03381
1749264488,0.03283000,164.50000000,0.03381
1749264488,0.03282000,100555.90000000,0.03381
1749264488,0.03279000,584.40000000,0.03381
1749264488,0.03269000,164.50000000,0.03381
1749264488,0.03256000,164.50000000,0.03381
1749264488,0.03254000,15365.80000000,0.03381
1749264488,0.03243000,164.50000000,0.03381
1749264488,0.03239000,425.00000000,0.03381
1749264488,0.03238000,172.90000000,0.03381
1749264488,0.03222000,810.40000000,0.03381
1749264488,0.03218000,2146.40000000,0.03381
1749264488,0.03217000,2702.50000000,0.03381
1749264488,0.03215000,4884.00000000,0.03381
1749264488,0.03211000,622.60000000,0.03381
1749264488,0.03209000,1978.80000000,0.03381
1749264488,0.03206000,174.70000000,0.03381
1749264488,0.03201000,1249.20000000,0.03381
1749264488,0.03187000,282.40000000,0.03381
1749264488,0.03184000,858.20000000,0.03381
1749264488,0.03159000,593.70000000,0.03381
1749264488,0.03150000,344.00000000,0.03381
1749264488,0.03133000,425.00000000,0.03381
1749264488,0.03128000,2877.20000000,0.03381
1749264488,0.03115000,179.80000000,0.03381
1749264488,0.03100000,180.00000000,0.03381
1749264488,0.03085000,1304.70000000,0.03381
1749264488,0.03066000,3198.90000000,0.03381
1749264488,0.03055000,270.00000000,0.03381
1749264488,0.03026000,425.00000000,0.03381
1749264488,0.03014000,185.80000000,0.03381
1749264488,0.03005000,18114.20000000,0.03381
1749264790,0.03382000,29014.50000000,0.03383
1749264790,0.03381000,47375.20000000,0.03383
1749264790,0.03380000,109769.00000000,0.03383
1749264790,0.03379000,100063.10000000,0.03383
1749264790,0.03378000,160744.60000000,0.03383
1749264790,0.03377000,81926.40000000,0.03383
1749264790,0.03376000,81612.60000000,0.03383
1749264790,0.03375000,57019.40000000,0.03383
1749264790,0.03374000,48688.10000000,0.03383
1749264790,0.03373000,51534.80000000,0.03383
1749264790,0.03372000,36458.90000000,0.03383
1749264790,0.03371000,40938.70000000,0.03383
1749264790,0.03370000,12367.90000000,0.03383
1749264790,0.03369000,36236.80000000,0.03383
1749264790,0.03368000,47207.50000000,0.03383
1749264790,0.03367000,45900.80000000,0.03383
1749264790,0.03366000,12146.40000000,0.03383
1749264790,0.03365000,36016.50000000,0.03383
1749264790,0.03364000,130206.00000000,0.03383
1749264790,0.03363000,36179.50000000,0.03383
1749264790,0.03362000,22030.90000000,0.03383
1749264790,0.03361000,30842.80000000,0.03383
1749264790,0.03360000,22031.00000000,0.03383
1749264790,0.03359000,30842.80000000,0.03383
1749264790,0.03358000,22772.20000000,0.03383
1749264790,0.03357000,120743.90000000,0.03383
1749264790,0.03356000,42774.30000000,0.03383
1749264790,0.03355000,30200.00000000,0.03383
1749264790,0.03354000,21785.70000000,0.03383
1749264790,0.03353000,32434.60000000,0.03383
1749264790,0.03352000,223.50000000,0.03383
1749264790,0.03350000,60620.00000000,0.03383
1749264790,0.03349000,15058.00000000,0.03383
1749264790,0.03348000,223.80000000,0.03383
1749264790,0.03347000,15058.00000000,0.03383
1749264790,0.03346000,20921.40000000,0.03383
1749264790,0.03344000,224.10000000,0.03383
1749264790,0.03343000,90370.50000000,0.03383
1749264790,0.03342000,224.30000000,0.03383
1749264790,0.03340000,56739.90000000,0.03383
1749264790,0.03339000,840242.50000000,0.03383
1749264790,0.03338000,960419.10000000,0.03383
1749264790,0.03337000,943452.30000000,0.03383
1749264790,0.03336000,982183.80000000,0.03383
1749264790,0.03335000,866082.50000000,0.03383
1749264790,0.03334000,844397.60000000,0.03383
1749264790,0.03333000,868300.20000000,0.03383
1749264790,0.03331000,15817.30000000,0.03383
1749264790,0.03330000,83273.20000000,0.03383
1749264790,0.03326000,222.80000000,0.03383
1749264790,0.03324000,21114.60000000,0.03383
1749264790,0.03323000,164.50000000,0.03383
1749264790,0.03322000,223.00000000,0.03383
1749264790,0.03320000,223.20000000,0.03383
1749264790,0.03319000,20923.10000000,0.03383
1749264790,0.03318000,223.40000000,0.03383
1749264790,0.03317000,12981.00000000,0.03383
1749264790,0.03316000,223.50000000,0.03383
1749264790,0.03314000,223.50000000,0.03383
1749264790,0.03312000,392.90000000,0.03383
1749264790,0.03311000,85302.80000000,0.03383
1749264790,0.03310000,13974.60000000,0.03383
1749264790,0.03309000,3889.00000000,0.03383
1749264790,0.03308000,828.60000000,0.03383
1749264790,0.03306000,224.20000000,0.03383
1749264790,0.03304000,224.30000000,0.03383
1749264790,0.03302000,224.40000000,0.03383
1749264790,0.03300000,15151.50000000,0.03383
1749264790,0.03296000,164.50000000,0.03383
1749264790,0.03283000,164.50000000,0.03383
1749264790,0.03282000,100555.90000000,0.03383
1749264790,0.03279000,584.40000000,0.03383
1749264790,0.03269000,164.50000000,0.03383
1749264790,0.03256000,15520.70000000,0.03383
1749264790,0.03243000,164.50000000,0.03383
1749264790,0.03239000,425.00000000,0.03383
1749264790,0.03238000,172.90000000,0.03383
1749264790,0.03222000,810.40000000,0.03383
1749264790,0.03218000,2146.40000000,0.03383
1749264790,0.03217000,2702.50000000,0.03383
1749264790,0.03215000,4884.00000000,0.03383
1749264790,0.03211000,622.60000000,0.03383
1749264790,0.03209000,1978.80000000,0.03383
1749264790,0.03206000,174.70000000,0.03383
1749264790,0.03201000,1249.20000000,0.03383
1749264790,0.03184000,858.20000000,0.03383
1749264790,0.03159000,593.70000000,0.03383
1749264790,0.03150000,344.00000000,0.03383
1749264790,0.03133000,425.00000000,0.03383
1749264790,0.03128000,2877.20000000,0.03383
1749264790,0.03115000,179.80000000,0.03383
1749264790,0.03100000,180.00000000,0.03383
1749264790,0.03085000,915.70000000,0.03383
1749264790,0.03066000,3198.90000000,0.03383
1749264790,0.03055000,270.00000000,0.03383
1749264790,0.03026000,425.00000000,0.03383
1749264790,0.03014000,185.80000000,0.03383
1749264790,0.03005000,18114.20000000,0.03383
1749264790,0.03004000,188.40000000,0.03383
1749264790,0.03000000,47333.20000000,0.03383
1749265092,0.03381000,6750.00000000,0.03383
1749265092,0.03380000,50502.00000000,0.03383
1749265092,0.03379000,26876.20000000,0.03383
1749265092,0.03378000,104746.90000000,0.03383
1749265092,0.03377000,91812.20000000,0.03383
1749265092,0.03376000,43068.00000000,0.03383
1749265092,0.03375000,36588.60000000,0.03383
1749265092,0.03374000,58251.80000000,0.03383
1749265092,0.03373000,57091.90000000,0.03383
1749265092,0.03372000,50339.70000000,0.03383
1749265092,0.03371000,65321.90000000,0.03383
1749265092,0.03370000,19385.60000000,0.03383
1749265092,0.03369000,36236.80000000,0.03383
1749265092,0.03368000,25669.80000000,0.03383
1749265092,0.03367000,60322.80000000,0.03383
1749265092,0.03366000,12144.90000000,0.03383
1749265092,0.03365000,30842.80000000,0.03383
1749265092,0.03364000,123174.30000000,0.03383
1749265092,0.03363000,31007.30000000,0.03383
1749265092,0.03362000,22030.90000000,0.03383
1749265092,0.03361000,30842.80000000,0.03383
1749265092,0.03360000,22031.00000000,0.03383
1749265092,0.03359000,30842.80000000,0.03383
1749265092,0.03358000,22772.20000000,0.03383
1749265092,0.03357000,91074.70000000,0.03383
1749265092,0.03356000,42774.30000000,0.03383
1749265092,0.03354000,51985.70000000,0.03383
1749265092,0.03353000,32434.60000000,0.03383
1749265092,0.03352000,223.50000000,0.03383
1749265092,0.03350000,60620.00000000,0.03383
1749265092,0.03349000,15058.00000000,0.03383
1749265092,0.03348000,223.80000000,0.03383
1749265092,0.03347000,15058.00000000,0.03383
1749265092,0.03346000,20921.40000000,0.03383
1749265092,0.03344000,224.10000000,0.03383
1749265092,0.03343000,90370.50000000,0.03383
1749265092,0.03342000,224.30000000,0.03383
1749265092,0.03340000,54848.70000000,0.03383
1749265092,0.03339000,8333.70000000,0.03383
1749265092,0.03338000,877825.10000000,0.03383
1749265092,0.03337000,943452.30000000,0.03383
1749265092,0.03336000,982183.80000000,0.03383
1749265092,0.03335000,866206.70000000,0.03383
1749265092,0.03334000,844397.60000000,0.03383
1749265092,0.03332000,969749.50000000,0.03383
1749265092,0.03331000,15817.30000000,0.03383
1749265092,0.03330000,1006149.60000000,0.03383
1749265092,0.03327000,20872.80000000,0.03383
1749265092,0.03326000,13168.70000000,0.03383
1749265092,0.03324000,21114.60000000,0.03383
1749265092,0.03323000,164.50000000,0.03383
1749265092,0.03322000,223.00000000,0.03383
1749265092,0.03320000,223.20000000,0.03383
1749265092,0.03318000,223.40000000,0.03383
1749265092,0.03316000,223.50000000,0.03383
1749265092,0.03314000,223.50000000,0.03383
1749265092,0.03312000,392.90000000,0.03383
1749265092,0.03311000,85302.80000000,0.03383
1749265092,0.03310000,13974.60000000,0.03383
1749265092,0.03308000,828.60000000,0.03383
1749265092,0.03306000,224.20000000,0.03383
1749265092,0.03304000,224.30000000,0.03383
1749265092,0.03302000,224.40000000,0.03383
1749265092,0.03300000,15151.50000000,0.03383
1749265092,0.03296000,164.50000000,0.03383
1749265092,0.03283000,164.50000000,0.03383
1749265092,0.03282000,100555.90000000,0.03383
1749265092,0.03279000,584.40000000,0.03383
1749265092,0.03269000,164.50000000,0.03383
1749265092,0.03256000,15520.70000000,0.03383
1749265092,0.03243000,164.50000000,0.03383
1749265092,0.03239000,425.00000000,0.03383
1749265092,0.03238000,172.90000000,0.03383
1749265092,0.03222000,810.40000000,0.03383
1749265092,0.03218000,2146.40000000,0.03383
1749265092,0.03217000,2702.50000000,0.03383
1749265092,0.03215000,4884.00000000,0.03383
1749265092,0.03211000,622.60000000,0.03383
1749265092,0.03209000,1978.80000000,0.03383
1749265092,0.03206000,174.70000000,0.03383
1749265092,0.03201000,1249.20000000,0.03383
1749265092,0.03184000,858.20000000,0.03383
1749265092,0.03159000,593.70000000,0.03383
1749265092,0.03150000,344.00000000,0.03383
1749265092,0.03133000,425.00000000,0.03383
1749265092,0.03128000,2877.20000000,0.03383
1749265092,0.03115000,179.80000000,0.03383
1749265092,0.03100000,180.00000000,0.03383
1749265092,0.03085000,915.70000000,0.03383
1749265092,0.03066000,3198.90000000,0.03383
1749265092,0.03055000,270.00000000,0.03383
1749265092,0.03026000,425.00000000,0.03383
1749265092,0.03014000,185.80000000,0.03383
1749265092,0.03005000,18114.20000000,0.03383
1749265092,0.03004000,188.40000000,0.03383
1749265092,0.03000000,47333.20000000,0.03383
1749265092,0.02965000,3035.40000000,0.03383
1749265092,0.02955000,1928.90000000,0.03383
1749265092,0.02950000,677.90000000,0.03383
1749265092,0.02920000,425.00000000,0.03383
1749265396,0.03383000,6750.00000000,0.03382
1749265396,0.03382000,25303.00000000,0.03382
1749265396,0.03381000,67470.80000000,0.03382
1749265396,0.03380000,92943.70000000,0.03382
1749265396,0.03379000,100563.00000000,0.03382
1749265396,0.03378000,131403.00000000,0.03382
1749265396,0.03377000,83478.10000000,0.03382
1749265396,0.03376000,43068.00000000,0.03382
1749265396,0.03375000,36588.60000000,0.03382
1749265396,0.03374000,42079.00000000,0.03382
1749265396,0.03373000,61594.70000000,0.03382
1749265396,0.03372000,36458.90000000,0.03382
1749265396,0.03371000,65321.90000000,0.03382
1749265396,0.03370000,19385.60000000,0.03382
1749265396,0.03369000,50650.30000000,0.03382
1749265396,0.03368000,25669.80000000,0.03382
1749265396,0.03367000,45900.80000000,0.03382
1749265396,0.03366000,12144.90000000,0.03382
1749265396,0.03365000,36015.00000000,0.03382
1749265396,0.03364000,123174.30000000,0.03382
1749265396,0.03363000,36179.50000000,0.03382
1749265396,0.03362000,27203.10000000,0.03382
1749265396,0.03361000,36015.00000000,0.03382
1749265396,0.03360000,27203.20000000,0.03382
1749265396,0.03359000,30842.80000000,0.03382
1749265396,0.03358000,22772.20000000,0.03382
1749265396,0.03357000,91074.70000000,0.03382
1749265396,0.03356000,36024.30000000,0.03382
1749265396,0.03354000,356914.30000000,0.03382
1749265396,0.03353000,35686.10000000,0.03382
1749265396,0.03352000,305027.70000000,0.03382
1749265396,0.03350000,60620.00000000,0.03382
1749265396,0.03349000,15058.00000000,0.03382
1749265396,0.03348000,223.80000000,0.03382
1749265396,0.03347000,15058.00000000,0.03382
1749265396,0.03346000,20921.40000000,0.03382
1749265396,0.03344000,224.10000000,0.03382
1749265396,0.03343000,90370.50000000,0.03382
1749265396,0.03342000,224.30000000,0.03382
1749265396,0.03341000,5085.90000000,0.03382
1749265396,0.03340000,1003765.40000000,0.03382
1749265396,0.03339000,881577.80000000,0.03382
1749265396,0.03338000,877825.10000000,0.03382
1749265396,0.03337000,943452.30000000,0.03382
1749265396,0.03336000,984686.30000000,0.03382
1749265396,0.03335000,863570.20000000,0.03382
1749265396,0.03334000,844397.60000000,0.03382
1749265396,0.03331000,15817.30000000,0.03382
1749265396,0.03330000,83273.20000000,0.03382
1749265396,0.03327000,20872.80000000,0.03382
1749265396,0.03326000,13168.70000000,0.03382
1749265396,0.03324000,21114.60000000,0.03382
1749265396,0.03323000,164.50000000,0.03382
1749265396,0.03322000,223.00000000,0.03382
1749265396,0.03320000,223.20000000,0.03382
1749265396,0.03318000,223.40000000,0.03382
1749265396,0.03316000,223.50000000,0.03382
1749265396,0.03314000,223.50000000,0.03382
1749265396,0.03312000,4278.00000000,0.03382
1749265396,0.03311000,85302.80000000,0.03382
1749265396,0.03310000,13974.60000000,0.03382
1749265396,0.03308000,828.60000000,0.03382
1749265396,0.03306000,224.20000000,0.03382
1749265396,0.03304000,224.30000000,0.03382
1749265396,0.03302000,224.40000000,0.03382
1749265396,0.03300000,15151.50000000,0.03382
1749265396,0.03296000,164.50000000,0.03382
1749265396,0.03283000,164.50000000,0.03382
1749265396,0.03282000,100555.90000000,0.03382
1749265396,0.03279000,584.40000000,0.03382
1749265396,0.03269000,164.50000000,0.03382
1749265396,0.03256000,164.50000000,0.03382
1749265396,0.03255000,15361.00000000,0.03382
1749265396,0.03243000,164.50000000,0.03382
1749265396,0.03239000,425.00000000,0.03382
1749265396,0.03238000,172.90000000,0.03382
1749265396,0.03222000,810.40000000,0.03382
1749265396,0.03218000,2146.40000000,0.03382
1749265396,0.03217000,2702.50000000,0.03382
1749265396,0.03215000,4884.00000000,0.03382
1749265396,0.03211000,622.60000000,0.03382
1749265396,0.03209000,1978.80000000,0.03382
1749265396,0.03206000,174.70000000,0.03382
1749265396,0.03201000,1249.20000000,0.03382
1749265396,0.03184000,858.20000000,0.03382
1749265396,0.03159000,593.70000000,0.03382
1749265396,0.03150000,344.00000000,0.03382
1749265396,0.03133000,425.00000000,0.03382
1749265396,0.03128000,2877.20000000,0.03382
1749265396,0.03115000,179.80000000,0.03382
1749265396,0.03100000,180.00000000,0.03382
1749265396,0.03085000,915.70000000,0.03382
1749265396,0.03066000,3198.90000000,0.03382
1749265396,0.03055000,270.00000000,0.03382
1749265396,0.03026000,425.00000000,0.03382
1749265396,0.03014000,185.80000000,0.03382
1749265396,0.03005000,18114.20000000,0.03382
1749265396,0.03004000,188.40000000,0.03382
1749265396,0.03000000,47333.20000000,0.03382
1749265396,0.02965000,3035.40000000,0.03382
1749265703,0.03383000,13500.00000000,0.03384
1749265703,0.03382000,11332.50000000,0.03384
1749265703,0.03381000,27780.00000000,0.03384
1749265703,0.03380000,60796.80000000,0.03384
1749265703,0.03379000,126403.80000000,0.03384
1749265703,0.03378000,143530.30000000,0.03384
1749265703,0.03377000,90310.00000000,0.03384
1749265703,0.03376000,115812.80000000,0.03384
1749265703,0.03375000,52090.20000000,0.03384
1749265703,0.03374000,62906.50000000,0.03384
1749265703,0.03373000,27199.40000000,0.03384
1749265703,0.03372000,36455.90000000,0.03384
1749265703,0.03371000,63259.80000000,0.03384
1749265703,0.03370000,26400.20000000,0.03384
1749265703,0.03369000,50645.70000000,0.03384
1749265703,0.03368000,12140.10000000,0.03384
1749265703,0.03367000,45900.80000000,0.03384
1749265703,0.03366000,12140.30000000,0.03384
1749265703,0.03365000,39854.80000000,0.03384
1749265703,0.03364000,123174.30000000,0.03384
1749265703,0.03363000,31007.30000000,0.03384
1749265703,0.03362000,22030.90000000,0.03384
1749265703,0.03361000,30842.80000000,0.03384
1749265703,0.03360000,22031.00000000,0.03384
1749265703,0.03359000,30842.80000000,0.03384
1749265703,0.03358000,54331.90000000,0.03384
1749265703,0.03357000,84324.70000000,0.03384
1749265703,0.03356000,36024.30000000,0.03384
1749265703,0.03354000,326714.30000000,0.03384
1749265703,0.03353000,32434.60000000,0.03384
1749265703,0.03352000,305027.70000000,0.03384
1749265703,0.03350000,60620.00000000,0.03384
1749265703,0.03349000,15058.00000000,0.03384
1749265703,0.03348000,223.80000000,0.03384
1749265703,0.03347000,15058.00000000,0.03384
1749265703,0.03346000,20921.40000000,0.03384
1749265703,0.03344000,224.10000000,0.03384
1749265703,0.03343000,90370.50000000,0.03384
1749265703,0.03342000,21003.40000000,0.03384
1749265703,0.03341000,1241.50000000,0.03384
1749265703,0.03340000,911730.20000000,0.03384
1749265703,0.03339000,828841.40000000,0.03384
1749265703,0.03338000,877825.10000000,0.03384
1749265703,0.03337000,943452.30000000,0.03384
1749265703,0.03336000,984686.30000000,0.03384
1749265703,0.03335000,842747.40000000,0.03384
1749265703,0.03333000,844827.60000000,0.03384
1749265703,0.03331000,15817.30000000,0.03384
1749265703,0.03330000,83273.20000000,0.03384
1749265703,0.03327000,20872.80000000,0.03384
1749265703,0.03326000,13168.70000000,0.03384
1749265703,0.03324000,21114.60000000,0.03384
1749265703,0.03323000,164.50000000,0.03384
1749265703,0.03322000,223.00000000,0.03384
1749265703,0.03320000,223.20000000,0.03384
1749265703,0.03318000,223.40000000,0.03384
1749265703,0.03316000,223.50000000,0.03384
1749265703,0.03314000,223.50000000,0.03384
1749265703,0.03312000,4278.00000000,0.03384
1749265703,0.03311000,85302.80000000,0.03384
1749265703,0.03310000,13974.60000000,0.03384
1749265703,0.03308000,828.60000000,0.03384
1749265703,0.03306000,224.20000000,0.03384
1749265703,0.03304000,224.30000000,0.03384
1749265703,0.03302000,224.40000000,0.03384
1749265703,0.03300000,15151.50000000,0.03384
1749265703,0.03296000,164.50000000,0.03384
1749265703,0.03283000,164.50000000,0.03384
1749265703,0.03282000,100555.90000000,0.03384
1749265703,0.03279000,584.40000000,0.03384
1749265703,0.03269000,164.50000000,0.03384
1749265703,0.03257000,15351.60000000,0.03384
1749265703,0.03256000,164.50000000,0.03384
1749265703,0.03243000,164.50000000,0.03384
1749265703,0.03239000,425.00000000,0.03384
1749265703,0.03238000,172.90000000,0.03384
1749265703,0.03222000,810.40000000,0.03384
1749265703,0.03218000,2146.40000000,0.03384
1749265703,0.03217000,2702.50000000,0.03384
1749265703,0.03215000,4884.00000000,0.03384
1749265703,0.03211000,622.60000000,0.03384
1749265703,0.03209000,1978.80000000,0.03384
1749265703,0.03206000,174.70000000,0.03384
1749265703,0.03201000,1249.20000000,0.03384
1749265703,0.03184000,858.20000000,0.03384
1749265703,0.03159000,593.70000000,0.03384
1749265703,0.03150000,344.00000000,0.03384
1749265703,0.03133000,425.00000000,0.03384
1749265703,0.03128000,2877.20000000,0.03384
1749265703,0.03115000,179.80000000,0.03384
1749265703,0.03100000,180.00000000,0.03384
1749265703,0.03085000,915.70000000,0.03384
1749265703,0.03066000,3198.90000000,0.03384
1749265703,0.03055000,270.00000000,0.03384
1749265703,0.03026000,425.00000000,0.03384
1749265703,0.03014000,185.80000000,0.03384
1749265703,0.03005000,18114.20000000,0.03384
1749265703,0.03004000,188.40000000,0.03384
1749265703,0.03000000,47333.20000000,0.03384
1749265703,0.02965000,3035.40000000,0.03384
1749266005,0.03385000,12343.10000000,0.03385
1749266005,0.03384000,11208.30000000,0.03385
1749266005,0.03383000,10554.70000000,0.03385
1749266005,0.03382000,28695.90000000,0.03385
1749266005,0.03381000,42258.10000000,0.03385
1749266005,0.03380000,61616.40000000,0.03385
1749266005,0.03379000,97212.20000000,0.03385
1749266005,0.03378000,43113.90000000,0.03385
1749266005,0.03377000,45096.40000000,0.03385
1749266005,0.03376000,56461.50000000,0.03385
1749266005,0.03375000,27199.40000000,0.03385
1749266005,0.03374000,62906.50000000,0.03385
1749266005,0.03373000,27199.40000000,0.03385
1749266005,0.03372000,36455.90000000,0.03385
1749266005,0.03371000,77664.70000000,0.03385
1749266005,0.03370000,26400.20000000,0.03385
1749266005,0.03369000,36232.20000000,0.03385
1749266005,0.03368000,12140.10000000,0.03385
1749266005,0.03367000,45900.80000000,0.03385
1749266005,0.03366000,12140.30000000,0.03385
1749266005,0.03365000,165571.30000000,0.03385
1749266005,0.03364000,123174.30000000,0.03385
1749266005,0.03363000,31007.30000000,0.03385
1749266005,0.03362000,22030.90000000,0.03385
1749266005,0.03361000,30842.80000000,0.03385
1749266005,0.03360000,22031.00000000,0.03385
1749266005,0.03359000,30842.80000000,0.03385
1749266005,0.03358000,46222.20000000,0.03385
1749266005,0.03357000,84324.70000000,0.03385
1749266005,0.03356000,36024.30000000,0.03385
1749266005,0.03355000,1359.70000000,0.03385
1749266005,0.03354000,326714.30000000,0.03385
1749266005,0.03353000,32434.60000000,0.03385
1749266005,0.03352000,223.50000000,0.03385
1749266005,0.03350000,60620.00000000,0.03385
1749266005,0.03349000,15058.00000000,0.03385
1749266005,0.03348000,223.80000000,0.03385
1749266005,0.03347000,15058.00000000,0.03385
1749266005,0.03346000,20921.40000000,0.03385
1749266005,0.03344000,224.10000000,0.03385
1749266005,0.03343000,90370.50000000,0.03385
1749266005,0.03342000,924327.20000000,0.03385
1749266005,0.03341000,955316.10000000,0.03385
1749266005,0.03340000,911730.20000000,0.03385
1749266005,0.03339000,828841.40000000,0.03385
1749266005,0.03338000,877825.10000000,0.03385
1749266005,0.03337000,164.50000000,0.03385
1749266005,0.03336000,62734.40000000,0.03385
1749266005,0.03335000,33733.80000000,0.03385
1749266005,0.03334000,919149.60000000,0.03385
1749266005,0.03332000,918442.50000000,0.03385
1749266005,0.03331000,15817.30000000,0.03385
1749266005,0.03330000,83273.20000000,0.03385
1749266005,0.03326000,222.80000000,0.03385
1749266005,0.03324000,21114.60000000,0.03385
1749266005,0.03323000,164.50000000,0.03385
1749266005,0.03322000,223.00000000,0.03385
1749266005,0.03320000,85130.40000000,0.03385
1749266005,0.03319000,13549.40000000,0.03385
1749266005,0.03318000,223.40000000,0.03385
1749266005,0.03316000,223.50000000,0.03385
1749266005,0.03314000,223.50000000,0.03385
1749266005,0.03312000,4278.00000000,0.03385
1749266005,0.03311000,164.80000000,0.03385
1749266005,0.03310000,388.40000000,0.03385
1749266005,0.03308000,828.60000000,0.03385
1749266005,0.03306000,224.20000000,0.03385
1749266005,0.03304000,224.30000000,0.03385
1749266005,0.03302000,224.40000000,0.03385
1749266005,0.03300000,15151.50000000,0.03385
1749266005,0.03296000,164.50000000,0.03385
1749266005,0.03283000,164.50000000,0.03385
1749266005,0.03282000,100555.90000000,0.03385
1749266005,0.03279000,584.40000000,0.03385
1749266005,0.03269000,164.50000000,0.03385
1749266005,0.03257000,15351.60000000,0.03385
1749266005,0.03256000,164.50000000,0.03385
1749266005,0.03243000,164.50000000,0.03385
1749266005,0.03239000,425.00000000,0.03385
1749266005,0.03238000,172.90000000,0.03385
1749266005,0.03222000,810.40000000,0.03385
1749266005,0.03218000,2146.40000000,0.03385
1749266005,0.03217000,2702.50000000,0.03385
1749266005,0.03215000,4884.00000000,0.03385
1749266005,0.03211000,622.60000000,0.03385
1749266005,0.03209000,1978.80000000,0.03385
1749266005,0.03206000,174.70000000,0.03385
1749266005,0.03201000,1249.20000000,0.03385
1749266005,0.03184000,858.20000000,0.03385
1749266005,0.03159000,593.70000000,0.03385
1749266005,0.03150000,344.00000000,0.03385
1749266005,0.03133000,425.00000000,0.03385
1749266005,0.03128000,2877.20000000,0.03385
1749266005,0.03115000,179.80000000,0.03385
1749266005,0.03100000,180.00000000,0.03385
1749266005,0.03085000,915.70000000,0.03385
1749266005,0.03066000,3198.90000000,0.03385
1749266005,0.03055000,270.00000000,0.03385
1749266005,0.03026000,425.00000000,0.03385
1749266005,0.03014000,185.80000000,0.03385
1749266306,0.03388000,19322.70000000,0.03389
1749266306,0.03387000,48090.40000000,0.03389
1749266306,0.03386000,11320.30000000,0.03389
1749266306,0.03385000,61814.50000000,0.03389
1749266306,0.03384000,164151.10000000,0.03389
1749266306,0.03383000,111290.50000000,0.03389
1749266306,0.03382000,102136.70000000,0.03389
1749266306,0.03381000,109264.20000000,0.03389
1749266306,0.03380000,74779.00000000,0.03389
1749266306,0.03379000,34285.20000000,0.03389
1749266306,0.03378000,36444.90000000,0.03389
1749266306,0.03377000,33839.80000000,0.03389
1749266306,0.03376000,50460.20000000,0.03389
1749266306,0.03375000,27188.70000000,0.03389
1749266306,0.03374000,50837.80000000,0.03389
1749266306,0.03373000,27188.70000000,0.03389
1749266306,0.03372000,91518.60000000,0.03389
1749266306,0.03371000,27188.20000000,0.03389
1749266306,0.03370000,31016.30000000,0.03389
1749266306,0.03369000,53222.90000000,0.03389
1749266306,0.03368000,12132.50000000,0.03389
1749266306,0.03367000,45900.80000000,0.03389
1749266306,0.03366000,6972.70000000,0.03389
1749266306,0.03365000,51530.40000000,0.03389
1749266306,0.03364000,82262.70000000,0.03389
1749266306,0.03363000,31007.30000000,0.03389
1749266306,0.03362000,52230.90000000,0.03389
1749266306,0.03361000,24092.80000000,0.03389
1749266306,0.03360000,15281.00000000,0.03389
1749266306,0.03359000,24092.80000000,0.03389
1749266306,0.03358000,16022.20000000,0.03389
1749266306,0.03357000,84324.70000000,0.03389
1749266306,0.03356000,15281.20000000,0.03389
1749266306,0.03355000,11672.10000000,0.03389
1749266306,0.03354000,326714.30000000,0.03389
1749266306,0.03353000,32434.60000000,0.03389
1749266306,0.03352000,223.50000000,0.03389
1749266306,0.03350000,60620.00000000,0.03389
1749266306,0.03349000,35793.70000000,0.03389
1749266306,0.03348000,223.80000000,0.03389
1749266306,0.03347000,15058.00000000,0.03389
1749266306,0.03346000,20921.40000000,0.03389
1749266306,0.03345000,813831.40000000,0.03389
1749266306,0.03344000,918164.20000000,0.03389
1749266306,0.03343000,961753.30000000,0.03389
1749266306,0.03342000,902188.40000000,0.03389
1749266306,0.03341000,955316.10000000,0.03389
1749266306,0.03340000,70623.40000000,0.03389
1749266306,0.03339000,953239.00000000,0.03389
1749266306,0.03337000,923071.20000000,0.03389
1749266306,0.03336000,62734.40000000,0.03389
1749266306,0.03335000,12911.00000000,0.03389
1749266306,0.03332000,20841.50000000,0.03389
1749266306,0.03326000,222.80000000,0.03389
1749266306,0.03324000,222.90000000,0.03389
1749266306,0.03323000,164.50000000,0.03389
1749266306,0.03322000,223.00000000,0.03389
1749266306,0.03320000,85130.40000000,0.03389
1749266306,0.03319000,17427.00000000,0.03389
1749266306,0.03318000,223.40000000,0.03389
1749266306,0.03316000,223.50000000,0.03389
1749266306,0.03314000,223.50000000,0.03389
1749266306,0.03312000,392.90000000,0.03389
1749266306,0.03311000,164.80000000,0.03389
1749266306,0.03310000,388.40000000,0.03389
1749266306,0.03308000,828.60000000,0.03389
1749266306,0.03306000,224.20000000,0.03389
1749266306,0.03304000,224.30000000,0.03389
1749266306,0.03302000,224.40000000,0.03389
1749266306,0.03300000,15151.50000000,0.03389
1749266306,0.03296000,164.50000000,0.03389
1749266306,0.03283000,164.50000000,0.03389
1749266306,0.03282000,100555.90000000,0.03389
1749266306,0.03279000,584.40000000,0.03389
1749266306,0.03269000,164.50000000,0.03389
1749266306,0.03262000,15328.00000000,0.03389
1749266306,0.03256000,164.50000000,0.03389
1749266306,0.03243000,164.50000000,0.03389
1749266306,0.03239000,425.00000000,0.03389
1749266306,0.03238000,172.90000000,0.03389
1749266306,0.03222000,810.40000000,0.03389
1749266306,0.03220000,310.40000000,0.03389
1749266306,0.03218000,2146.40000000,0.03389
1749266306,0.03217000,2702.50000000,0.03389
1749266306,0.03215000,4884.00000000,0.03389
1749266306,0.03211000,622.60000000,0.03389
1749266306,0.03209000,1978.80000000,0.03389
1749266306,0.03206000,174.70000000,0.03389
1749266306,0.03201000,936.90000000,0.03389
1749266306,0.03184000,858.20000000,0.03389
1749266306,0.03159000,593.70000000,0.03389
1749266306,0.03150000,344.00000000,0.03389
1749266306,0.03133000,425.00000000,0.03389
1749266306,0.03128000,2877.20000000,0.03389
1749266306,0.03115000,179.80000000,0.03389
1749266306,0.03100000,180.00000000,0.03389
1749266306,0.03085000,915.70000000,0.03389
1749266306,0.03066000,3198.90000000,0.03389
1749266306,0.03055000,270.00000000,0.03389
1749266306,0.03026000,425.00000000,0.03389
1749266612,0.03389000,17816.10000000,0.03389
1749266612,0.03388000,28437.40000000,0.03389
1749266612,0.03387000,72756.20000000,0.03389
1749266612,0.03386000,119962.80000000,0.03389
1749266612,0.03385000,131114.30000000,0.03389
1749266612,0.03384000,183002.40000000,0.03389
1749266612,0.03383000,133794.40000000,0.03389
1749266612,0.03382000,158087.80000000,0.03389
1749266612,0.03381000,69752.90000000,0.03389
1749266612,0.03380000,31584.50000000,0.03389
1749266612,0.03379000,40943.80000000,0.03389
1749266612,0.03378000,31286.40000000,0.03389
1749266612,0.03377000,42402.60000000,0.03389
1749266612,0.03376000,38293.40000000,0.03389
1749266612,0.03375000,36418.00000000,0.03389
1749266612,0.03374000,38394.60000000,0.03389
1749266612,0.03373000,22030.20000000,0.03389
1749266612,0.03372000,91518.60000000,0.03389
1749266612,0.03371000,51593.70000000,0.03389
1749266612,0.03370000,32877.00000000,0.03389
1749266612,0.03369000,53222.90000000,0.03389
1749266612,0.03368000,6972.50000000,0.03389
1749266612,0.03367000,45900.80000000,0.03389
1749266612,0.03366000,6972.70000000,0.03389
1749266612,0.03365000,51530.40000000,0.03389
1749266612,0.03364000,82262.70000000,0.03389
1749266612,0.03363000,31007.30000000,0.03389
1749266612,0.03362000,45480.90000000,0.03389
1749266612,0.03361000,24092.80000000,0.03389
1749266612,0.03360000,15281.00000000,0.03389
1749266612,0.03359000,24092.80000000,0.03389
1749266612,0.03358000,16022.20000000,0.03389
1749266612,0.03357000,84324.70000000,0.03389
1749266612,0.03356000,15281.20000000,0.03389
1749266612,0.03355000,318261.60000000,0.03389
1749266612,0.03354000,326714.30000000,0.03389
1749266612,0.03353000,32434.60000000,0.03389
1749266612,0.03352000,223.50000000,0.03389
1749266612,0.03350000,60620.00000000,0.03389
1749266612,0.03349000,35793.70000000,0.03389
1749266612,0.03348000,223.80000000,0.03389
1749266612,0.03347000,15058.00000000,0.03389
1749266612,0.03346000,868707.60000000,0.03389
1749266612,0.03345000,895181.70000000,0.03389
1749266612,0.03344000,897397.50000000,0.03389
1749266612,0.03343000,961753.30000000,0.03389
1749266612,0.03342000,902188.40000000,0.03389
1749266612,0.03341000,955316.10000000,0.03389
1749266612,0.03340000,70623.40000000,0.03389
1749266612,0.03339000,953239.00000000,0.03389
1749266612,0.03337000,20974.80000000,0.03389
1749266612,0.03336000,62734.40000000,0.03389
1749266612,0.03335000,12911.00000000,0.03389
1749266612,0.03332000,20841.50000000,0.03389
1749266612,0.03326000,222.80000000,0.03389
1749266612,0.03324000,222.90000000,0.03389
1749266612,0.03323000,164.50000000,0.03389
1749266612,0.03322000,223.00000000,0.03389
1749266612,0.03320000,85130.40000000,0.03389
1749266612,0.03319000,17607.80000000,0.03389
1749266612,0.03318000,223.40000000,0.03389
1749266612,0.03316000,223.50000000,0.03389
1749266612,0.03314000,223.50000000,0.03389
1749266612,0.03312000,392.90000000,0.03389
1749266612,0.03311000,164.80000000,0.03389
1749266612,0.03310000,388.40000000,0.03389
1749266612,0.03308000,828.60000000,0.03389
1749266612,0.03306000,224.20000000,0.03389
1749266612,0.03304000,224.30000000,0.03389
1749266612,0.03302000,224.40000000,0.03389
1749266612,0.03300000,15151.50000000,0.03389
1749266612,0.03296000,164.50000000,0.03389
1749266612,0.03283000,164.50000000,0.03389
1749266612,0.03282000,100555.90000000,0.03389
1749266612,0.03279000,584.40000000,0.03389
1749266612,0.03269000,164.50000000,0.03389
1749266612,0.03261000,15332.80000000,0.03389
1749266612,0.03256000,164.50000000,0.03389
1749266612,0.03252000,246.00000000,0.03389
1749266612,0.03243000,164.50000000,0.03389
1749266612,0.03239000,425.00000000,0.03389
1749266612,0.03238000,172.90000000,0.03389
1749266612,0.03222000,810.40000000,0.03389
1749266612,0.03220000,310.40000000,0.03389
1749266612,0.03218000,2146.40000000,0.03389
1749266612,0.03217000,2702.50000000,0.03389
1749266612,0.03215000,4884.00000000,0.03389
1749266612,0.03211000,622.60000000,0.03389
1749266612,0.03209000,1978.80000000,0.03389
1749266612,0.03206000,174.70000000,0.03389
1749266612,0.03201000,936.90000000,0.03389
1749266612,0.03184000,1172.30000000,0.03389
1749266612,0.03159000,593.70000000,0.03389
1749266612,0.03150000,344.00000000,0.03389
1749266612,0.03133000,425.00000000,0.03389
1749266612,0.03128000,2877.20000000,0.03389
1749266612,0.03115000,179.80000000,0.03389
1749266612,0.03100000,180.00000000,0.03389
1749266612,0.03085000,915.70000000,0.03389
1749266612,0.03066000,3198.90000000,0.03389
1749266914,0.03388000,15588.50000000,0.03389
1749266914,0.03387000,55601.30000000,0.03389
1749266914,0.03386000,70640.70000000,0.03389
1749266914,0.03385000,149580.10000000,0.03389
1749266914,0.03384000,190119.80000000,0.03389
1749266914,0.03383000,154849.40000000,0.03389
1749266914,0.03382000,163367.20000000,0.03389
1749266914,0.03381000,39826.10000000,0.03389
1749266914,0.03380000,50455.20000000,0.03389
1749266914,0.03379000,46103.80000000,0.03389
1749266914,0.03378000,36446.40000000,0.03389
1749266914,0.03377000,33841.30000000,0.03389
1749266914,0.03376000,50557.20000000,0.03389
1749266914,0.03375000,27190.20000000,0.03389
1749266914,0.03374000,50839.30000000,0.03389
1749266914,0.03373000,27190.20000000,0.03389
1749266914,0.03372000,96678.60000000,0.03389
1749266914,0.03371000,56753.70000000,0.03389
1749266914,0.03370000,38038.50000000,0.03389
1749266914,0.03369000,53222.90000000,0.03389
1749266914,0.03368000,12134.00000000,0.03389
1749266914,0.03367000,45900.80000000,0.03389
1749266914,0.03366000,6972.70000000,0.03389
1749266914,0.03365000,51530.40000000,0.03389
1749266914,0.03364000,82262.70000000,0.03389
1749266914,0.03363000,31007.30000000,0.03389
1749266914,0.03362000,45480.90000000,0.03389
1749266914,0.03361000,24092.80000000,0.03389
1749266914,0.03360000,15281.00000000,0.03389
1749266914,0.03359000,24092.80000000,0.03389
1749266914,0.03358000,16022.20000000,0.03389
1749266914,0.03357000,84324.70000000,0.03389
1749266914,0.03356000,292762.10000000,0.03389
1749266914,0.03355000,317072.50000000,0.03389
1749266914,0.03354000,15035.70000000,0.03389
1749266914,0.03353000,32434.60000000,0.03389
1749266914,0.03352000,223.50000000,0.03389
1749266914,0.03350000,60620.00000000,0.03389
1749266914,0.03349000,35793.70000000,0.03389
1749266914,0.03348000,223.80000000,0.03389
1749266914,0.03347000,15058.00000000,0.03389
1749266914,0.03346000,20921.40000000,0.03389
1749266914,0.03345000,890961.60000000,0.03389
1749266914,0.03344000,897397.50000000,0.03389
1749266914,0.03343000,961753.30000000,0.03389
1749266914,0.03342000,902188.40000000,0.03389
1749266914,0.03341000,955316.10000000,0.03389
1749266914,0.03340000,70623.40000000,0.03389
1749266914,0.03339000,953239.00000000,0.03389
1749266914,0.03337000,868234.40000000,0.03389
1749266914,0.03336000,62734.40000000,0.03389
1749266914,0.03335000,12911.00000000,0.03389
1749266914,0.03332000,20841.50000000,0.03389
1749266914,0.03326000,222.80000000,0.03389
1749266914,0.03324000,222.90000000,0.03389
1749266914,0.03323000,164.50000000,0.03389
1749266914,0.03322000,223.00000000,0.03389
1749266914,0.03320000,85130.40000000,0.03389
1749266914,0.03319000,17607.80000000,0.03389
1749266914,0.03318000,223.40000000,0.03389
1749266914,0.03316000,223.50000000,0.03389
1749266914,0.03314000,223.50000000,0.03389
1749266914,0.03312000,392.90000000,0.03389
1749266914,0.03311000,164.80000000,0.03389
1749266914,0.03310000,388.40000000,0.03389
1749266914,0.03308000,828.60000000,0.03389
1749266914,0.03306000,224.20000000,0.03389
1749266914,0.03304000,224.30000000,0.03389
1749266914,0.03302000,224.40000000,0.03389
1749266914,0.03300000,15151.50000000,0.03389
1749266914,0.03296000,164.50000000,0.03389
1749266914,0.03283000,164.50000000,0.03389
1749266914,0.03282000,100555.90000000,0.03389
1749266914,0.03279000,584.40000000,0.03389
1749266914,0.03269000,164.50000000,0.03389
1749266914,0.03262000,15328.00000000,0.03389
1749266914,0.03256000,164.50000000,0.03389
1749266914,0.03252000,246.00000000,0.03389
1749266914,0.03243000,164.50000000,0.03389
1749266914,0.03239000,425.00000000,0.03389
1749266914,0.03238000,172.90000000,0.03389
1749266914,0.03222000,810.40000000,0.03389
1749266914,0.03220000,310.40000000,0.03389
1749266914,0.03218000,2146.40000000,0.03389
1749266914,0.03217000,2702.50000000,0.03389
1749266914,0.03215000,4884.00000000,0.03389
1749266914,0.03211000,622.60000000,0.03389
1749266914,0.03209000,1978.80000000,0.03389
1749266914,0.03206000,174.70000000,0.03389
1749266914,0.03201000,936.90000000,0.03389
1749266914,0.03184000,1172.30000000,0.03389
1749266914,0.03159000,593.70000000,0.03389
1749266914,0.03150000,344.00000000,0.03389
1749266914,0.03133000,425.00000000,0.03389
1749266914,0.03128000,2877.20000000,0.03389
1749266914,0.03115000,179.80000000,0.03389
1749266914,0.03100000,180.00000000,0.03389
1749266914,0.03085000,915.70000000,0.03389
1749266914,0.03066000,3198.90000000,0.03389
1749266914,0.03055000,270.00000000,0.03389
1749267216,0.03389000,10399.40000000,0.0339
1749267216,0.03388000,18512.00000000,0.0339
1749267216,0.03387000,31277.50000000,0.0339
1749267216,0.03386000,93139.90000000,0.0339
1749267216,0.03385000,131972.80000000,0.0339
1749267216,0.03384000,162363.10000000,0.0339
1749267216,0.03383000,87186.00000000,0.0339
1749267216,0.03382000,144318.20000000,0.0339
1749267216,0.03381000,111144.00000000,0.0339
1749267216,0.03380000,31584.50000000,0.0339
1749267216,0.03379000,40943.80000000,0.0339
1749267216,0.03378000,31286.40000000,0.0339
1749267216,0.03377000,22194.30000000,0.0339
1749267216,0.03376000,45398.40000000,0.0339
1749267216,0.03375000,22030.20000000,0.0339
1749267216,0.03374000,51514.60000000,0.0339
1749267216,0.03373000,22030.20000000,0.0339
1749267216,0.03372000,91518.60000000,0.0339
1749267216,0.03371000,58612.30000000,0.0339
1749267216,0.03370000,40267.00000000,0.0339
1749267216,0.03369000,53222.90000000,0.0339
1749267216,0.03368000,6972.50000000,0.0339
1749267216,0.03367000,45900.80000000,0.0339
1749267216,0.03366000,6972.70000000,0.0339
1749267216,0.03365000,51530.40000000,0.0339
1749267216,0.03364000,82262.70000000,0.0339
1749267216,0.03363000,61207.30000000,0.0339
1749267216,0.03362000,22030.90000000,0.0339
1749267216,0.03361000,24092.80000000,0.0339
1749267216,0.03360000,15281.00000000,0.0339
1749267216,0.03359000,24092.80000000,0.0339
1749267216,0.03358000,16022.20000000,0.0339
1749267216,0.03357000,86124.60000000,0.0339
1749267216,0.03356000,292762.10000000,0.0339
1749267216,0.03355000,315183.80000000,0.0339
1749267216,0.03354000,15035.70000000,0.0339
1749267216,0.03353000,32434.60000000,0.0339
1749267216,0.03352000,223.50000000,0.0339
1749267216,0.03350000,60620.00000000,0.0339
1749267216,0.03349000,35793.70000000,0.0339
1749267216,0.03348000,223.80000000,0.0339
1749267216,0.03347000,15058.00000000,0.0339
1749267216,0.03346000,955839.70000000,0.0339
1749267216,0.03345000,890961.60000000,0.0339
1749267216,0.03344000,897397.50000000,0.0339
1749267216,0.03343000,961753.30000000,0.0339
1749267216,0.03342000,902188.40000000,0.0339
1749267216,0.03341000,955316.10000000,0.0339
1749267216,0.03340000,70623.40000000,0.0339
1749267216,0.03339000,953239.00000000,0.0339
1749267216,0.03337000,20974.80000000,0.0339
1749267216,0.03336000,62734.40000000,0.0339
1749267216,0.03335000,12911.00000000,0.0339
1749267216,0.03332000,20841.50000000,0.0339
1749267216,0.03326000,222.80000000,0.0339
1749267216,0.03324000,222.90000000,0.0339
1749267216,0.03323000,164.50000000,0.0339
1749267216,0.03322000,223.00000000,0.0339
1749267216,0.03320000,85130.40000000,0.0339
1749267216,0.03319000,17607.80000000,0.0339
1749267216,0.03318000,223.40000000,0.0339
1749267216,0.03316000,223.50000000,0.0339
1749267216,0.03314000,223.50000000,0.0339
1749267216,0.03312000,392.90000000,0.0339
1749267216,0.03311000,164.80000000,0.0339
1749267216,0.03310000,388.40000000,0.0339
1749267216,0.03308000,828.60000000,0.0339
1749267216,0.03306000,224.20000000,0.0339
1749267216,0.03304000,224.30000000,0.0339
1749267216,0.03302000,224.40000000,0.0339
1749267216,0.03300000,15151.50000000,0.0339
1749267216,0.03296000,164.50000000,0.0339
1749267216,0.03283000,164.50000000,0.0339
1749267216,0.03282000,100555.90000000,0.0339
1749267216,0.03279000,584.40000000,0.0339
1749267216,0.03269000,164.50000000,0.0339
1749267216,0.03262000,15328.00000000,0.0339
1749267216,0.03256000,164.50000000,0.0339
1749267216,0.03252000,246.00000000,0.0339
1749267216,0.03243000,164.50000000,0.0339
1749267216,0.03239000,425.00000000,0.0339
1749267216,0.03238000,172.90000000,0.0339
1749267216,0.03222000,810.40000000,0.0339
1749267216,0.03220000,310.40000000,0.0339
1749267216,0.03218000,2146.40000000,0.0339
1749267216,0.03217000,2702.50000000,0.0339
1749267216,0.03215000,4884.00000000,0.0339
1749267216,0.03211000,622.60000000,0.0339
1749267216,0.03209000,1978.80000000,0.0339
1749267216,0.03206000,174.70000000,0.0339
1749267216,0.03201000,936.90000000,0.0339
1749267216,0.03184000,1172.30000000,0.0339
1749267216,0.03159000,593.70000000,0.0339
1749267216,0.03150000,344.00000000,0.0339
1749267216,0.03133000,425.00000000,0.0339
1749267216,0.03128000,2877.20000000,0.0339
1749267216,0.03115000,179.80000000,0.0339
1749267216,0.03100000,180.00000000,0.0339
1749267216,0.03085000,915.70000000,0.0339
1749267216,0.03066000,3198.90000000,0.0339
1749267517,0.03388000,16861.20000000,0.03388
1749267517,0.03387000,47313.50000000,0.03388
1749267517,0.03386000,32198.40000000,0.03388
1749267517,0.03385000,152230.80000000,0.03388
1749267517,0.03384000,258604.20000000,0.03388
1749267517,0.03383000,126662.10000000,0.03388
1749267517,0.03382000,251306.00000000,0.03388
1749267517,0.03381000,30641.30000000,0.03388
