timestamp,price,volume,current_price
1749260758,1.80400000,273.40000000,1.805
1749260758,1.80300000,2178.30000000,1.805
1749260758,1.80200000,4506.40000000,1.805
1749260758,1.80100000,7732.70000000,1.805
1749260758,1.80000000,4831.30000000,1.805
1749260758,1.79900000,2065.10000000,1.805
1749260758,1.79800000,1882.80000000,1.805
1749260758,1.79700000,2380.70000000,1.805
1749260758,1.79600000,4193.10000000,1.805
1749260758,1.79500000,2545.90000000,1.805
1749260758,1.79400000,446.40000000,1.805
1749260758,1.79300000,3239.60000000,1.805
1749260758,1.79200000,4619.00000000,1.805
1749260758,1.79100000,329.60000000,1.805
1749260758,1.79000000,6219.50000000,1.805
1749260758,1.78900000,6326.40000000,1.805
1749260758,1.78800000,4839.60000000,1.805
1749260758,1.78700000,530.00000000,1.805
1749260758,1.78600000,360.70000000,1.805
1749260758,1.78500000,608.40000000,1.805
1749260758,1.78400000,440.90000000,1.805
1749260758,1.78300000,277.00000000,1.805
1749260758,1.78200000,3989.70000000,1.805
1749260758,1.78100000,177.00000000,1.805
1749260758,1.78000000,401.10000000,1.805
1749260758,1.77900000,158.30000000,1.805
1749260758,1.77800000,432.00000000,1.805
1749260758,1.77700000,20154.70000000,1.805
1749260758,1.77600000,158.30000000,1.805
1749260758,1.77500000,19770.40000000,1.805
1749260758,1.77400000,163.40000000,1.805
1749260758,1.77300000,22192.10000000,1.805
1749260758,1.77200000,154.10000000,1.805
1749260758,1.77100000,19339.60000000,1.805
1749260758,1.77000000,256.20000000,1.805
1749260758,1.76900000,5.60000000,1.805
1749260758,1.76800000,605.70000000,1.805
1749260758,1.76700000,1073.00000000,1.805
1749260758,1.76600000,172.20000000,1.805
1749260758,1.76500000,829.30000000,1.805
1749260758,1.76400000,159.20000000,1.805
1749260758,1.76300000,154.10000000,1.805
1749260758,1.76200000,12.10000000,1.805
1749260758,1.76100000,5.60000000,1.805
1749260758,1.76000000,992.20000000,1.805
1749260758,1.75900000,206.10000000,1.805
1749260758,1.75800000,5.60000000,1.805
1749260758,1.75700000,5.60000000,1.805
1749260758,1.75600000,19.30000000,1.805
1749260758,1.75500000,37.40000000,1.805
1749260758,1.75400000,17.20000000,1.805
1749260758,1.75300000,5.60000000,1.805
1749260758,1.75200000,5.60000000,1.805
1749260758,1.75100000,5.60000000,1.805
1749260758,1.75000000,881.80000000,1.805
1749260758,1.74900000,5.60000000,1.805
1749260758,1.74800000,5.60000000,1.805
1749260758,1.74700000,12.90000000,1.805
1749260758,1.74600000,897.70000000,1.805
1749260758,1.74500000,14.00000000,1.805
1749260758,1.74400000,5.60000000,1.805
1749260758,1.74300000,5.60000000,1.805
1749260758,1.74200000,9.70000000,1.805
1749260758,1.74100000,8.70000000,1.805
1749260758,1.74000000,594.00000000,1.805
1749260758,1.73900000,5.60000000,1.805
1749260758,1.73800000,5.60000000,1.805
1749260758,1.73700000,5.60000000,1.805
1749260758,1.73600000,5.60000000,1.805
1749260758,1.73500000,5.60000000,1.805
1749260758,1.73400000,1203.50000000,1.805
1749260758,1.73300000,492.10000000,1.805
1749260758,1.73200000,206.00000000,1.805
1749260758,1.73100000,5.60000000,1.805
1749260758,1.73000000,911.30000000,1.805
1749260758,1.72900000,5.60000000,1.805
1749260758,1.72700000,38.70000000,1.805
1749260758,1.72600000,12.30000000,1.805
1749260758,1.71900000,123.70000000,1.805
1749260758,1.71800000,6.70000000,1.805
1749260758,1.71700000,1425.00000000,1.805
1749260758,1.71300000,142.70000000,1.805
1749260758,1.71000000,158.00000000,1.805
1749260758,1.70700000,24.20000000,1.805
1749260758,1.70500000,205.80000000,1.805
1749260758,1.70400000,144.20000000,1.805
1749260758,1.70300000,1108.10000000,1.805
1749260758,1.70000000,5193.30000000,1.805
1749260758,1.69700000,3.10000000,1.805
1749260758,1.69100000,7.60000000,1.805
1749260758,1.68800000,300.00000000,1.805
1749260758,1.67800000,200.40000000,1.805
1749260758,1.67500000,13.60000000,1.805
1749260758,1.67400000,6.40000000,1.805
1749260758,1.67300000,45.60000000,1.805
1749260758,1.67200000,3.50000000,1.805
1749260758,1.67000000,543.50000000,1.805
1749260758,1.66900000,5.10000000,1.805
1749260758,1.66600000,304.10000000,1.805
1749260758,1.66400000,7.70000000,1.805
1749261078,1.80900000,315.40000000,1.809
1749261078,1.80800000,3018.20000000,1.809
1749261078,1.80700000,7925.00000000,1.809
1749261078,1.80600000,6043.20000000,1.809
1749261078,1.80500000,4426.30000000,1.809
1749261078,1.80400000,764.70000000,1.809
1749261078,1.80300000,514.80000000,1.809
1749261078,1.80200000,4392.70000000,1.809
1749261078,1.80100000,4070.80000000,1.809
1749261078,1.80000000,3339.70000000,1.809
1749261078,1.79900000,4653.40000000,1.809
1749261078,1.79800000,1860.60000000,1.809
1749261078,1.79700000,447.40000000,1.809
1749261078,1.79600000,431.50000000,1.809
1749261078,1.79500000,6335.20000000,1.809
1749261078,1.79400000,4829.10000000,1.809
1749261078,1.79300000,6093.10000000,1.809
1749261078,1.79200000,329.60000000,1.809
1749261078,1.79100000,3934.10000000,1.809
1749261078,1.79000000,305.30000000,1.809
1749261078,1.78900000,325.40000000,1.809
1749261078,1.78800000,700.10000000,1.809
1749261078,1.78700000,525.80000000,1.809
1749261078,1.78600000,356.50000000,1.809
1749261078,1.78500000,330.50000000,1.809
1749261078,1.78400000,845.00000000,1.809
1749261078,1.78300000,277.00000000,1.809
1749261078,1.78200000,20136.60000000,1.809
1749261078,1.78100000,20016.30000000,1.809
1749261078,1.78000000,467.20000000,1.809
1749261078,1.77900000,20292.80000000,1.809
1749261078,1.77800000,158.30000000,1.809
1749261078,1.77700000,20468.80000000,1.809
1749261078,1.77600000,2372.70000000,1.809
1749261078,1.77500000,165.50000000,1.809
1749261078,1.77400000,817.50000000,1.809
1749261078,1.77300000,154.10000000,1.809
1749261078,1.77200000,210.40000000,1.809
1749261078,1.77100000,713.10000000,1.809
1749261078,1.77000000,107.70000000,1.809
1749261078,1.76900000,5.60000000,1.809
1749261078,1.76800000,5.60000000,1.809
1749261078,1.76700000,279.60000000,1.809
1749261078,1.76600000,23.70000000,1.809
1749261078,1.76500000,17.70000000,1.809
1749261078,1.76400000,10.70000000,1.809
1749261078,1.76300000,980.80000000,1.809
1749261078,1.76200000,284.80000000,1.809
1749261078,1.76100000,5.60000000,1.809
1749261078,1.76000000,67.50000000,1.809
1749261078,1.75900000,206.10000000,1.809
1749261078,1.75800000,107.60000000,1.809
1749261078,1.75700000,5.60000000,1.809
1749261078,1.75600000,19.30000000,1.809
1749261078,1.75500000,37.40000000,1.809
1749261078,1.75400000,74.10000000,1.809
1749261078,1.75300000,5.60000000,1.809
1749261078,1.75200000,5.60000000,1.809
1749261078,1.75100000,5.60000000,1.809
1749261078,1.75000000,881.80000000,1.809
1749261078,1.74900000,913.20000000,1.809
1749261078,1.74800000,5.60000000,1.809
1749261078,1.74700000,12.90000000,1.809
1749261078,1.74600000,5.60000000,1.809
1749261078,1.74500000,14.00000000,1.809
1749261078,1.74400000,5.60000000,1.809
1749261078,1.74300000,5.60000000,1.809
1749261078,1.74200000,9.70000000,1.809
1749261078,1.74100000,8.70000000,1.809
1749261078,1.74000000,594.00000000,1.809
1749261078,1.73900000,5.60000000,1.809
1749261078,1.73800000,5.60000000,1.809
1749261078,1.73700000,5.60000000,1.809
1749261078,1.73600000,450.20000000,1.809
1749261078,1.73500000,5.60000000,1.809
1749261078,1.73400000,1203.50000000,1.809
1749261078,1.73300000,34.90000000,1.809
1749261078,1.73200000,200.40000000,1.809
1749261078,1.73000000,905.70000000,1.809
1749261078,1.72700000,38.70000000,1.809
1749261078,1.72600000,12.30000000,1.809
1749261078,1.71900000,123.70000000,1.809
1749261078,1.71800000,6.70000000,1.809
1749261078,1.71700000,1425.00000000,1.809
1749261078,1.71300000,142.70000000,1.809
1749261078,1.71000000,158.00000000,1.809
1749261078,1.70700000,24.20000000,1.809
1749261078,1.70500000,205.80000000,1.809
1749261078,1.70400000,144.20000000,1.809
1749261078,1.70300000,1108.10000000,1.809
1749261078,1.70000000,5193.30000000,1.809
1749261078,1.69700000,3.10000000,1.809
1749261078,1.69100000,7.60000000,1.809
1749261078,1.68800000,300.00000000,1.809
1749261078,1.67800000,200.40000000,1.809
1749261078,1.67500000,13.60000000,1.809
1749261078,1.67400000,6.40000000,1.809
1749261078,1.67300000,45.60000000,1.809
1749261078,1.67200000,3.50000000,1.809
1749261078,1.67000000,543.50000000,1.809
1749261392,1.80900000,8.30000000,1.809
1749261392,1.80800000,2616.60000000,1.809
1749261392,1.80700000,6335.50000000,1.809
1749261392,1.80600000,6890.50000000,1.809
1749261392,1.80500000,2715.30000000,1.809
1749261392,1.80400000,1764.80000000,1.809
1749261392,1.80300000,2226.20000000,1.809
1749261392,1.80200000,5371.20000000,1.809
1749261392,1.80100000,2724.10000000,1.809
1749261392,1.80000000,2326.70000000,1.809
1749261392,1.79900000,4728.60000000,1.809
1749261392,1.79800000,359.80000000,1.809
1749261392,1.79700000,4829.10000000,1.809
1749261392,1.79600000,590.70000000,1.809
1749261392,1.79500000,7077.50000000,1.809
1749261392,1.79400000,7393.70000000,1.809
1749261392,1.79300000,299.60000000,1.809
1749261392,1.79200000,346.20000000,1.809
1749261392,1.79100000,3929.90000000,1.809
1749261392,1.79000000,301.10000000,1.809
1749261392,1.78900000,325.40000000,1.809
1749261392,1.78800000,772.00000000,1.809
1749261392,1.78700000,525.80000000,1.809
1749261392,1.78600000,325.40000000,1.809
1749261392,1.78500000,330.50000000,1.809
1749261392,1.78400000,772.90000000,1.809
1749261392,1.78300000,20230.90000000,1.809
1749261392,1.78200000,330.20000000,1.809
1749261392,1.78100000,20016.30000000,1.809
1749261392,1.78000000,467.20000000,1.809
1749261392,1.77900000,20292.80000000,1.809
1749261392,1.77800000,158.30000000,1.809
1749261392,1.77700000,20468.80000000,1.809
1749261392,1.77600000,2372.70000000,1.809
1749261392,1.77500000,267.40000000,1.809
1749261392,1.77400000,817.50000000,1.809
1749261392,1.77300000,154.10000000,1.809
1749261392,1.77200000,154.10000000,1.809
1749261392,1.77100000,713.10000000,1.809
1749261392,1.77000000,107.70000000,1.809
1749261392,1.76900000,5.60000000,1.809
1749261392,1.76800000,5.60000000,1.809
1749261392,1.76700000,279.60000000,1.809
1749261392,1.76600000,23.70000000,1.809
1749261392,1.76500000,17.70000000,1.809
1749261392,1.76400000,10.70000000,1.809
1749261392,1.76300000,924.20000000,1.809
1749261392,1.76200000,284.80000000,1.809
1749261392,1.76100000,5.60000000,1.809
1749261392,1.76000000,67.50000000,1.809
1749261392,1.75900000,206.10000000,1.809
1749261392,1.75800000,5.60000000,1.809
1749261392,1.75700000,5.60000000,1.809
1749261392,1.75600000,19.30000000,1.809
1749261392,1.75500000,37.40000000,1.809
1749261392,1.75400000,17.20000000,1.809
1749261392,1.75300000,5.60000000,1.809
1749261392,1.75200000,5.60000000,1.809
1749261392,1.75100000,5.60000000,1.809
1749261392,1.75000000,881.80000000,1.809
1749261392,1.74900000,913.20000000,1.809
1749261392,1.74800000,5.60000000,1.809
1749261392,1.74700000,12.90000000,1.809
1749261392,1.74600000,5.60000000,1.809
1749261392,1.74500000,14.00000000,1.809
1749261392,1.74400000,5.60000000,1.809
1749261392,1.74300000,5.60000000,1.809
1749261392,1.74200000,9.70000000,1.809
1749261392,1.74100000,8.70000000,1.809
1749261392,1.74000000,594.00000000,1.809
1749261392,1.73900000,5.60000000,1.809
1749261392,1.73800000,5.60000000,1.809
1749261392,1.73700000,5.60000000,1.809
1749261392,1.73600000,450.20000000,1.809
1749261392,1.73500000,5.60000000,1.809
1749261392,1.73400000,1203.50000000,1.809
1749261392,1.73300000,34.90000000,1.809
1749261392,1.73200000,200.40000000,1.809
1749261392,1.73000000,905.70000000,1.809
1749261392,1.72700000,38.70000000,1.809
1749261392,1.72600000,12.30000000,1.809
1749261392,1.71900000,123.70000000,1.809
1749261392,1.71800000,6.70000000,1.809
1749261392,1.71700000,1425.00000000,1.809
1749261392,1.71300000,142.70000000,1.809
1749261392,1.71000000,158.00000000,1.809
1749261392,1.70700000,24.20000000,1.809
1749261392,1.70500000,205.80000000,1.809
1749261392,1.70400000,144.20000000,1.809
1749261392,1.70300000,1108.10000000,1.809
1749261392,1.70000000,5193.30000000,1.809
1749261392,1.69700000,3.10000000,1.809
1749261392,1.69100000,7.60000000,1.809
1749261392,1.68800000,300.00000000,1.809
1749261392,1.67800000,200.40000000,1.809
1749261392,1.67500000,13.60000000,1.809
1749261392,1.67400000,6.40000000,1.809
1749261392,1.67300000,45.60000000,1.809
1749261392,1.67200000,3.50000000,1.809
1749261392,1.67000000,543.50000000,1.809
1749261699,1.80700000,463.90000000,1.808
1749261699,1.80600000,5067.00000000,1.808
1749261699,1.80500000,6506.20000000,1.808
1749261699,1.80400000,5993.20000000,1.808
1749261699,1.80300000,2443.00000000,1.808
1749261699,1.80200000,3335.70000000,1.808
1749261699,1.80100000,2754.70000000,1.808
1749261699,1.80000000,4655.00000000,1.808
1749261699,1.79900000,4728.60000000,1.808
1749261699,1.79800000,329.60000000,1.808
1749261699,1.79700000,4829.10000000,1.808
1749261699,1.79600000,747.90000000,1.808
1749261699,1.79500000,334.60000000,1.808
1749261699,1.79400000,7291.50000000,1.808
1749261699,1.79300000,299.60000000,1.808
1749261699,1.79200000,7034.50000000,1.808
1749261699,1.79100000,3929.90000000,1.808
1749261699,1.79000000,301.10000000,1.808
1749261699,1.78900000,325.40000000,1.808
1749261699,1.78800000,670.70000000,1.808
1749261699,1.78700000,525.80000000,1.808
1749261699,1.78600000,325.40000000,1.808
1749261699,1.78500000,330.50000000,1.808
1749261699,1.78400000,772.90000000,1.808
1749261699,1.78300000,260.20000000,1.808
1749261699,1.78200000,330.20000000,1.808
1749261699,1.78100000,20016.30000000,1.808
1749261699,1.78000000,467.20000000,1.808
1749261699,1.77900000,20019.60000000,1.808
1749261699,1.77800000,534.00000000,1.808
1749261699,1.77700000,20468.80000000,1.808
1749261699,1.77600000,2372.70000000,1.808
1749261699,1.77500000,20026.70000000,1.808
1749261699,1.77400000,817.50000000,1.808
1749261699,1.77300000,990.50000000,1.808
1749261699,1.77200000,154.10000000,1.808
1749261699,1.77100000,5.60000000,1.808
1749261699,1.77000000,107.70000000,1.808
1749261699,1.76900000,5.60000000,1.808
1749261699,1.76800000,5.60000000,1.808
1749261699,1.76700000,5.60000000,1.808
1749261699,1.76600000,23.70000000,1.808
1749261699,1.76500000,119.60000000,1.808
1749261699,1.76400000,10.70000000,1.808
1749261699,1.76300000,1197.60000000,1.808
1749261699,1.76200000,12.10000000,1.808
1749261699,1.76100000,5.60000000,1.808
1749261699,1.76000000,67.50000000,1.808
1749261699,1.75900000,206.10000000,1.808
1749261699,1.75800000,5.60000000,1.808
1749261699,1.75700000,5.60000000,1.808
1749261699,1.75600000,19.30000000,1.808
1749261699,1.75500000,37.40000000,1.808
1749261699,1.75400000,17.20000000,1.808
1749261699,1.75300000,5.60000000,1.808
1749261699,1.75200000,5.60000000,1.808
1749261699,1.75100000,5.60000000,1.808
1749261699,1.75000000,881.80000000,1.808
1749261699,1.74900000,913.20000000,1.808
1749261699,1.74800000,5.60000000,1.808
1749261699,1.74700000,12.90000000,1.808
1749261699,1.74600000,5.60000000,1.808
1749261699,1.74500000,14.00000000,1.808
1749261699,1.74400000,5.60000000,1.808
1749261699,1.74300000,5.60000000,1.808
1749261699,1.74200000,9.70000000,1.808
1749261699,1.74100000,8.70000000,1.808
1749261699,1.74000000,594.00000000,1.808
1749261699,1.73900000,5.60000000,1.808
1749261699,1.73800000,5.60000000,1.808
1749261699,1.73700000,5.60000000,1.808
1749261699,1.73600000,450.20000000,1.808
1749261699,1.73500000,5.60000000,1.808
1749261699,1.73400000,1203.50000000,1.808
1749261699,1.73300000,40.50000000,1.808
1749261699,1.73200000,206.00000000,1.808
1749261699,1.73000000,905.70000000,1.808
1749261699,1.72700000,38.70000000,1.808
1749261699,1.72600000,12.30000000,1.808
1749261699,1.71900000,123.70000000,1.808
1749261699,1.71800000,6.70000000,1.808
1749261699,1.71700000,1425.00000000,1.808
1749261699,1.71300000,142.70000000,1.808
1749261699,1.71000000,158.00000000,1.808
1749261699,1.70700000,24.20000000,1.808
1749261699,1.70500000,205.80000000,1.808
1749261699,1.70400000,144.20000000,1.808
1749261699,1.70300000,1108.10000000,1.808
1749261699,1.70000000,5193.30000000,1.808
1749261699,1.69700000,3.10000000,1.808
1749261699,1.69100000,7.60000000,1.808
1749261699,1.68800000,300.00000000,1.808
1749261699,1.67800000,200.40000000,1.808
1749261699,1.67500000,13.60000000,1.808
1749261699,1.67400000,6.40000000,1.808
1749261699,1.67300000,45.60000000,1.808
1749261699,1.67200000,3.50000000,1.808
1749261699,1.67000000,543.50000000,1.808
1749261699,1.66900000,5.10000000,1.808
1749261699,1.66600000,304.10000000,1.808
1749262006,1.80800000,1436.20000000,1.809
1749262006,1.80700000,4034.30000000,1.809
1749262006,1.80600000,7415.20000000,1.809
1749262006,1.80500000,4637.80000000,1.809
1749262006,1.80400000,1471.00000000,1.809
1749262006,1.80300000,4512.90000000,1.809
1749262006,1.80200000,3166.50000000,1.809
1749262006,1.80100000,2723.60000000,1.809
1749262006,1.80000000,2760.70000000,1.809
1749262006,1.79900000,6523.10000000,1.809
1749262006,1.79800000,329.60000000,1.809
1749262006,1.79700000,4986.30000000,1.809
1749262006,1.79600000,590.70000000,1.809
1749262006,1.79500000,334.60000000,1.809
1749262006,1.79400000,7291.50000000,1.809
1749262006,1.79300000,299.60000000,1.809
1749262006,1.79200000,7034.50000000,1.809
1749262006,1.79100000,3929.90000000,1.809
1749262006,1.79000000,301.10000000,1.809
1749262006,1.78900000,325.40000000,1.809
1749262006,1.78800000,772.60000000,1.809
1749262006,1.78700000,525.80000000,1.809
1749262006,1.78600000,325.40000000,1.809
1749262006,1.78500000,330.50000000,1.809
1749262006,1.78400000,772.90000000,1.809
1749262006,1.78300000,533.40000000,1.809
1749262006,1.78200000,330.20000000,1.809
1749262006,1.78100000,20154.60000000,1.809
1749262006,1.78000000,328.90000000,1.809
1749262006,1.77900000,20019.60000000,1.809
1749262006,1.77800000,260.30000000,1.809
1749262006,1.77700000,20019.50000000,1.809
1749262006,1.77600000,2372.70000000,1.809
1749262006,1.77500000,20026.70000000,1.809
1749262006,1.77400000,817.50000000,1.809
1749262006,1.77300000,1440.80000000,1.809
1749262006,1.77200000,154.10000000,1.809
1749262006,1.77100000,5.60000000,1.809
1749262006,1.77000000,5.60000000,1.809
1749262006,1.76900000,5.60000000,1.809
1749262006,1.76800000,154.10000000,1.809
1749262006,1.76700000,5.60000000,1.809
1749262006,1.76600000,23.70000000,1.809
1749262006,1.76500000,290.90000000,1.809
1749262006,1.76400000,10.70000000,1.809
1749262006,1.76300000,924.20000000,1.809
1749262006,1.76200000,12.10000000,1.809
1749262006,1.76100000,107.60000000,1.809
1749262006,1.76000000,67.50000000,1.809
1749262006,1.75900000,206.10000000,1.809
1749262006,1.75800000,5.60000000,1.809
1749262006,1.75700000,5.60000000,1.809
1749262006,1.75600000,19.30000000,1.809
1749262006,1.75500000,5.60000000,1.809
1749262006,1.75400000,17.20000000,1.809
1749262006,1.75300000,37.40000000,1.809
1749262006,1.75200000,5.60000000,1.809
1749262006,1.75100000,5.60000000,1.809
1749262006,1.75000000,881.80000000,1.809
1749262006,1.74900000,913.20000000,1.809
1749262006,1.74800000,5.60000000,1.809
1749262006,1.74700000,12.90000000,1.809
1749262006,1.74600000,5.60000000,1.809
1749262006,1.74500000,14.00000000,1.809
1749262006,1.74400000,5.60000000,1.809
1749262006,1.74300000,5.60000000,1.809
1749262006,1.74200000,9.70000000,1.809
1749262006,1.74100000,8.70000000,1.809
1749262006,1.74000000,594.00000000,1.809
1749262006,1.73900000,5.60000000,1.809
1749262006,1.73800000,5.60000000,1.809
1749262006,1.73700000,5.60000000,1.809
1749262006,1.73600000,450.20000000,1.809
1749262006,1.73500000,5.60000000,1.809
1749262006,1.73400000,1203.50000000,1.809
1749262006,1.73300000,40.50000000,1.809
1749262006,1.73200000,200.40000000,1.809
1749262006,1.73000000,905.70000000,1.809
1749262006,1.72700000,6.40000000,1.809
1749262006,1.72600000,44.60000000,1.809
1749262006,1.71900000,123.70000000,1.809
1749262006,1.71800000,6.70000000,1.809
1749262006,1.71700000,1425.00000000,1.809
1749262006,1.71300000,142.70000000,1.809
1749262006,1.71000000,158.00000000,1.809
1749262006,1.70700000,24.20000000,1.809
1749262006,1.70500000,205.80000000,1.809
1749262006,1.70400000,144.20000000,1.809
1749262006,1.70300000,1108.10000000,1.809
1749262006,1.70000000,5160.50000000,1.809
1749262006,1.69900000,32.80000000,1.809
1749262006,1.69700000,3.10000000,1.809
1749262006,1.69100000,7.60000000,1.809
1749262006,1.68800000,300.00000000,1.809
1749262006,1.67800000,200.40000000,1.809
1749262006,1.67500000,13.60000000,1.809
1749262006,1.67400000,6.40000000,1.809
1749262006,1.67300000,12.30000000,1.809
1749262006,1.67200000,3.50000000,1.809
1749262006,1.67100000,33.40000000,1.809
1749262308,1.81600000,576.50000000,1.817
1749262308,1.81500000,2880.30000000,1.817
1749262308,1.81400000,4404.50000000,1.817
1749262308,1.81300000,7397.90000000,1.817
1749262308,1.81200000,3800.70000000,1.817
1749262308,1.81100000,855.10000000,1.817
1749262308,1.81000000,2614.80000000,1.817
1749262308,1.80900000,2682.10000000,1.817
1749262308,1.80800000,394.50000000,1.817
1749262308,1.80700000,450.20000000,1.817
1749262308,1.80600000,2170.50000000,1.817
1749262308,1.80500000,1215.90000000,1.817
1749262308,1.80400000,4979.40000000,1.817
1749262308,1.80300000,12089.00000000,1.817
1749262308,1.80200000,7378.90000000,1.817
1749262308,1.80100000,329.60000000,1.817
1749262308,1.80000000,4931.90000000,1.817
1749262308,1.79900000,384.90000000,1.817
1749262308,1.79800000,325.40000000,1.817
1749262308,1.79700000,325.40000000,1.817
1749262308,1.79600000,597.50000000,1.817
1749262308,1.79500000,330.40000000,1.817
1749262308,1.79400000,325.40000000,1.817
1749262308,1.79300000,295.40000000,1.817
1749262308,1.79200000,413.80000000,1.817
1749262308,1.79100000,24054.90000000,1.817
1749262308,1.79000000,747.10000000,1.817
1749262308,1.78900000,20381.70000000,1.817
1749262308,1.78800000,593.40000000,1.817
1749262308,1.78700000,20600.00000000,1.817
1749262308,1.78600000,2673.50000000,1.817
1749262308,1.78500000,20426.90000000,1.817
1749262308,1.78400000,703.10000000,1.817
1749262308,1.78300000,154.10000000,1.817
1749262308,1.78200000,158.90000000,1.817
1749262308,1.78100000,824.20000000,1.817
1749262308,1.78000000,157.60000000,1.817
1749262308,1.77900000,710.50000000,1.817
1749262308,1.77800000,256.10000000,1.817
1749262308,1.77700000,154.10000000,1.817
1749262308,1.77600000,277.70000000,1.817
1749262308,1.77500000,12.80000000,1.817
1749262308,1.77400000,10.70000000,1.817
1749262308,1.77300000,5.60000000,1.817
1749262308,1.77200000,5.60000000,1.817
1749262308,1.77100000,5.60000000,1.817
1749262308,1.77000000,107.30000000,1.817
1749262308,1.76900000,5.60000000,1.817
1749262308,1.76800000,5.60000000,1.817
1749262308,1.76700000,5.60000000,1.817
1749262308,1.76600000,295.80000000,1.817
1749262308,1.76500000,17.70000000,1.817
1749262308,1.76400000,10.70000000,1.817
1749262308,1.76300000,924.20000000,1.817
1749262308,1.76200000,12.10000000,1.817
1749262308,1.76100000,5.60000000,1.817
1749262308,1.76000000,67.50000000,1.817
1749262308,1.75900000,206.10000000,1.817
1749262308,1.75800000,5.60000000,1.817
1749262308,1.75700000,5.60000000,1.817
1749262308,1.75600000,19.30000000,1.817
1749262308,1.75500000,5.60000000,1.817
1749262308,1.75400000,17.20000000,1.817
1749262308,1.75300000,37.40000000,1.817
1749262308,1.75200000,5.60000000,1.817
1749262308,1.75100000,5.60000000,1.817
1749262308,1.75000000,881.80000000,1.817
1749262308,1.74900000,913.20000000,1.817
1749262308,1.74800000,1180.40000000,1.817
1749262308,1.74700000,12.90000000,1.817
1749262308,1.74600000,5.60000000,1.817
1749262308,1.74500000,14.00000000,1.817
1749262308,1.74400000,5.60000000,1.817
1749262308,1.74300000,5.60000000,1.817
1749262308,1.74200000,9.70000000,1.817
1749262308,1.74100000,8.70000000,1.817
1749262308,1.74000000,588.40000000,1.817
1749262308,1.73600000,444.60000000,1.817
1749262308,1.73400000,3.50000000,1.817
1749262308,1.73300000,34.90000000,1.817
1749262308,1.73200000,200.40000000,1.817
1749262308,1.73000000,905.70000000,1.817
1749262308,1.72700000,6.40000000,1.817
1749262308,1.72600000,44.60000000,1.817
1749262308,1.71900000,123.70000000,1.817
1749262308,1.71800000,6.70000000,1.817
1749262308,1.71700000,1425.00000000,1.817
1749262308,1.71300000,142.70000000,1.817
1749262308,1.71000000,158.00000000,1.817
1749262308,1.70700000,24.20000000,1.817
1749262308,1.70500000,205.80000000,1.817
1749262308,1.70400000,144.20000000,1.817
1749262308,1.70300000,1108.10000000,1.817
1749262308,1.70000000,5160.50000000,1.817
1749262308,1.69900000,32.80000000,1.817
1749262308,1.69700000,3.10000000,1.817
1749262308,1.69100000,7.60000000,1.817
1749262308,1.68800000,300.00000000,1.817
1749262308,1.67800000,200.40000000,1.817
1749262308,1.67500000,13.60000000,1.817
1749262610,1.81900000,1841.00000000,1.82
1749262610,1.81800000,2951.60000000,1.82
1749262610,1.81700000,6127.10000000,1.82
1749262610,1.81600000,6624.40000000,1.82
1749262610,1.81500000,3511.40000000,1.82
1749262610,1.81400000,518.40000000,1.82
1749262610,1.81300000,2517.20000000,1.82
1749262610,1.81200000,4162.00000000,1.82
1749262610,1.81100000,795.80000000,1.82
1749262610,1.81000000,5094.40000000,1.82
1749262610,1.80900000,4121.10000000,1.82
1749262610,1.80800000,637.30000000,1.82
1749262610,1.80700000,360.40000000,1.82
1749262610,1.80600000,11743.30000000,1.82
1749262610,1.80500000,7527.60000000,1.82
1749262610,1.80400000,329.60000000,1.82
1749262610,1.80300000,329.60000000,1.82
1749262610,1.80200000,401.50000000,1.82
1749262610,1.80100000,601.80000000,1.82
1749262610,1.80000000,533.90000000,1.82
1749262610,1.79900000,325.40000000,1.82
1749262610,1.79800000,325.40000000,1.82
1749262610,1.79700000,3929.90000000,1.82
1749262610,1.79600000,498.50000000,1.82
1749262610,1.79500000,330.40000000,1.82
1749262610,1.79400000,770.40000000,1.82
1749262610,1.79300000,20647.10000000,1.82
1749262610,1.79200000,325.40000000,1.82
1749262610,1.79100000,20587.90000000,1.82
1749262610,1.79000000,301.10000000,1.82
1749262610,1.78900000,20486.50000000,1.82
1749262610,1.78800000,1252.40000000,1.82
1749262610,1.78700000,20432.90000000,1.82
1749262610,1.78600000,2368.50000000,1.82
1749262610,1.78500000,159.20000000,1.82
1749262610,1.78400000,154.10000000,1.82
1749262610,1.78300000,154.10000000,1.82
1749262610,1.78200000,158.90000000,1.82
1749262610,1.78100000,24.30000000,1.82
1749262610,1.78000000,9.10000000,1.82
1749262610,1.77900000,1920.00000000,1.82
1749262610,1.77800000,107.60000000,1.82
1749262610,1.77700000,5.60000000,1.82
1749262610,1.77600000,5.60000000,1.82
1749262610,1.77500000,12.80000000,1.82
1749262610,1.77400000,10.70000000,1.82
1749262610,1.77300000,5.60000000,1.82
1749262610,1.77200000,5.60000000,1.82
1749262610,1.77100000,5.60000000,1.82
1749262610,1.77000000,5.60000000,1.82
1749262610,1.76900000,277.70000000,1.82
1749262610,1.76800000,5.60000000,1.82
1749262610,1.76700000,5.60000000,1.82
1749262610,1.76600000,23.70000000,1.82
1749262610,1.76500000,17.70000000,1.82
1749262610,1.76400000,10.70000000,1.82
1749262610,1.76300000,5.60000000,1.82
1749262610,1.76200000,12.10000000,1.82
1749262610,1.76100000,5.60000000,1.82
1749262610,1.76000000,67.50000000,1.82
1749262610,1.75900000,206.10000000,1.82
1749262610,1.75800000,5.60000000,1.82
1749262610,1.75700000,5.60000000,1.82
1749262610,1.75600000,19.30000000,1.82
1749262610,1.75500000,5.60000000,1.82
1749262610,1.75400000,17.20000000,1.82
1749262610,1.75300000,37.40000000,1.82
1749262610,1.75200000,5.60000000,1.82
1749262610,1.75100000,5.60000000,1.82
1749262610,1.75000000,881.80000000,1.82
1749262610,1.74900000,913.20000000,1.82
1749262610,1.74800000,1180.40000000,1.82
1749262610,1.74700000,12.90000000,1.82
1749262610,1.74600000,5.60000000,1.82
1749262610,1.74500000,14.00000000,1.82
1749262610,1.74400000,5.60000000,1.82
1749262610,1.74200000,4.10000000,1.82
1749262610,1.74100000,3.10000000,1.82
1749262610,1.74000000,588.40000000,1.82
1749262610,1.73600000,444.60000000,1.82
1749262610,1.73400000,3.50000000,1.82
1749262610,1.73300000,34.90000000,1.82
1749262610,1.73200000,200.40000000,1.82
1749262610,1.73000000,905.70000000,1.82
1749262610,1.72700000,6.40000000,1.82
1749262610,1.72600000,44.60000000,1.82
1749262610,1.71900000,123.70000000,1.82
1749262610,1.71800000,6.70000000,1.82
1749262610,1.71700000,1425.00000000,1.82
1749262610,1.71200000,139.10000000,1.82
1749262610,1.71000000,15.60000000,1.82
1749262610,1.70900000,139.30000000,1.82
1749262610,1.70800000,141.80000000,1.82
1749262610,1.70700000,24.20000000,1.82
1749262610,1.70500000,205.80000000,1.82
1749262610,1.70400000,4.00000000,1.82
1749262610,1.70300000,1108.10000000,1.82
1749262610,1.70000000,5160.50000000,1.82
1749262610,1.69900000,32.80000000,1.82
1749262610,1.69700000,3.10000000,1.82
1749262911,1.81600000,254.80000000,1.816
1749262911,1.81500000,3985.30000000,1.816
1749262911,1.81400000,5764.90000000,1.816
1749262911,1.81300000,4046.90000000,1.816
1749262911,1.81200000,6501.70000000,1.816
1749262911,1.81100000,1583.90000000,1.816
1749262911,1.81000000,3511.50000000,1.816
1749262911,1.80900000,6316.00000000,1.816
1749262911,1.80800000,4643.00000000,1.816
1749262911,1.80700000,591.00000000,1.816
1749262911,1.80600000,553.00000000,1.816
1749262911,1.80500000,5421.30000000,1.816
1749262911,1.80400000,602.40000000,1.816
1749262911,1.80300000,3880.50000000,1.816
1749262911,1.80200000,7728.60000000,1.816
1749262911,1.80100000,7449.80000000,1.816
1749262911,1.80000000,432.40000000,1.816
1749262911,1.79900000,598.10000000,1.816
1749262911,1.79800000,325.40000000,1.816
1749262911,1.79700000,325.40000000,1.816
1749262911,1.79600000,498.50000000,1.816
1749262911,1.79500000,330.40000000,1.816
1749262911,1.79400000,2963.40000000,1.816
1749262911,1.79300000,295.40000000,1.816
1749262911,1.79200000,325.40000000,1.816
1749262911,1.79100000,735.60000000,1.816
1749262911,1.79000000,301.10000000,1.816
1749262911,1.78900000,20214.60000000,1.816
1749262911,1.78800000,1252.40000000,1.816
1749262911,1.78700000,20432.90000000,1.816
1749262911,1.78600000,154.10000000,1.816
1749262911,1.78500000,20237.50000000,1.816
1749262911,1.78400000,255.70000000,1.816
1749262911,1.78300000,20232.30000000,1.816
1749262911,1.78200000,158.90000000,1.816
1749262911,1.78100000,24.30000000,1.816
1749262911,1.78000000,1086.90000000,1.816
1749262911,1.77900000,1149.90000000,1.816
1749262911,1.77800000,256.10000000,1.816
1749262911,1.77700000,278.30000000,1.816
1749262911,1.77600000,5.60000000,1.816
1749262911,1.77500000,12.80000000,1.816
1749262911,1.77400000,10.70000000,1.816
1749262911,1.77300000,5.60000000,1.816
1749262911,1.77200000,5.60000000,1.816
1749262911,1.77100000,5.60000000,1.816
1749262911,1.77000000,5.60000000,1.816
1749262911,1.76900000,5.60000000,1.816
1749262911,1.76800000,5.60000000,1.816
1749262911,1.76700000,5.60000000,1.816
1749262911,1.76600000,939.20000000,1.816
1749262911,1.76500000,17.70000000,1.816
1749262911,1.76400000,385.40000000,1.816
1749262911,1.76300000,5.60000000,1.816
1749262911,1.76200000,12.10000000,1.816
1749262911,1.76100000,5.60000000,1.816
1749262911,1.76000000,67.50000000,1.816
1749262911,1.75900000,206.10000000,1.816
1749262911,1.75800000,5.60000000,1.816
1749262911,1.75700000,5.60000000,1.816
1749262911,1.75600000,19.30000000,1.816
1749262911,1.75500000,5.60000000,1.816
1749262911,1.75400000,17.20000000,1.816
1749262911,1.75300000,479.60000000,1.816
1749262911,1.75200000,5.60000000,1.816
1749262911,1.75100000,5.60000000,1.816
1749262911,1.75000000,881.80000000,1.816
1749262911,1.74900000,5.60000000,1.816
1749262911,1.74800000,1180.40000000,1.816
1749262911,1.74700000,12.90000000,1.816
1749262911,1.74600000,5.60000000,1.816
1749262911,1.74500000,14.00000000,1.816
1749262911,1.74400000,5.60000000,1.816
1749262911,1.74300000,5.60000000,1.816
1749262911,1.74200000,9.70000000,1.816
1749262911,1.74100000,8.70000000,1.816
1749262911,1.74000000,588.40000000,1.816
1749262911,1.73400000,3.50000000,1.816
1749262911,1.73300000,34.90000000,1.816
1749262911,1.73200000,200.40000000,1.816
1749262911,1.73000000,905.70000000,1.816
1749262911,1.72700000,6.40000000,1.816
1749262911,1.72600000,44.60000000,1.816
1749262911,1.71900000,123.70000000,1.816
1749262911,1.71800000,6.70000000,1.816
1749262911,1.71700000,1425.00000000,1.816
1749262911,1.71200000,139.10000000,1.816
1749262911,1.71000000,15.60000000,1.816
1749262911,1.70900000,139.30000000,1.816
1749262911,1.70800000,141.80000000,1.816
1749262911,1.70700000,24.20000000,1.816
1749262911,1.70500000,205.80000000,1.816
1749262911,1.70400000,4.00000000,1.816
1749262911,1.70300000,1108.10000000,1.816
1749262911,1.70000000,5160.50000000,1.816
1749262911,1.69900000,32.80000000,1.816
1749262911,1.69700000,3.10000000,1.816
1749262911,1.69100000,7.60000000,1.816
1749262911,1.68800000,300.00000000,1.816
1749262911,1.67800000,200.40000000,1.816
1749263213,1.82100000,45.00000000,1.822
1749263213,1.82000000,2656.80000000,1.822
1749263213,1.81900000,3768.70000000,1.822
1749263213,1.81800000,8561.10000000,1.822
1749263213,1.81700000,3847.10000000,1.822
1749263213,1.81600000,1251.70000000,1.822
1749263213,1.81500000,2747.80000000,1.822
1749263213,1.81400000,5071.70000000,1.822
1749263213,1.81300000,451.00000000,1.822
1749263213,1.81200000,4851.00000000,1.822
1749263213,1.81100000,4278.00000000,1.822
1749263213,1.81000000,432.40000000,1.822
1749263213,1.80900000,703.00000000,1.822
1749263213,1.80800000,12164.80000000,1.822
1749263213,1.80700000,7802.70000000,1.822
1749263213,1.80600000,384.50000000,1.822
1749263213,1.80500000,337.40000000,1.822
1749263213,1.80400000,602.40000000,1.822
1749263213,1.80300000,3880.50000000,1.822
1749263213,1.80200000,346.20000000,1.822
1749263213,1.80100000,426.80000000,1.822
1749263213,1.80000000,544.60000000,1.822
1749263213,1.79900000,325.40000000,1.822
1749263213,1.79800000,325.40000000,1.822
1749263213,1.79700000,325.40000000,1.822
1749263213,1.79600000,426.90000000,1.822
1749263213,1.79500000,20198.80000000,1.822
1749263213,1.79400000,3408.40000000,1.822
1749263213,1.79300000,19961.00000000,1.822
1749263213,1.79200000,325.40000000,1.822
1749263213,1.79100000,20357.20000000,1.822
1749263213,1.79000000,134.00000000,1.822
1749263213,1.78900000,20214.60000000,1.822
1749263213,1.78800000,805.90000000,1.822
1749263213,1.78700000,354.50000000,1.822
1749263213,1.78600000,154.10000000,1.822
1749263213,1.78500000,713.80000000,1.822
1749263213,1.78400000,154.10000000,1.822
1749263213,1.78300000,593.50000000,1.822
1749263213,1.78200000,10.40000000,1.822
1749263213,1.78100000,24.30000000,1.822
1749263213,1.78000000,938.40000000,1.822
1749263213,1.77900000,5.60000000,1.822
1749263213,1.77800000,5.60000000,1.822
1749263213,1.77700000,278.30000000,1.822
1749263213,1.77600000,5.60000000,1.822
1749263213,1.77500000,12.80000000,1.822
1749263213,1.77400000,10.70000000,1.822
1749263213,1.77300000,379.70000000,1.822
1749263213,1.77200000,5.60000000,1.822
1749263213,1.77100000,5.60000000,1.822
1749263213,1.77000000,5.60000000,1.822
1749263213,1.76900000,5.60000000,1.822
1749263213,1.76800000,5.60000000,1.822
1749263213,1.76700000,5.60000000,1.822
1749263213,1.76600000,939.20000000,1.822
1749263213,1.76500000,17.70000000,1.822
1749263213,1.76400000,10.70000000,1.822
1749263213,1.76300000,5.60000000,1.822
1749263213,1.76200000,12.10000000,1.822
1749263213,1.76100000,5.60000000,1.822
1749263213,1.76000000,67.50000000,1.822
1749263213,1.75900000,206.10000000,1.822
1749263213,1.75800000,5.60000000,1.822
1749263213,1.75700000,5.60000000,1.822
1749263213,1.75600000,19.30000000,1.822
1749263213,1.75500000,5.60000000,1.822
1749263213,1.75400000,17.20000000,1.822
1749263213,1.75300000,479.60000000,1.822
1749263213,1.75200000,5.60000000,1.822
1749263213,1.75100000,5.60000000,1.822
1749263213,1.75000000,881.80000000,1.822
1749263213,1.74900000,5.60000000,1.822
1749263213,1.74800000,1180.40000000,1.822
1749263213,1.74700000,12.80000000,1.822
1749263213,1.74600000,5.50000000,1.822
1749263213,1.74500000,8.40000000,1.822
1749263213,1.74200000,4.10000000,1.822
1749263213,1.74100000,3.10000000,1.822
1749263213,1.74000000,588.40000000,1.822
1749263213,1.73400000,3.50000000,1.822
1749263213,1.73300000,34.90000000,1.822
1749263213,1.73200000,200.40000000,1.822
1749263213,1.73000000,905.70000000,1.822
1749263213,1.72700000,6.40000000,1.822
1749263213,1.72600000,44.60000000,1.822
1749263213,1.71900000,123.70000000,1.822
1749263213,1.71800000,6.70000000,1.822
1749263213,1.71700000,1425.00000000,1.822
1749263213,1.71200000,139.10000000,1.822
1749263213,1.71000000,15.60000000,1.822
1749263213,1.70900000,139.30000000,1.822
1749263213,1.70800000,141.80000000,1.822
1749263213,1.70700000,24.20000000,1.822
1749263213,1.70500000,205.80000000,1.822
1749263213,1.70400000,4.00000000,1.822
1749263213,1.70300000,1108.10000000,1.822
1749263213,1.70000000,5160.50000000,1.822
1749263213,1.69900000,32.80000000,1.822
1749263213,1.69700000,3.10000000,1.822
1749263515,1.81900000,1246.60000000,1.82
1749263515,1.81800000,6504.60000000,1.82
1749263515,1.81700000,6325.00000000,1.82
1749263515,1.81600000,6947.50000000,1.82
1749263515,1.81500000,730.00000000,1.82
1749263515,1.81400000,3802.40000000,1.82
1749263515,1.81300000,6384.60000000,1.82
1749263515,1.81200000,2706.30000000,1.82
1749263515,1.81100000,5095.70000000,1.82
1749263515,1.81000000,2182.80000000,1.82
1749263515,1.80900000,431.00000000,1.82
1749263515,1.80800000,701.90000000,1.82
1749263515,1.80700000,439.80000000,1.82
1749263515,1.80600000,7549.70000000,1.82
1749263515,1.80500000,337.40000000,1.82
1749263515,1.80400000,7822.50000000,1.82
1749263515,1.80300000,3880.50000000,1.82
1749263515,1.80200000,443.40000000,1.82
1749263515,1.80100000,325.40000000,1.82
1749263515,1.80000000,817.10000000,1.82
1749263515,1.79900000,325.40000000,1.82
1749263515,1.79800000,325.40000000,1.82
1749263515,1.79700000,325.40000000,1.82
1749263515,1.79600000,325.40000000,1.82
1749263515,1.79500000,330.40000000,1.82
1749263515,1.79400000,3408.40000000,1.82
1749263515,1.79300000,19961.00000000,1.82
1749263515,1.79200000,426.80000000,1.82
1749263515,1.79100000,19983.00000000,1.82
1749263515,1.79000000,134.00000000,1.82
1749263515,1.78900000,20214.60000000,1.82
1749263515,1.78800000,805.90000000,1.82
1749263515,1.78700000,20410.70000000,1.82
1749263515,1.78600000,154.10000000,1.82
1749263515,1.78500000,713.80000000,1.82
1749263515,1.78400000,255.50000000,1.82
1749263515,1.78300000,593.50000000,1.82
1749263515,1.78200000,282.90000000,1.82
1749263515,1.78100000,24.30000000,1.82
1749263515,1.78000000,938.40000000,1.82
1749263515,1.77900000,5.60000000,1.82
1749263515,1.77800000,107.00000000,1.82
1749263515,1.77700000,278.30000000,1.82
1749263515,1.77600000,5.60000000,1.82
1749263515,1.77500000,12.80000000,1.82
1749263515,1.77400000,10.70000000,1.82
1749263515,1.77300000,5.60000000,1.82
1749263515,1.77200000,5.60000000,1.82
1749263515,1.77100000,5.60000000,1.82
1749263515,1.77000000,5.60000000,1.82
1749263515,1.76900000,5.60000000,1.82
1749263515,1.76800000,5.60000000,1.82
1749263515,1.76700000,5.60000000,1.82
1749263515,1.76600000,939.20000000,1.82
1749263515,1.76500000,17.70000000,1.82
1749263515,1.76400000,10.70000000,1.82
1749263515,1.76300000,5.60000000,1.82
1749263515,1.76200000,12.10000000,1.82
1749263515,1.76100000,5.60000000,1.82
1749263515,1.76000000,67.50000000,1.82
1749263515,1.75900000,206.10000000,1.82
1749263515,1.75800000,5.60000000,1.82
1749263515,1.75700000,5.60000000,1.82
1749263515,1.75600000,19.30000000,1.82
1749263515,1.75500000,5.60000000,1.82
1749263515,1.75400000,17.20000000,1.82
1749263515,1.75300000,479.60000000,1.82
1749263515,1.75200000,5.60000000,1.82
1749263515,1.75100000,5.60000000,1.82
1749263515,1.75000000,881.80000000,1.82
1749263515,1.74900000,5.60000000,1.82
1749263515,1.74800000,1180.40000000,1.82
1749263515,1.74700000,12.80000000,1.82
1749263515,1.74600000,5.50000000,1.82
1749263515,1.74500000,14.00000000,1.82
1749263515,1.74400000,5.60000000,1.82
1749263515,1.74200000,4.10000000,1.82
1749263515,1.74100000,3.10000000,1.82
1749263515,1.74000000,588.40000000,1.82
1749263515,1.73400000,3.50000000,1.82
1749263515,1.73300000,34.90000000,1.82
1749263515,1.73200000,200.40000000,1.82
1749263515,1.73000000,905.70000000,1.82
1749263515,1.72700000,6.40000000,1.82
1749263515,1.72600000,44.60000000,1.82
1749263515,1.71900000,123.70000000,1.82
1749263515,1.71800000,6.70000000,1.82
1749263515,1.71700000,1425.00000000,1.82
1749263515,1.71200000,139.10000000,1.82
1749263515,1.71000000,15.60000000,1.82
1749263515,1.70900000,139.30000000,1.82
1749263515,1.70800000,141.80000000,1.82
1749263515,1.70700000,24.20000000,1.82
1749263515,1.70500000,205.80000000,1.82
1749263515,1.70400000,4.00000000,1.82
1749263515,1.70300000,1108.10000000,1.82
1749263515,1.70000000,5160.50000000,1.82
1749263515,1.69900000,32.80000000,1.82
1749263515,1.69700000,3.10000000,1.82
1749263515,1.69100000,7.60000000,1.82
1749263820,1.81900000,367.20000000,1.82
1749263820,1.81800000,3318.40000000,1.82
1749263820,1.81700000,7205.70000000,1.82
1749263820,1.81600000,6504.70000000,1.82
1749263820,1.81500000,3705.70000000,1.82
1749263820,1.81400000,4665.80000000,1.82
1749263820,1.81300000,515.10000000,1.82
1749263820,1.81200000,2621.20000000,1.82
1749263820,1.81100000,6609.00000000,1.82
1749263820,1.81000000,2182.80000000,1.82
1749263820,1.80900000,745.90000000,1.82
1749263820,1.80800000,5132.20000000,1.82
1749263820,1.80700000,663.70000000,1.82
1749263820,1.80600000,329.60000000,1.82
1749263820,1.80500000,8066.90000000,1.82
1749263820,1.80400000,7549.70000000,1.82
1749263820,1.80300000,3880.50000000,1.82
1749263820,1.80200000,342.00000000,1.82
1749263820,1.80100000,325.40000000,1.82
1749263820,1.80000000,816.90000000,1.82
1749263820,1.79900000,427.00000000,1.82
1749263820,1.79800000,325.40000000,1.82
1749263820,1.79700000,325.40000000,1.82
1749263820,1.79600000,325.40000000,1.82
1749263820,1.79500000,330.40000000,1.82
1749263820,1.79400000,3065.00000000,1.82
1749263820,1.79300000,19870.40000000,1.82
1749263820,1.79200000,325.40000000,1.82
1749263820,1.79100000,19983.00000000,1.82
1749263820,1.79000000,580.00000000,1.82
1749263820,1.78900000,20214.60000000,1.82
1749263820,1.78800000,805.90000000,1.82
1749263820,1.78700000,20410.70000000,1.82
1749263820,1.78600000,154.10000000,1.82
1749263820,1.78500000,159.20000000,1.82
1749263820,1.78400000,255.50000000,1.82
1749263820,1.78300000,1153.30000000,1.82
1749263820,1.78200000,431.40000000,1.82
1749263820,1.78100000,24.30000000,1.82
1749263820,1.78000000,938.40000000,1.82
1749263820,1.77900000,5.60000000,1.82
1749263820,1.77800000,5.60000000,1.82
1749263820,1.77700000,278.30000000,1.82
1749263820,1.77600000,5.60000000,1.82
1749263820,1.77500000,12.80000000,1.82
1749263820,1.77400000,10.70000000,1.82
1749263820,1.77300000,107.20000000,1.82
1749263820,1.77200000,5.60000000,1.82
1749263820,1.77100000,5.60000000,1.82
1749263820,1.77000000,5.60000000,1.82
1749263820,1.76900000,5.60000000,1.82
1749263820,1.76800000,5.60000000,1.82
1749263820,1.76700000,5.60000000,1.82
1749263820,1.76600000,939.20000000,1.82
1749263820,1.76500000,17.70000000,1.82
1749263820,1.76400000,10.70000000,1.82
1749263820,1.76300000,5.60000000,1.82
1749263820,1.76200000,12.10000000,1.82
1749263820,1.76100000,5.60000000,1.82
1749263820,1.76000000,67.50000000,1.82
1749263820,1.75900000,206.10000000,1.82
1749263820,1.75800000,5.60000000,1.82
1749263820,1.75700000,5.60000000,1.82
1749263820,1.75600000,19.30000000,1.82
1749263820,1.75500000,5.60000000,1.82
1749263820,1.75400000,17.20000000,1.82
1749263820,1.75300000,479.60000000,1.82
1749263820,1.75200000,5.60000000,1.82
1749263820,1.75100000,5.60000000,1.82
1749263820,1.75000000,881.80000000,1.82
1749263820,1.74900000,5.60000000,1.82
1749263820,1.74800000,1180.40000000,1.82
1749263820,1.74700000,12.80000000,1.82
1749263820,1.74600000,5.50000000,1.82
1749263820,1.74500000,14.00000000,1.82
1749263820,1.74400000,5.60000000,1.82
1749263820,1.74200000,4.10000000,1.82
1749263820,1.74100000,3.10000000,1.82
1749263820,1.74000000,588.40000000,1.82
1749263820,1.73400000,3.50000000,1.82
1749263820,1.73300000,34.90000000,1.82
1749263820,1.73200000,200.40000000,1.82
1749263820,1.73000000,905.70000000,1.82
1749263820,1.72700000,6.40000000,1.82
1749263820,1.72600000,44.60000000,1.82
1749263820,1.71900000,123.70000000,1.82
1749263820,1.71800000,6.70000000,1.82
1749263820,1.71700000,1425.00000000,1.82
1749263820,1.71200000,139.10000000,1.82
1749263820,1.71000000,15.60000000,1.82
1749263820,1.70900000,139.30000000,1.82
1749263820,1.70800000,141.80000000,1.82
1749263820,1.70700000,24.20000000,1.82
1749263820,1.70500000,205.80000000,1.82
1749263820,1.70400000,4.00000000,1.82
1749263820,1.70300000,1108.10000000,1.82
1749263820,1.70000000,5160.50000000,1.82
1749263820,1.69900000,32.80000000,1.82
1749263820,1.69700000,3.10000000,1.82
1749263820,1.69100000,7.60000000,1.82
1749264122,1.81800000,329.40000000,1.818
1749264122,1.81700000,3217.20000000,1.818
1749264122,1.81600000,7413.10000000,1.818
1749264122,1.81500000,5041.20000000,1.818
1749264122,1.81400000,3236.20000000,1.818
1749264122,1.81300000,3945.10000000,1.818
1749264122,1.81200000,3148.40000000,1.818
1749264122,1.81100000,6262.50000000,1.818
1749264122,1.81000000,2967.00000000,1.818
1749264122,1.80900000,2287.30000000,1.818
1749264122,1.80800000,5151.50000000,1.818
1749264122,1.80700000,946.90000000,1.818
1749264122,1.80600000,602.60000000,1.818
1749264122,1.80500000,595.40000000,1.818
1749264122,1.80400000,8092.00000000,1.818
1749264122,1.80300000,11347.50000000,1.818
1749264122,1.80200000,342.00000000,1.818
1749264122,1.80100000,325.40000000,1.818
1749264122,1.80000000,816.90000000,1.818
1749264122,1.79900000,325.40000000,1.818
1749264122,1.79800000,427.10000000,1.818
1749264122,1.79700000,325.40000000,1.818
1749264122,1.79600000,325.40000000,1.818
1749264122,1.79500000,330.40000000,1.818
1749264122,1.79400000,2963.40000000,1.818
1749264122,1.79300000,568.10000000,1.818
1749264122,1.79200000,325.40000000,1.818
1749264122,1.79100000,20084.60000000,1.818
1749264122,1.79000000,580.00000000,1.818
1749264122,1.78900000,20214.60000000,1.818
1749264122,1.78800000,805.90000000,1.818
1749264122,1.78700000,20410.70000000,1.818
1749264122,1.78600000,154.10000000,1.818
1749264122,1.78500000,20215.40000000,1.818
1749264122,1.78400000,154.10000000,1.818
1749264122,1.78300000,1153.30000000,1.818
1749264122,1.78200000,533.10000000,1.818
1749264122,1.78100000,24.30000000,1.818
1749264122,1.78000000,1086.90000000,1.818
1749264122,1.77900000,5.60000000,1.818
1749264122,1.77800000,278.30000000,1.818
1749264122,1.77700000,5.60000000,1.818
1749264122,1.77600000,5.60000000,1.818
1749264122,1.77500000,12.80000000,1.818
1749264122,1.77400000,10.70000000,1.818
1749264122,1.77300000,5.60000000,1.818
1749264122,1.77200000,107.20000000,1.818
1749264122,1.77100000,5.60000000,1.818
1749264122,1.77000000,5.60000000,1.818
1749264122,1.76900000,5.60000000,1.818
1749264122,1.76800000,5.60000000,1.818
1749264122,1.76700000,5.60000000,1.818
1749264122,1.76600000,939.20000000,1.818
1749264122,1.76500000,17.70000000,1.818
1749264122,1.76400000,10.70000000,1.818
1749264122,1.76300000,5.60000000,1.818
1749264122,1.76200000,12.10000000,1.818
1749264122,1.76100000,5.60000000,1.818
1749264122,1.76000000,67.50000000,1.818
1749264122,1.75900000,206.10000000,1.818
1749264122,1.75800000,5.60000000,1.818
1749264122,1.75700000,5.60000000,1.818
1749264122,1.75600000,19.30000000,1.818
1749264122,1.75500000,5.60000000,1.818
1749264122,1.75400000,17.20000000,1.818
1749264122,1.75300000,479.60000000,1.818
1749264122,1.75200000,5.60000000,1.818
1749264122,1.75100000,5.60000000,1.818
1749264122,1.75000000,881.80000000,1.818
1749264122,1.74900000,5.60000000,1.818
1749264122,1.74800000,1180.40000000,1.818
1749264122,1.74700000,12.80000000,1.818
1749264122,1.74600000,5.50000000,1.818
1749264122,1.74500000,14.00000000,1.818
1749264122,1.74400000,5.60000000,1.818
1749264122,1.74300000,5.60000000,1.818
1749264122,1.74200000,4.10000000,1.818
1749264122,1.74100000,3.10000000,1.818
1749264122,1.74000000,588.40000000,1.818
1749264122,1.73400000,3.50000000,1.818
1749264122,1.73300000,34.90000000,1.818
1749264122,1.73200000,200.40000000,1.818
1749264122,1.73000000,905.70000000,1.818
1749264122,1.72700000,6.40000000,1.818
1749264122,1.72600000,44.60000000,1.818
1749264122,1.71900000,123.70000000,1.818
1749264122,1.71800000,6.70000000,1.818
1749264122,1.71700000,1425.00000000,1.818
1749264122,1.71200000,139.10000000,1.818
1749264122,1.71000000,15.60000000,1.818
1749264122,1.70900000,139.30000000,1.818
1749264122,1.70700000,163.10000000,1.818
1749264122,1.70500000,205.80000000,1.818
1749264122,1.70400000,4.00000000,1.818
1749264122,1.70300000,1108.10000000,1.818
1749264122,1.70000000,5160.50000000,1.818
1749264122,1.69900000,32.80000000,1.818
1749264122,1.69700000,3.10000000,1.818
1749264122,1.69100000,7.60000000,1.818
1749264122,1.68800000,300.00000000,1.818
1749264429,1.82000000,312.30000000,1.821
1749264429,1.81900000,3013.90000000,1.821
1749264429,1.81800000,5839.70000000,1.821
1749264429,1.81700000,7395.80000000,1.821
1749264429,1.81600000,4151.70000000,1.821
1749264429,1.81500000,1834.10000000,1.821
1749264429,1.81400000,4443.80000000,1.821
1749264429,1.81300000,3923.70000000,1.821
1749264429,1.81200000,5192.80000000,1.821
1749264429,1.81100000,4278.10000000,1.821
1749264429,1.81000000,432.40000000,1.821
1749264429,1.80900000,687.80000000,1.821
1749264429,1.80800000,5065.20000000,1.821
1749264429,1.80700000,8043.40000000,1.821
1749264429,1.80600000,7676.40000000,1.821
1749264429,1.80500000,337.40000000,1.821
1749264429,1.80400000,431.20000000,1.821
1749264429,1.80300000,3880.50000000,1.821
1749264429,1.80200000,614.60000000,1.821
1749264429,1.80100000,325.40000000,1.821
1749264429,1.80000000,646.10000000,1.821
1749264429,1.79900000,325.40000000,1.821
1749264429,1.79800000,325.40000000,1.821
1749264429,1.79700000,325.40000000,1.821
1749264429,1.79600000,325.40000000,1.821
1749264429,1.79500000,330.40000000,1.821
1749264429,1.79400000,2963.40000000,1.821
1749264429,1.79300000,20007.60000000,1.821
1749264429,1.79200000,427.00000000,1.821
1749264429,1.79100000,20255.30000000,1.821
1749264429,1.79000000,134.00000000,1.821
1749264429,1.78900000,20214.60000000,1.821
1749264429,1.78800000,907.50000000,1.821
1749264429,1.78700000,20410.70000000,1.821
1749264429,1.78600000,154.10000000,1.821
1749264429,1.78500000,606.50000000,1.821
1749264429,1.78400000,154.10000000,1.821
1749264429,1.78300000,1153.30000000,1.821
1749264429,1.78200000,431.40000000,1.821
1749264429,1.78100000,24.30000000,1.821
1749264429,1.78000000,1086.90000000,1.821
1749264429,1.77900000,5.60000000,1.821
1749264429,1.77800000,5.60000000,1.821
1749264429,1.77700000,5.60000000,1.821
1749264429,1.77600000,5.60000000,1.821
1749264429,1.77500000,386.70000000,1.821
1749264429,1.77400000,10.70000000,1.821
1749264429,1.77300000,5.60000000,1.821
1749264429,1.77200000,5.60000000,1.821
1749264429,1.77100000,5.60000000,1.821
1749264429,1.77000000,5.60000000,1.821
1749264429,1.76900000,5.60000000,1.821
1749264429,1.76800000,5.60000000,1.821
1749264429,1.76700000,5.60000000,1.821
1749264429,1.76600000,939.20000000,1.821
1749264429,1.76500000,17.70000000,1.821
1749264429,1.76400000,10.70000000,1.821
1749264429,1.76300000,5.60000000,1.821
1749264429,1.76200000,12.10000000,1.821
1749264429,1.76100000,5.60000000,1.821
1749264429,1.76000000,67.50000000,1.821
1749264429,1.75900000,206.10000000,1.821
1749264429,1.75800000,5.60000000,1.821
1749264429,1.75700000,5.60000000,1.821
1749264429,1.75600000,19.30000000,1.821
1749264429,1.75500000,5.60000000,1.821
1749264429,1.75400000,17.20000000,1.821
1749264429,1.75300000,479.60000000,1.821
1749264429,1.75200000,5.60000000,1.821
1749264429,1.75100000,5.60000000,1.821
1749264429,1.75000000,881.80000000,1.821
1749264429,1.74900000,5.60000000,1.821
1749264429,1.74800000,1180.40000000,1.821
1749264429,1.74700000,12.80000000,1.821
1749264429,1.74600000,5.50000000,1.821
1749264429,1.74500000,14.00000000,1.821
1749264429,1.74200000,4.10000000,1.821
1749264429,1.74100000,3.10000000,1.821
1749264429,1.74000000,588.40000000,1.821
1749264429,1.73400000,3.50000000,1.821
1749264429,1.73300000,34.90000000,1.821
1749264429,1.73200000,200.40000000,1.821
1749264429,1.73000000,905.70000000,1.821
1749264429,1.72700000,6.40000000,1.821
1749264429,1.72600000,44.60000000,1.821
1749264429,1.71900000,123.70000000,1.821
1749264429,1.71800000,6.70000000,1.821
1749264429,1.71700000,1425.00000000,1.821
1749264429,1.71200000,139.10000000,1.821
1749264429,1.71000000,15.60000000,1.821
1749264429,1.70900000,139.30000000,1.821
1749264429,1.70700000,163.60000000,1.821
1749264429,1.70500000,205.80000000,1.821
1749264429,1.70400000,4.00000000,1.821
1749264429,1.70300000,1108.10000000,1.821
1749264429,1.70000000,5160.50000000,1.821
1749264429,1.69900000,32.80000000,1.821
1749264429,1.69700000,3.10000000,1.821
1749264429,1.69100000,7.60000000,1.821
1749264429,1.68800000,300.00000000,1.821
1749264730,1.82200000,560.40000000,1.822
1749264730,1.82100000,3053.20000000,1.822
1749264730,1.82000000,6635.60000000,1.822
1749264730,1.81900000,6469.80000000,1.822
1749264730,1.81800000,2729.00000000,1.822
1749264730,1.81700000,1688.40000000,1.822
1749264730,1.81600000,1480.50000000,1.822
1749264730,1.81500000,4708.20000000,1.822
1749264730,1.81400000,5374.90000000,1.822
1749264730,1.81300000,2473.60000000,1.822
1749264730,1.81200000,848.40000000,1.822
1749264730,1.81100000,4401.00000000,1.822
1749264730,1.81000000,656.00000000,1.822
1749264730,1.80900000,948.70000000,1.822
1749264730,1.80800000,12404.00000000,1.822
1749264730,1.80700000,7781.80000000,1.822
1749264730,1.80600000,329.60000000,1.822
1749264730,1.80500000,337.40000000,1.822
1749264730,1.80400000,329.60000000,1.822
1749264730,1.80300000,3880.50000000,1.822
1749264730,1.80200000,614.30000000,1.822
1749264730,1.80100000,325.40000000,1.822
1749264730,1.80000000,574.70000000,1.822
1749264730,1.79900000,396.90000000,1.822
1749264730,1.79800000,325.40000000,1.822
1749264730,1.79700000,325.40000000,1.822
1749264730,1.79600000,325.40000000,1.822
1749264730,1.79500000,20021.00000000,1.822
1749264730,1.79400000,2963.40000000,1.822
1749264730,1.79300000,20452.90000000,1.822
1749264730,1.79200000,699.40000000,1.822
1749264730,1.79100000,19983.00000000,1.822
1749264730,1.79000000,134.00000000,1.822
1749264730,1.78900000,20214.60000000,1.822
1749264730,1.78800000,805.90000000,1.822
1749264730,1.78700000,354.50000000,1.822
1749264730,1.78600000,154.10000000,1.822
1749264730,1.78500000,159.20000000,1.822
1749264730,1.78400000,154.10000000,1.822
1749264730,1.78300000,1153.30000000,1.822
1749264730,1.78200000,431.20000000,1.822
1749264730,1.78100000,24.30000000,1.822
1749264730,1.78000000,938.40000000,1.822
1749264730,1.77900000,107.10000000,1.822
1749264730,1.77800000,5.60000000,1.822
1749264730,1.77700000,5.60000000,1.822
1749264730,1.77600000,5.60000000,1.822
1749264730,1.77500000,285.20000000,1.822
1749264730,1.77400000,112.20000000,1.822
1749264730,1.77300000,5.60000000,1.822
1749264730,1.77200000,5.60000000,1.822
1749264730,1.77100000,5.60000000,1.822
1749264730,1.77000000,5.60000000,1.822
1749264730,1.76900000,5.60000000,1.822
1749264730,1.76800000,5.60000000,1.822
1749264730,1.76700000,5.60000000,1.822
1749264730,1.76600000,939.20000000,1.822
1749264730,1.76500000,17.70000000,1.822
1749264730,1.76400000,10.70000000,1.822
1749264730,1.76300000,5.60000000,1.822
1749264730,1.76200000,12.10000000,1.822
1749264730,1.76100000,5.60000000,1.822
1749264730,1.76000000,64.10000000,1.822
1749264730,1.75900000,206.10000000,1.822
1749264730,1.75800000,5.60000000,1.822
1749264730,1.75700000,5.60000000,1.822
1749264730,1.75600000,19.30000000,1.822
1749264730,1.75500000,5.60000000,1.822
1749264730,1.75400000,17.20000000,1.822
1749264730,1.75300000,479.60000000,1.822
1749264730,1.75200000,5.60000000,1.822
1749264730,1.75100000,5.60000000,1.822
1749264730,1.75000000,881.80000000,1.822
1749264730,1.74900000,5.60000000,1.822
1749264730,1.74800000,1180.40000000,1.822
1749264730,1.74700000,12.80000000,1.822
1749264730,1.74500000,8.40000000,1.822
1749264730,1.74200000,4.10000000,1.822
1749264730,1.74100000,3.10000000,1.822
1749264730,1.74000000,588.40000000,1.822
1749264730,1.73400000,3.50000000,1.822
1749264730,1.73300000,34.90000000,1.822
1749264730,1.73200000,200.40000000,1.822
1749264730,1.73000000,905.70000000,1.822
1749264730,1.72700000,6.40000000,1.822
1749264730,1.72600000,44.60000000,1.822
1749264730,1.71900000,123.70000000,1.822
1749264730,1.71800000,6.70000000,1.822
1749264730,1.71700000,1425.00000000,1.822
1749264730,1.71200000,139.10000000,1.822
1749264730,1.71000000,15.60000000,1.822
1749264730,1.70900000,139.30000000,1.822
1749264730,1.70700000,163.60000000,1.822
1749264730,1.70500000,200.50000000,1.822
1749264730,1.70400000,4.00000000,1.822
1749264730,1.70300000,1108.10000000,1.822
1749264730,1.70000000,5160.50000000,1.822
1749264730,1.69900000,32.80000000,1.822
1749264730,1.69700000,3.10000000,1.822
1749264730,1.69100000,7.60000000,1.822
1749265032,1.82700000,416.20000000,1.828
1749265032,1.82600000,2918.10000000,1.828
1749265032,1.82500000,7853.50000000,1.828
1749265032,1.82400000,5534.70000000,1.828
1749265032,1.82300000,2210.60000000,1.828
1749265032,1.82200000,2522.40000000,1.828
1749265032,1.82100000,2194.70000000,1.828
1749265032,1.82000000,4494.40000000,1.828
1749265032,1.81900000,2252.60000000,1.828
1749265032,1.81800000,3222.90000000,1.828
1749265032,1.81700000,907.80000000,1.828
1749265032,1.81600000,870.90000000,1.828
1749265032,1.81500000,4452.90000000,1.828
1749265032,1.81400000,12020.90000000,1.828
1749265032,1.81300000,7615.80000000,1.828
1749265032,1.81200000,384.20000000,1.828
1749265032,1.81100000,329.60000000,1.828
1749265032,1.81000000,432.40000000,1.828
1749265032,1.80900000,3911.30000000,1.828
1749265032,1.80800000,274.50000000,1.828
1749265032,1.80700000,325.40000000,1.828
1749265032,1.80600000,597.20000000,1.828
1749265032,1.80500000,434.50000000,1.828
1749265032,1.80400000,768.00000000,1.828
1749265032,1.80300000,396.70000000,1.828
1749265032,1.80200000,342.00000000,1.828
1749265032,1.80100000,19979.10000000,1.828
1749265032,1.80000000,574.40000000,1.828
1749265032,1.79900000,19935.80000000,1.828
1749265032,1.79800000,874.20000000,1.828
1749265032,1.79700000,19790.20000000,1.828
1749265032,1.79600000,295.40000000,1.828
1749265032,1.79500000,20505.60000000,1.828
1749265032,1.79400000,2452.80000000,1.828
1749265032,1.79300000,128.30000000,1.828
1749265032,1.79200000,430.10000000,1.828
1749265032,1.79100000,158.30000000,1.828
1749265032,1.79000000,134.00000000,1.828
1749265032,1.78900000,711.60000000,1.828
1749265032,1.78800000,445.00000000,1.828
1749265032,1.78700000,477.80000000,1.828
1749265032,1.78600000,5.60000000,1.828
1749265032,1.78500000,10.70000000,1.828
1749265032,1.78400000,5.60000000,1.828
1749265032,1.78300000,5.60000000,1.828
1749265032,1.78200000,10.40000000,1.828
1749265032,1.78100000,24.30000000,1.828
1749265032,1.78000000,1039.70000000,1.828
1749265032,1.77900000,5.60000000,1.828
1749265032,1.77800000,5.60000000,1.828
1749265032,1.77700000,5.60000000,1.828
1749265032,1.77600000,5.60000000,1.828
1749265032,1.77500000,12.80000000,1.828
1749265032,1.77400000,10.70000000,1.828
1749265032,1.77300000,5.60000000,1.828
1749265032,1.77200000,5.60000000,1.828
1749265032,1.77100000,5.60000000,1.828
1749265032,1.77000000,5.60000000,1.828
1749265032,1.76900000,5.60000000,1.828
1749265032,1.76800000,5.60000000,1.828
1749265032,1.76700000,5.60000000,1.828
1749265032,1.76600000,939.20000000,1.828
1749265032,1.76500000,17.70000000,1.828
1749265032,1.76400000,10.70000000,1.828
1749265032,1.76300000,5.60000000,1.828
1749265032,1.76200000,1197.50000000,1.828
1749265032,1.76100000,5.60000000,1.828
1749265032,1.76000000,64.10000000,1.828
1749265032,1.75900000,206.10000000,1.828
1749265032,1.75800000,5.60000000,1.828
1749265032,1.75700000,5.60000000,1.828
1749265032,1.75600000,19.30000000,1.828
1749265032,1.75500000,5.60000000,1.828
1749265032,1.75400000,17.20000000,1.828
1749265032,1.75300000,479.60000000,1.828
1749265032,1.75200000,5.50000000,1.828
1749265032,1.75000000,876.20000000,1.828
1749265032,1.74700000,7.30000000,1.828
1749265032,1.74500000,8.40000000,1.828
1749265032,1.74200000,4.10000000,1.828
1749265032,1.74100000,3.10000000,1.828
1749265032,1.74000000,588.40000000,1.828
1749265032,1.73400000,3.50000000,1.828
1749265032,1.73300000,34.90000000,1.828
1749265032,1.73200000,200.40000000,1.828
1749265032,1.73000000,905.70000000,1.828
1749265032,1.72700000,6.40000000,1.828
1749265032,1.72600000,44.60000000,1.828
1749265032,1.71900000,123.70000000,1.828
1749265032,1.71800000,6.70000000,1.828
1749265032,1.71700000,1425.00000000,1.828
1749265032,1.71500000,140.60000000,1.828
1749265032,1.71200000,139.10000000,1.828
1749265032,1.71000000,15.60000000,1.828
1749265032,1.70900000,139.30000000,1.828
1749265032,1.70700000,24.20000000,1.828
1749265032,1.70500000,200.50000000,1.828
1749265032,1.70400000,4.00000000,1.828
1749265032,1.70300000,1108.10000000,1.828
1749265032,1.70000000,5160.50000000,1.828
1749265334,1.82200000,44.10000000,1.822
1749265334,1.82100000,4442.20000000,1.822
1749265334,1.82000000,5513.40000000,1.822
1749265334,1.81900000,3761.30000000,1.822
1749265334,1.81800000,1844.00000000,1.822
1749265334,1.81700000,4762.90000000,1.822
1749265334,1.81600000,3719.60000000,1.822
1749265334,1.81500000,716.90000000,1.822
1749265334,1.81400000,4156.00000000,1.822
1749265334,1.81300000,349.20000000,1.822
1749265334,1.81200000,2493.60000000,1.822
1749265334,1.81100000,5010.90000000,1.822
1749265334,1.81000000,880.70000000,1.822
1749265334,1.80900000,329.60000000,1.822
1749265334,1.80800000,836.40000000,1.822
1749265334,1.80700000,325.40000000,1.822
1749265334,1.80600000,7077.20000000,1.822
1749265334,1.80500000,333.20000000,1.822
1749265334,1.80400000,3876.30000000,1.822
1749265334,1.80300000,601.00000000,1.822
1749265334,1.80200000,514.90000000,1.822
1749265334,1.80100000,325.40000000,1.822
1749265334,1.80000000,473.20000000,1.822
1749265334,1.79900000,325.40000000,1.822
1749265334,1.79800000,602.40000000,1.822
1749265334,1.79700000,158.30000000,1.822
1749265334,1.79600000,158.30000000,1.822
1749265334,1.79500000,163.30000000,1.822
1749265334,1.79400000,2351.30000000,1.822
1749265334,1.79300000,20365.90000000,1.822
1749265334,1.79200000,158.30000000,1.822
1749265334,1.79100000,19986.40000000,1.822
1749265334,1.79000000,134.00000000,1.822
1749265334,1.78900000,19848.90000000,1.822
1749265334,1.78800000,802.60000000,1.822
1749265334,1.78700000,20317.60000000,1.822
1749265334,1.78600000,5.60000000,1.822
1749265334,1.78500000,10.70000000,1.822
1749265334,1.78400000,445.00000000,1.822
1749265334,1.78300000,709.30000000,1.822
1749265334,1.78200000,111.90000000,1.822
1749265334,1.78100000,445.60000000,1.822
1749265334,1.78000000,1086.90000000,1.822
1749265334,1.77900000,5.60000000,1.822
1749265334,1.77800000,5.60000000,1.822
1749265334,1.77700000,5.60000000,1.822
1749265334,1.77600000,154.10000000,1.822
1749265334,1.77500000,387.20000000,1.822
1749265334,1.77400000,10.70000000,1.822
1749265334,1.77300000,5.60000000,1.822
1749265334,1.77200000,5.60000000,1.822
1749265334,1.77100000,5.60000000,1.822
1749265334,1.77000000,5.60000000,1.822
1749265334,1.76900000,5.60000000,1.822
1749265334,1.76800000,5.60000000,1.822
1749265334,1.76700000,5.60000000,1.822
1749265334,1.76600000,939.20000000,1.822
1749265334,1.76500000,17.70000000,1.822
1749265334,1.76400000,10.70000000,1.822
1749265334,1.76300000,5.60000000,1.822
1749265334,1.76200000,1197.50000000,1.822
1749265334,1.76100000,5.60000000,1.822
1749265334,1.76000000,64.10000000,1.822
1749265334,1.75900000,206.10000000,1.822
1749265334,1.75800000,5.60000000,1.822
1749265334,1.75700000,5.60000000,1.822
1749265334,1.75600000,19.30000000,1.822
1749265334,1.75500000,5.60000000,1.822
1749265334,1.75400000,17.20000000,1.822
1749265334,1.75300000,479.60000000,1.822
1749265334,1.75200000,5.50000000,1.822
1749265334,1.75100000,5.50000000,1.822
1749265334,1.75000000,881.70000000,1.822
1749265334,1.74900000,5.50000000,1.822
1749265334,1.74800000,5.50000000,1.822
1749265334,1.74700000,12.80000000,1.822
1749265334,1.74500000,8.40000000,1.822
1749265334,1.74200000,4.10000000,1.822
1749265334,1.74100000,3.10000000,1.822
1749265334,1.74000000,588.40000000,1.822
1749265334,1.73400000,3.50000000,1.822
1749265334,1.73300000,34.90000000,1.822
1749265334,1.73200000,200.40000000,1.822
1749265334,1.73000000,905.70000000,1.822
1749265334,1.72700000,6.40000000,1.822
1749265334,1.72600000,44.60000000,1.822
1749265334,1.71900000,123.70000000,1.822
1749265334,1.71800000,6.70000000,1.822
1749265334,1.71700000,1425.00000000,1.822
1749265334,1.71500000,140.10000000,1.822
1749265334,1.71200000,139.10000000,1.822
1749265334,1.71000000,15.60000000,1.822
1749265334,1.70900000,139.30000000,1.822
1749265334,1.70700000,24.20000000,1.822
1749265334,1.70500000,200.50000000,1.822
1749265334,1.70400000,4.00000000,1.822
1749265334,1.70300000,1108.10000000,1.822
1749265334,1.70000000,5160.50000000,1.822
1749265334,1.69900000,32.80000000,1.822
1749265334,1.69700000,3.10000000,1.822
1749265635,1.82300000,479.60000000,1.824
1749265635,1.82200000,4896.10000000,1.824
1749265635,1.82100000,7927.50000000,1.824
1749265635,1.82000000,4655.70000000,1.824
1749265635,1.81900000,1198.80000000,1.824
1749265635,1.81800000,2672.60000000,1.824
1749265635,1.81700000,2387.30000000,1.824
1749265635,1.81600000,5733.70000000,1.824
1749265635,1.81500000,2750.00000000,1.824
1749265635,1.81400000,3932.20000000,1.824
1749265635,1.81300000,329.60000000,1.824
1749265635,1.81200000,485.60000000,1.824
1749265635,1.81100000,5009.10000000,1.824
1749265635,1.81000000,7457.40000000,1.824
1749265635,1.80900000,329.60000000,1.824
1749265635,1.80800000,7572.40000000,1.824
1749265635,1.80700000,325.40000000,1.824
1749265635,1.80600000,325.40000000,1.824
1749265635,1.80500000,333.20000000,1.824
1749265635,1.80400000,3876.30000000,1.824
1749265635,1.80300000,869.70000000,1.824
1749265635,1.80200000,685.80000000,1.824
1749265635,1.80100000,325.40000000,1.824
1749265635,1.80000000,473.20000000,1.824
1749265635,1.79900000,769.20000000,1.824
1749265635,1.79800000,158.30000000,1.824
1749265635,1.79700000,20142.80000000,1.824
1749265635,1.79600000,567.50000000,1.824
1749265635,1.79500000,20178.70000000,1.824
1749265635,1.79400000,2351.30000000,1.824
1749265635,1.79300000,19818.90000000,1.824
1749265635,1.79200000,158.30000000,1.824
1749265635,1.79100000,19848.90000000,1.824
1749265635,1.79000000,134.00000000,1.824
1749265635,1.78900000,1257.00000000,1.824
1749265635,1.78800000,802.60000000,1.824
1749265635,1.78700000,354.50000000,1.824
1749265635,1.78600000,5.60000000,1.824
1749265635,1.78500000,10.70000000,1.824
1749265635,1.78400000,5.60000000,1.824
1749265635,1.78300000,154.10000000,1.824
1749265635,1.78200000,282.80000000,1.824
1749265635,1.78100000,24.30000000,1.824
1749265635,1.78000000,938.40000000,1.824
1749265635,1.77900000,5.60000000,1.824
1749265635,1.77800000,5.60000000,1.824
1749265635,1.77700000,5.60000000,1.824
1749265635,1.77600000,5.60000000,1.824
1749265635,1.77500000,12.80000000,1.824
1749265635,1.77400000,10.70000000,1.824
1749265635,1.77300000,107.10000000,1.824
1749265635,1.77200000,278.00000000,1.824
1749265635,1.77100000,5.60000000,1.824
1749265635,1.77000000,5.60000000,1.824
1749265635,1.76900000,5.60000000,1.824
1749265635,1.76800000,5.60000000,1.824
1749265635,1.76700000,5.60000000,1.824
1749265635,1.76600000,939.20000000,1.824
1749265635,1.76500000,17.70000000,1.824
1749265635,1.76400000,10.70000000,1.824
1749265635,1.76300000,5.60000000,1.824
1749265635,1.76200000,1197.50000000,1.824
1749265635,1.76100000,5.60000000,1.824
1749265635,1.76000000,64.10000000,1.824
1749265635,1.75900000,206.10000000,1.824
1749265635,1.75800000,5.60000000,1.824
1749265635,1.75700000,5.60000000,1.824
1749265635,1.75600000,51.10000000,1.824
1749265635,1.75500000,5.60000000,1.824
1749265635,1.75400000,17.20000000,1.824
1749265635,1.75300000,447.80000000,1.824
1749265635,1.75200000,5.50000000,1.824
1749265635,1.75100000,5.50000000,1.824
1749265635,1.75000000,881.70000000,1.824
1749265635,1.74900000,5.50000000,1.824
1749265635,1.74800000,5.50000000,1.824
1749265635,1.74700000,7.30000000,1.824
1749265635,1.74500000,8.40000000,1.824
1749265635,1.74200000,4.10000000,1.824
1749265635,1.74100000,3.10000000,1.824
1749265635,1.74000000,588.40000000,1.824
1749265635,1.73400000,3.50000000,1.824
1749265635,1.73300000,34.90000000,1.824
1749265635,1.73200000,200.40000000,1.824
1749265635,1.73000000,905.70000000,1.824
1749265635,1.72900000,32.30000000,1.824
1749265635,1.72700000,6.40000000,1.824
1749265635,1.72600000,12.30000000,1.824
1749265635,1.71900000,123.70000000,1.824
1749265635,1.71800000,6.70000000,1.824
1749265635,1.71700000,1425.00000000,1.824
1749265635,1.71500000,140.10000000,1.824
1749265635,1.71200000,139.10000000,1.824
1749265635,1.71000000,15.60000000,1.824
1749265635,1.70900000,139.30000000,1.824
1749265635,1.70700000,24.20000000,1.824
1749265635,1.70500000,200.50000000,1.824
1749265635,1.70400000,4.00000000,1.824
1749265635,1.70300000,1108.10000000,1.824
1749265635,1.70100000,32.80000000,1.824
1749265937,1.82600000,1323.70000000,1.827
1749265937,1.82500000,3914.00000000,1.827
1749265937,1.82400000,8041.10000000,1.827
1749265937,1.82300000,5806.40000000,1.827
1749265937,1.82200000,1824.70000000,1.827
1749265937,1.82100000,1355.40000000,1.827
1749265937,1.82000000,9014.10000000,1.827
1749265937,1.81900000,4630.30000000,1.827
1749265937,1.81800000,2774.40000000,1.827
1749265937,1.81700000,822.70000000,1.827
1749265937,1.81600000,3834.90000000,1.827
1749265937,1.81500000,3898.50000000,1.827
1749265937,1.81400000,588.40000000,1.827
1749265937,1.81300000,7421.50000000,1.827
1749265937,1.81200000,7282.40000000,1.827
1749265937,1.81100000,4749.90000000,1.827
1749265937,1.81000000,534.10000000,1.827
1749265937,1.80900000,329.60000000,1.827
1749265937,1.80800000,274.50000000,1.827
1749265937,1.80700000,597.70000000,1.827
1749265937,1.80600000,325.40000000,1.827
1749265937,1.80500000,333.20000000,1.827
1749265937,1.80400000,3876.30000000,1.827
1749265937,1.80300000,1211.00000000,1.827
1749265937,1.80200000,685.50000000,1.827
1749265937,1.80100000,325.40000000,1.827
1749265937,1.80000000,473.20000000,1.827
1749265937,1.79900000,20968.10000000,1.827
1749265937,1.79800000,430.60000000,1.827
1749265937,1.79700000,20638.70000000,1.827
1749265937,1.79600000,295.40000000,1.827
1749265937,1.79500000,20825.60000000,1.827
1749265937,1.79400000,2351.30000000,1.827
1749265937,1.79300000,19920.20000000,1.827
1749265937,1.79200000,158.30000000,1.827
1749265937,1.79100000,430.70000000,1.827
1749265937,1.79000000,134.00000000,1.827
1749265937,1.78900000,1155.60000000,1.827
1749265937,1.78800000,154.10000000,1.827
1749265937,1.78700000,354.50000000,1.827
1749265937,1.78600000,107.10000000,1.827
1749265937,1.78500000,10.70000000,1.827
1749265937,1.78400000,5.60000000,1.827
1749265937,1.78300000,154.10000000,1.827
1749265937,1.78200000,10.40000000,1.827
1749265937,1.78100000,24.30000000,1.827
1749265937,1.78000000,938.40000000,1.827
1749265937,1.77900000,5.60000000,1.827
1749265937,1.77800000,5.60000000,1.827
1749265937,1.77700000,5.60000000,1.827
1749265937,1.77600000,5.60000000,1.827
1749265937,1.77500000,12.80000000,1.827
1749265937,1.77400000,10.70000000,1.827
1749265937,1.77300000,5.60000000,1.827
1749265937,1.77200000,5.60000000,1.827
1749265937,1.77100000,5.60000000,1.827
1749265937,1.77000000,5.60000000,1.827
1749265937,1.76900000,5.60000000,1.827
1749265937,1.76800000,5.60000000,1.827
1749265937,1.76700000,5.60000000,1.827
1749265937,1.76600000,939.20000000,1.827
1749265937,1.76500000,17.70000000,1.827
1749265937,1.76400000,10.70000000,1.827
1749265937,1.76300000,5.60000000,1.827
1749265937,1.76200000,1197.50000000,1.827
1749265937,1.76100000,5.60000000,1.827
1749265937,1.76000000,64.10000000,1.827
1749265937,1.75900000,206.10000000,1.827
1749265937,1.75800000,5.60000000,1.827
1749265937,1.75700000,5.60000000,1.827
1749265937,1.75600000,51.10000000,1.827
1749265937,1.75500000,5.60000000,1.827
1749265937,1.75400000,17.20000000,1.827
1749265937,1.75300000,447.80000000,1.827
1749265937,1.75200000,5.50000000,1.827
1749265937,1.75100000,5.50000000,1.827
1749265937,1.75000000,876.20000000,1.827
1749265937,1.74700000,7.30000000,1.827
1749265937,1.74500000,8.40000000,1.827
1749265937,1.74200000,4.10000000,1.827
1749265937,1.74100000,3.10000000,1.827
1749265937,1.74000000,588.40000000,1.827
1749265937,1.73400000,3.50000000,1.827
1749265937,1.73300000,34.90000000,1.827
1749265937,1.73200000,200.40000000,1.827
1749265937,1.73000000,905.70000000,1.827
1749265937,1.72900000,32.30000000,1.827
1749265937,1.72700000,6.40000000,1.827
1749265937,1.72600000,12.30000000,1.827
1749265937,1.71900000,123.70000000,1.827
1749265937,1.71800000,6.70000000,1.827
1749265937,1.71700000,1425.00000000,1.827
1749265937,1.71500000,140.10000000,1.827
1749265937,1.71200000,139.10000000,1.827
1749265937,1.71000000,15.60000000,1.827
1749265937,1.70900000,137.70000000,1.827
1749265937,1.70700000,24.20000000,1.827
1749265937,1.70500000,200.50000000,1.827
1749265937,1.70400000,4.00000000,1.827
1749265937,1.70300000,1108.10000000,1.827
1749266239,1.82700000,304.30000000,1.827
1749266239,1.82600000,3125.70000000,1.827
1749266239,1.82500000,6961.10000000,1.827
1749266239,1.82400000,4889.90000000,1.827
1749266239,1.82300000,5767.20000000,1.827
1749266239,1.82200000,681.50000000,1.827
1749266239,1.82100000,4217.70000000,1.827
1749266239,1.82000000,13691.10000000,1.827
1749266239,1.81900000,1979.70000000,1.827
1749266239,1.81800000,726.00000000,1.827
1749266239,1.81700000,3932.20000000,1.827
1749266239,1.81600000,987.70000000,1.827
1749266239,1.81500000,295.90000000,1.827
1749266239,1.81400000,11843.80000000,1.827
1749266239,1.81300000,329.60000000,1.827
1749266239,1.81200000,7219.80000000,1.827
1749266239,1.81100000,430.90000000,1.827
1749266239,1.81000000,3983.30000000,1.827
1749266239,1.80900000,329.60000000,1.827
1749266239,1.80800000,984.20000000,1.827
1749266239,1.80700000,325.40000000,1.827
1749266239,1.80600000,396.60000000,1.827
1749266239,1.80500000,333.20000000,1.827
1749266239,1.80400000,325.40000000,1.827
1749266239,1.80300000,768.20000000,1.827
1749266239,1.80200000,443.30000000,1.827
1749266239,1.80100000,21127.70000000,1.827
1749266239,1.80000000,473.20000000,1.827
1749266239,1.79900000,20866.60000000,1.827
1749266239,1.79800000,158.30000000,1.827
1749266239,1.79700000,20638.70000000,1.827
1749266239,1.79600000,295.40000000,1.827
1749266239,1.79500000,20825.60000000,1.827
1749266239,1.79400000,2790.70000000,1.827
1749266239,1.79300000,229.60000000,1.827
1749266239,1.79200000,158.30000000,1.827
1749266239,1.79100000,430.70000000,1.827
1749266239,1.79000000,134.00000000,1.827
1749266239,1.78900000,716.20000000,1.827
1749266239,1.78800000,154.10000000,1.827
1749266239,1.78700000,206.00000000,1.827
1749266239,1.78600000,107.10000000,1.827
1749266239,1.78500000,10.70000000,1.827
1749266239,1.78400000,277.90000000,1.827
1749266239,1.78300000,5.60000000,1.827
1749266239,1.78200000,10.40000000,1.827
1749266239,1.78100000,24.30000000,1.827
1749266239,1.78000000,938.40000000,1.827
1749266239,1.77900000,5.60000000,1.827
1749266239,1.77800000,5.60000000,1.827
1749266239,1.77700000,5.60000000,1.827
1749266239,1.77600000,5.60000000,1.827
1749266239,1.77500000,12.80000000,1.827
1749266239,1.77400000,10.70000000,1.827
1749266239,1.77300000,5.60000000,1.827
1749266239,1.77200000,5.60000000,1.827
1749266239,1.77100000,5.60000000,1.827
1749266239,1.77000000,5.60000000,1.827
1749266239,1.76900000,5.60000000,1.827
1749266239,1.76800000,5.60000000,1.827
1749266239,1.76700000,5.60000000,1.827
1749266239,1.76600000,939.20000000,1.827
1749266239,1.76500000,17.70000000,1.827
1749266239,1.76400000,10.70000000,1.827
1749266239,1.76300000,5.60000000,1.827
1749266239,1.76200000,1197.50000000,1.827
1749266239,1.76100000,5.60000000,1.827
1749266239,1.76000000,64.10000000,1.827
1749266239,1.75900000,206.10000000,1.827
1749266239,1.75800000,5.60000000,1.827
1749266239,1.75700000,5.60000000,1.827
1749266239,1.75600000,51.10000000,1.827
1749266239,1.75500000,5.60000000,1.827
1749266239,1.75400000,17.20000000,1.827
1749266239,1.75300000,447.70000000,1.827
1749266239,1.75200000,5.50000000,1.827
1749266239,1.75000000,876.20000000,1.827
1749266239,1.74700000,7.30000000,1.827
1749266239,1.74500000,8.40000000,1.827
1749266239,1.74200000,4.10000000,1.827
1749266239,1.74100000,3.10000000,1.827
1749266239,1.74000000,588.40000000,1.827
1749266239,1.73400000,3.50000000,1.827
1749266239,1.73300000,34.90000000,1.827
1749266239,1.73200000,200.40000000,1.827
1749266239,1.73000000,905.70000000,1.827
1749266239,1.72900000,32.30000000,1.827
1749266239,1.72700000,6.40000000,1.827
1749266239,1.72600000,12.30000000,1.827
1749266239,1.71900000,123.70000000,1.827
1749266239,1.71800000,6.70000000,1.827
1749266239,1.71700000,1425.00000000,1.827
1749266239,1.71500000,140.10000000,1.827
1749266239,1.71200000,139.10000000,1.827
1749266239,1.71000000,15.60000000,1.827
1749266239,1.70900000,137.70000000,1.827
1749266239,1.70700000,24.20000000,1.827
1749266239,1.70500000,200.50000000,1.827
1749266239,1.70400000,4.00000000,1.827
1749266239,1.70300000,1108.10000000,1.827
1749266540,1.82300000,483.30000000,1.824
1749266540,1.82200000,5389.70000000,1.824
1749266540,1.82100000,7279.20000000,1.824
1749266540,1.82000000,7116.40000000,1.824
1749266540,1.81900000,4804.30000000,1.824
1749266540,1.81800000,3596.60000000,1.824
1749266540,1.81700000,2204.20000000,1.824
1749266540,1.81600000,6622.90000000,1.824
1749266540,1.81500000,2356.10000000,1.824
1749266540,1.81400000,4872.60000000,1.824
1749266540,1.81300000,329.60000000,1.824
1749266540,1.81200000,439.20000000,1.824
1749266540,1.81100000,590.30000000,1.824
1749266540,1.81000000,4014.10000000,1.824
1749266540,1.80900000,6854.60000000,1.824
1749266540,1.80800000,542.60000000,1.824
1749266540,1.80700000,6850.40000000,1.824
1749266540,1.80600000,396.60000000,1.824
1749266540,1.80500000,434.80000000,1.824
1749266540,1.80400000,598.10000000,1.824
1749266540,1.80300000,768.20000000,1.824
1749266540,1.80200000,342.00000000,1.824
1749266540,1.80100000,426.90000000,1.824
1749266540,1.80000000,473.20000000,1.824
1749266540,1.79900000,325.40000000,1.824
1749266540,1.79800000,875.10000000,1.824
1749266540,1.79700000,20638.70000000,1.824
1749266540,1.79600000,295.40000000,1.824
1749266540,1.79500000,20825.60000000,1.824
1749266540,1.79400000,2351.30000000,1.824
1749266540,1.79300000,20143.70000000,1.824
1749266540,1.79200000,158.30000000,1.824
1749266540,1.79100000,20173.70000000,1.824
1749266540,1.79000000,674.90000000,1.824
1749266540,1.78900000,716.20000000,1.824
1749266540,1.78800000,154.10000000,1.824
1749266540,1.78700000,626.90000000,1.824
1749266540,1.78600000,5.60000000,1.824
1749266540,1.78500000,10.70000000,1.824
1749266540,1.78400000,154.10000000,1.824
1749266540,1.78300000,278.30000000,1.824
1749266540,1.78200000,10.40000000,1.824
1749266540,1.78100000,125.90000000,1.824
1749266540,1.78000000,938.40000000,1.824
1749266540,1.77900000,5.60000000,1.824
1749266540,1.77800000,5.60000000,1.824
1749266540,1.77700000,5.60000000,1.824
1749266540,1.77600000,5.60000000,1.824
1749266540,1.77500000,12.80000000,1.824
1749266540,1.77400000,10.70000000,1.824
1749266540,1.77300000,5.60000000,1.824
1749266540,1.77200000,5.60000000,1.824
1749266540,1.77100000,5.60000000,1.824
1749266540,1.77000000,5.60000000,1.824
1749266540,1.76900000,5.60000000,1.824
1749266540,1.76800000,5.60000000,1.824
1749266540,1.76700000,5.60000000,1.824
1749266540,1.76600000,939.20000000,1.824
1749266540,1.76500000,17.70000000,1.824
1749266540,1.76400000,10.70000000,1.824
1749266540,1.76300000,5.60000000,1.824
1749266540,1.76200000,1197.50000000,1.824
1749266540,1.76100000,5.60000000,1.824
1749266540,1.76000000,64.10000000,1.824
1749266540,1.75900000,206.10000000,1.824
1749266540,1.75800000,5.60000000,1.824
1749266540,1.75700000,5.60000000,1.824
1749266540,1.75600000,51.10000000,1.824
1749266540,1.75500000,5.60000000,1.824
1749266540,1.75400000,17.20000000,1.824
1749266540,1.75300000,447.70000000,1.824
1749266540,1.75200000,5.50000000,1.824
1749266540,1.75100000,5.50000000,1.824
1749266540,1.75000000,881.70000000,1.824
1749266540,1.74900000,5.50000000,1.824
1749266540,1.74800000,5.50000000,1.824
1749266540,1.74700000,7.30000000,1.824
1749266540,1.74500000,8.40000000,1.824
1749266540,1.74200000,4.10000000,1.824
1749266540,1.74100000,3.10000000,1.824
1749266540,1.74000000,588.40000000,1.824
1749266540,1.73400000,3.50000000,1.824
1749266540,1.73300000,34.90000000,1.824
1749266540,1.73200000,200.40000000,1.824
1749266540,1.73000000,905.70000000,1.824
1749266540,1.72900000,32.30000000,1.824
1749266540,1.72700000,6.40000000,1.824
1749266540,1.72600000,12.30000000,1.824
1749266540,1.71900000,123.70000000,1.824
1749266540,1.71800000,6.70000000,1.824
1749266540,1.71700000,1425.00000000,1.824
1749266540,1.71500000,140.10000000,1.824
1749266540,1.71200000,139.10000000,1.824
1749266540,1.71000000,15.60000000,1.824
1749266540,1.70900000,141.70000000,1.824
1749266540,1.70700000,24.20000000,1.824
1749266540,1.70500000,200.50000000,1.824
1749266540,1.70400000,4.00000000,1.824
1749266540,1.70300000,1108.10000000,1.824
1749266540,1.70100000,32.80000000,1.824
1749266842,1.82700000,268.70000000,1.828
1749266842,1.82600000,3252.10000000,1.828
1749266842,1.82500000,7682.80000000,1.828
1749266842,1.82400000,5964.80000000,1.828
1749266842,1.82300000,3118.60000000,1.828
1749266842,1.82200000,981.10000000,1.828
1749266842,1.82100000,5614.70000000,1.828
1749266842,1.82000000,8922.40000000,1.828
1749266842,1.81900000,1222.90000000,1.828
1749266842,1.81800000,4206.20000000,1.828
1749266842,1.81700000,452.10000000,1.828
1749266842,1.81600000,1334.20000000,1.828
1749266842,1.81500000,350.50000000,1.828
1749266842,1.81400000,11520.00000000,1.828
1749266842,1.81300000,6847.50000000,1.828
1749266842,1.81200000,439.20000000,1.828
1749266842,1.81100000,329.60000000,1.828
1749266842,1.81000000,4115.40000000,1.828
1749266842,1.80900000,329.60000000,1.828
1749266842,1.80800000,270.30000000,1.828
1749266842,1.80700000,767.20000000,1.828
1749266842,1.80600000,668.70000000,1.828
1749266842,1.80500000,333.20000000,1.828
1749266842,1.80400000,325.40000000,1.828
1749266842,1.80300000,1141.80000000,1.828
1749266842,1.80200000,342.00000000,1.828
1749266842,1.80100000,20741.50000000,1.828
1749266842,1.80000000,473.20000000,1.828
1749266842,1.79900000,20876.40000000,1.828
1749266842,1.79800000,158.30000000,1.828
1749266842,1.79700000,20638.70000000,1.828
1749266842,1.79600000,295.40000000,1.828
1749266842,1.79500000,20825.60000000,1.828
1749266842,1.79400000,2351.30000000,1.828
1749266842,1.79300000,128.30000000,1.828
1749266842,1.79200000,430.40000000,1.828
1749266842,1.79100000,158.30000000,1.828
1749266842,1.79000000,573.40000000,1.828
1749266842,1.78900000,716.20000000,1.828
1749266842,1.78800000,157.50000000,1.828
1749266842,1.78700000,206.00000000,1.828
1749266842,1.78600000,5.60000000,1.828
1749266842,1.78500000,10.70000000,1.828
1749266842,1.78400000,107.00000000,1.828
1749266842,1.78300000,278.30000000,1.828
1749266842,1.78200000,10.40000000,1.828
1749266842,1.78100000,24.30000000,1.828
1749266842,1.78000000,938.40000000,1.828
1749266842,1.77900000,5.60000000,1.828
1749266842,1.77800000,5.60000000,1.828
1749266842,1.77700000,5.60000000,1.828
1749266842,1.77600000,5.60000000,1.828
1749266842,1.77500000,12.80000000,1.828
1749266842,1.77400000,10.70000000,1.828
1749266842,1.77300000,5.60000000,1.828
1749266842,1.77200000,5.60000000,1.828
1749266842,1.77100000,5.60000000,1.828
1749266842,1.77000000,5.60000000,1.828
1749266842,1.76900000,5.60000000,1.828
1749266842,1.76800000,5.60000000,1.828
1749266842,1.76700000,5.60000000,1.828
1749266842,1.76600000,939.20000000,1.828
1749266842,1.76500000,17.70000000,1.828
1749266842,1.76400000,10.70000000,1.828
1749266842,1.76300000,5.60000000,1.828
1749266842,1.76200000,1197.50000000,1.828
1749266842,1.76100000,5.60000000,1.828
1749266842,1.76000000,64.10000000,1.828
1749266842,1.75900000,206.10000000,1.828
1749266842,1.75800000,5.60000000,1.828
1749266842,1.75700000,5.60000000,1.828
1749266842,1.75600000,51.10000000,1.828
1749266842,1.75500000,5.60000000,1.828
1749266842,1.75400000,17.20000000,1.828
1749266842,1.75300000,447.70000000,1.828
1749266842,1.75200000,5.50000000,1.828
1749266842,1.75100000,4.60000000,1.828
1749266842,1.75000000,876.20000000,1.828
1749266842,1.74700000,7.30000000,1.828
1749266842,1.74500000,8.40000000,1.828
1749266842,1.74200000,4.10000000,1.828
1749266842,1.74100000,3.10000000,1.828
1749266842,1.74000000,588.40000000,1.828
1749266842,1.73400000,3.50000000,1.828
1749266842,1.73300000,34.90000000,1.828
1749266842,1.73200000,200.40000000,1.828
1749266842,1.73000000,905.70000000,1.828
1749266842,1.72900000,32.30000000,1.828
1749266842,1.72700000,6.40000000,1.828
1749266842,1.72600000,12.30000000,1.828
1749266842,1.71900000,123.70000000,1.828
1749266842,1.71800000,6.70000000,1.828
1749266842,1.71700000,1425.00000000,1.828
1749266842,1.71500000,145.90000000,1.828
1749266842,1.71200000,139.10000000,1.828
1749266842,1.71000000,15.60000000,1.828
1749266842,1.70900000,140.00000000,1.828
1749266842,1.70700000,24.20000000,1.828
1749266842,1.70500000,200.50000000,1.828
1749266842,1.70400000,4.00000000,1.828
1749267144,1.82600000,1490.40000000,1.826
1749267144,1.82500000,4575.10000000,1.826
1749267144,1.82400000,7258.70000000,1.826
1749267144,1.82300000,3637.00000000,1.826
1749267144,1.82200000,2018.00000000,1.826
1749267144,1.82100000,3417.80000000,1.826
1749267144,1.82000000,6629.00000000,1.826
1749267144,1.81900000,2134.20000000,1.826
1749267144,1.81800000,5818.20000000,1.826
1749267144,1.81700000,2485.90000000,1.826
1749267144,1.81600000,1512.80000000,1.826
1749267144,1.81500000,296.00000000,1.826
1749267144,1.81400000,5008.60000000,1.826
1749267144,1.81300000,329.60000000,1.826
1749267144,1.81200000,439.20000000,1.826
1749267144,1.81100000,6847.50000000,1.826
1749267144,1.81000000,3983.30000000,1.826
1749267144,1.80900000,6847.50000000,1.826
1749267144,1.80800000,270.30000000,1.826
1749267144,1.80700000,868.70000000,1.826
1749267144,1.80600000,668.70000000,1.826
1749267144,1.80500000,336.40000000,1.826
1749267144,1.80400000,325.40000000,1.826
1749267144,1.80300000,1040.40000000,1.826
1749267144,1.80200000,342.00000000,1.826
1749267144,1.80100000,325.40000000,1.826
1749267144,1.80000000,473.20000000,1.826
1749267144,1.79900000,325.40000000,1.826
1749267144,1.79800000,259.80000000,1.826
1749267144,1.79700000,20638.70000000,1.826
1749267144,1.79600000,295.40000000,1.826
1749267144,1.79500000,20825.60000000,1.826
1749267144,1.79400000,2351.30000000,1.826
1749267144,1.79300000,20143.70000000,1.826
1749267144,1.79200000,430.40000000,1.826
1749267144,1.79100000,20173.70000000,1.826
1749267144,1.79000000,573.40000000,1.826
1749267144,1.78900000,817.70000000,1.826
1749267144,1.78800000,157.50000000,1.826
1749267144,1.78700000,206.00000000,1.826
1749267144,1.78600000,5.60000000,1.826
1749267144,1.78500000,13.90000000,1.826
1749267144,1.78400000,107.00000000,1.826
1749267144,1.78300000,278.30000000,1.826
1749267144,1.78200000,10.40000000,1.826
1749267144,1.78100000,24.30000000,1.826
1749267144,1.78000000,938.40000000,1.826
1749267144,1.77900000,5.60000000,1.826
1749267144,1.77800000,5.60000000,1.826
1749267144,1.77700000,5.60000000,1.826
1749267144,1.77600000,5.60000000,1.826
1749267144,1.77500000,12.80000000,1.826
1749267144,1.77400000,10.70000000,1.826
1749267144,1.77300000,5.60000000,1.826
1749267144,1.77200000,5.60000000,1.826
1749267144,1.77100000,5.60000000,1.826
1749267144,1.77000000,5.60000000,1.826
1749267144,1.76900000,5.60000000,1.826
1749267144,1.76800000,5.60000000,1.826
1749267144,1.76700000,5.60000000,1.826
1749267144,1.76600000,939.20000000,1.826
1749267144,1.76500000,17.70000000,1.826
1749267144,1.76400000,10.70000000,1.826
1749267144,1.76300000,5.60000000,1.826
1749267144,1.76200000,1197.50000000,1.826
1749267144,1.76100000,5.60000000,1.826
1749267144,1.76000000,64.10000000,1.826
1749267144,1.75900000,206.10000000,1.826
1749267144,1.75800000,5.60000000,1.826
1749267144,1.75700000,5.60000000,1.826
1749267144,1.75600000,51.10000000,1.826
1749267144,1.75500000,5.60000000,1.826
1749267144,1.75400000,17.20000000,1.826
1749267144,1.75300000,447.70000000,1.826
1749267144,1.75200000,5.50000000,1.826
1749267144,1.75100000,10.10000000,1.826
1749267144,1.75000000,876.20000000,1.826
1749267144,1.74700000,7.30000000,1.826
1749267144,1.74500000,8.40000000,1.826
1749267144,1.74200000,4.10000000,1.826
1749267144,1.74100000,3.10000000,1.826
1749267144,1.74000000,588.40000000,1.826
1749267144,1.73400000,3.50000000,1.826
1749267144,1.73300000,34.90000000,1.826
1749267144,1.73200000,200.40000000,1.826
1749267144,1.73000000,905.70000000,1.826
1749267144,1.72900000,32.30000000,1.826
1749267144,1.72700000,6.40000000,1.826
1749267144,1.72600000,12.30000000,1.826
1749267144,1.71900000,123.70000000,1.826
1749267144,1.71800000,146.30000000,1.826
1749267144,1.71700000,1425.00000000,1.826
1749267144,1.71500000,145.90000000,1.826
1749267144,1.71200000,139.10000000,1.826
1749267144,1.71000000,15.60000000,1.826
1749267144,1.70700000,24.20000000,1.826
1749267144,1.70500000,200.50000000,1.826
1749267144,1.70400000,4.00000000,1.826
1749267144,1.70300000,1108.10000000,1.826
1749267144,1.70100000,32.80000000,1.826
1749267445,1.83200000,371.50000000,1.832
1749267445,1.83100000,2335.50000000,1.832
1749267445,1.83000000,3855.60000000,1.832
1749267445,1.82900000,6262.80000000,1.832
1749267445,1.82800000,4372.70000000,1.832
1749267445,1.82700000,3133.30000000,1.832
1749267445,1.82600000,1265.40000000,1.832
1749267445,1.82500000,488.50000000,1.832
1749267445,1.82400000,2020.70000000,1.832
1749267445,1.82300000,2529.50000000,1.832
1749267445,1.82200000,7099.00000000,1.832
1749267445,1.82100000,450.50000000,1.832
1749267445,1.82000000,6962.10000000,1.832
1749267445,1.81900000,828.00000000,1.832
1749267445,1.81800000,329.60000000,1.832
1749267445,1.81700000,11634.20000000,1.832
1749267445,1.81600000,6895.30000000,1.832
1749267445,1.81500000,194.50000000,1.832
1749267445,1.81400000,329.60000000,1.832
1749267445,1.81300000,346.00000000,1.832
1749267445,1.81200000,439.20000000,1.832
1749267445,1.81100000,426.50000000,1.832
1749267445,1.81000000,3979.10000000,1.832
1749267445,1.80900000,396.50000000,1.832
1749267445,1.80800000,542.10000000,1.832
1749267445,1.80700000,767.20000000,1.832
1749267445,1.80600000,325.40000000,1.832
1749267445,1.80500000,336.40000000,1.832
1749267445,1.80400000,325.40000000,1.832
1749267445,1.80300000,21004.80000000,1.832
1749267445,1.80200000,325.40000000,1.832
1749267445,1.80100000,20338.60000000,1.832
1749267445,1.80000000,306.10000000,1.832
1749267445,1.79900000,20073.50000000,1.832
1749267445,1.79800000,158.30000000,1.832
1749267445,1.79700000,20638.70000000,1.832
1749267445,1.79600000,259.60000000,1.832
1749267445,1.79500000,1081.90000000,1.832
1749267445,1.79400000,2790.70000000,1.832
1749267445,1.79300000,128.30000000,1.832
1749267445,1.79200000,158.30000000,1.832
1749267445,1.79100000,154.10000000,1.832
1749267445,1.79000000,5.60000000,1.832
1749267445,1.78900000,563.50000000,1.832
1749267445,1.78800000,9.00000000,1.832
1749267445,1.78700000,477.70000000,1.832
1749267445,1.78600000,5.60000000,1.832
1749267445,1.78500000,17.00000000,1.832
1749267445,1.78400000,5.60000000,1.832
1749267445,1.78300000,5.60000000,1.832
1749267445,1.78200000,10.40000000,1.832
1749267445,1.78100000,24.30000000,1.832
1749267445,1.78000000,938.40000000,1.832
1749267445,1.77900000,106.80000000,1.832
1749267445,1.77800000,5.60000000,1.832
1749267445,1.77700000,5.60000000,1.832
1749267445,1.77600000,5.60000000,1.832
1749267445,1.77500000,12.80000000,1.832
1749267445,1.77400000,10.70000000,1.832
1749267445,1.77300000,5.60000000,1.832
1749267445,1.77200000,5.60000000,1.832
1749267445,1.77100000,5.60000000,1.832
1749267445,1.77000000,5.60000000,1.832
1749267445,1.76900000,5.60000000,1.832
1749267445,1.76800000,5.60000000,1.832
1749267445,1.76700000,5.60000000,1.832
1749267445,1.76600000,939.20000000,1.832
1749267445,1.76500000,17.70000000,1.832
1749267445,1.76400000,10.70000000,1.832
1749267445,1.76300000,5.60000000,1.832
1749267445,1.76200000,1197.50000000,1.832
1749267445,1.76100000,5.60000000,1.832
1749267445,1.76000000,64.10000000,1.832
1749267445,1.75900000,206.10000000,1.832
1749267445,1.75800000,5.60000000,1.832
1749267445,1.75700000,5.60000000,1.832
1749267445,1.75600000,45.50000000,1.832
1749267445,1.75400000,11.60000000,1.832
1749267445,1.75300000,442.20000000,1.832
1749267445,1.75100000,4.60000000,1.832
1749267445,1.75000000,876.20000000,1.832
1749267445,1.74700000,7.30000000,1.832
1749267445,1.74500000,8.40000000,1.832
1749267445,1.74200000,4.10000000,1.832
1749267445,1.74100000,3.10000000,1.832
1749267445,1.74000000,588.40000000,1.832
1749267445,1.73400000,3.50000000,1.832
1749267445,1.73300000,34.90000000,1.832
1749267445,1.73200000,200.40000000,1.832
1749267445,1.73000000,905.70000000,1.832
1749267445,1.72900000,32.30000000,1.832
1749267445,1.72700000,6.40000000,1.832
1749267445,1.72600000,12.30000000,1.832
1749267445,1.71900000,123.70000000,1.832
1749267445,1.71800000,146.30000000,1.832
1749267445,1.71700000,1425.00000000,1.832
1749267445,1.71500000,145.90000000,1.832
1749267445,1.71200000,139.10000000,1.832
1749267445,1.71000000,15.60000000,1.832
1749267445,1.70700000,24.20000000,1.832
1749267747,1.83900000,231.50000000,1.84
1749267747,1.83800000,2326.50000000,1.84
1749267747,1.83700000,3447.20000000,1.84
1749267747,1.83600000,5627.30000000,1.84
1749267747,1.83500000,5575.30000000,1.84
1749267747,1.83400000,664.20000000,1.84
1749267747,1.83300000,845.20000000,1.84
1749267747,1.83200000,713.00000000,1.84
1749267747,1.83100000,486.30000000,1.84
1749267747,1.83000000,552.30000000,1.84
1749267747,1.82900000,2201.50000000,1.84
1749267747,1.82800000,3544.20000000,1.84
1749267747,1.82700000,3121.40000000,1.84
1749267747,1.82600000,3974.90000000,1.84
1749267747,1.82500000,334.40000000,1.84
1749267747,1.82400000,4304.10000000,1.84
1749267747,1.82300000,5410.50000000,1.84
1749267747,1.82200000,6762.80000000,1.84
1749267747,1.82100000,6772.60000000,1.84
1749267747,1.82000000,3359.50000000,1.84
1749267747,1.81900000,455.20000000,1.84
1749267747,1.81800000,325.40000000,1.84
1749267747,1.81700000,456.90000000,1.84
1749267747,1.81600000,4152.60000000,1.84
1749267747,1.81500000,461.50000000,1.84
1749267747,1.81400000,325.40000000,1.84
1749267747,1.81300000,412.70000000,1.84
1749267747,1.81200000,875.60000000,1.84
1749267747,1.81100000,325.40000000,1.84
1749267747,1.81000000,428.20000000,1.84
1749267747,1.80900000,259.20000000,1.84
1749267747,1.80800000,816.60000000,1.84
1749267747,1.80700000,20002.00000000,1.84
1749267747,1.80600000,294.70000000,1.84
1749267747,1.80500000,20004.40000000,1.84
1749267747,1.80400000,2351.30000000,1.84
1749267747,1.80300000,266.30000000,1.84
1749267747,1.80200000,808.40000000,1.84
1749267747,1.80100000,158.30000000,1.84
1749267747,1.80000000,324.20000000,1.84
1749267747,1.79900000,158.30000000,1.84
1749267747,1.79800000,716.50000000,1.84
1749267747,1.79700000,561.10000000,1.84
1749267747,1.79600000,5.60000000,1.84
1749267747,1.79500000,10.60000000,1.84
1749267747,1.79400000,5.60000000,1.84
1749267747,1.79300000,5.60000000,1.84
1749267747,1.79200000,277.10000000,1.84
1749267747,1.79100000,106.60000000,1.84
1749267747,1.79000000,5.60000000,1.84
1749267747,1.78900000,5.60000000,1.84
1749267747,1.78800000,9.00000000,1.84
1749267747,1.78700000,206.00000000,1.84
1749267747,1.78600000,5.60000000,1.84
1749267747,1.78500000,17.00000000,1.84
1749267747,1.78400000,5.60000000,1.84
1749267747,1.78300000,5.60000000,1.84
1749267747,1.78200000,10.40000000,1.84
1749267747,1.78100000,24.30000000,1.84
1749267747,1.78000000,938.40000000,1.84
1749267747,1.77900000,5.60000000,1.84
1749267747,1.77800000,5.60000000,1.84
1749267747,1.77700000,5.60000000,1.84
1749267747,1.77600000,5.60000000,1.84
1749267747,1.77500000,12.80000000,1.84
1749267747,1.77400000,10.70000000,1.84
1749267747,1.77300000,5.60000000,1.84
1749267747,1.77200000,5.60000000,1.84
1749267747,1.77100000,5.60000000,1.84
1749267747,1.77000000,5.60000000,1.84
1749267747,1.76900000,5.60000000,1.84
1749267747,1.76800000,5.60000000,1.84
1749267747,1.76700000,5.60000000,1.84
1749267747,1.76600000,939.20000000,1.84
1749267747,1.76500000,17.70000000,1.84
1749267747,1.76400000,10.60000000,1.84
1749267747,1.76200000,1191.90000000,1.84
1749267747,1.76000000,58.50000000,1.84
1749267747,1.75900000,200.50000000,1.84
1749267747,1.75600000,45.50000000,1.84
1749267747,1.75400000,11.60000000,1.84
1749267747,1.75300000,442.20000000,1.84
1749267747,1.75100000,4.60000000,1.84
1749267747,1.75000000,876.20000000,1.84
1749267747,1.74700000,7.30000000,1.84
1749267747,1.74500000,8.40000000,1.84
1749267747,1.74200000,4.10000000,1.84
1749267747,1.74100000,3.10000000,1.84
1749267747,1.74000000,588.40000000,1.84
1749267747,1.73400000,3.50000000,1.84
1749267747,1.73300000,34.90000000,1.84
1749267747,1.73200000,200.40000000,1.84
1749267747,1.73000000,905.70000000,1.84
1749267747,1.72900000,32.30000000,1.84
1749267747,1.72700000,6.40000000,1.84
1749267747,1.72600000,12.30000000,1.84
1749267747,1.72300000,139.90000000,1.84
1749267747,1.72000000,138.30000000,1.84
1749267747,1.71900000,123.70000000,1.84
1749267747,1.71800000,146.30000000,1.84
1749268053,1.84000000,595.60000000,1.84
1749268053,1.83900000,4321.40000000,1.84
1749268053,1.83800000,6752.20000000,1.84
1749268053,1.83700000,5368.90000000,1.84
1749268053,1.83600000,2937.70000000,1.84
1749268053,1.83500000,1624.80000000,1.84
1749268053,1.83400000,643.20000000,1.84
1749268053,1.83300000,2235.40000000,1.84
1749268053,1.83200000,2679.00000000,1.84
1749268053,1.83100000,3204.90000000,1.84
1749268053,1.83000000,4079.50000000,1.84
1749268053,1.82900000,673.30000000,1.84
1749268053,1.82800000,329.30000000,1.84
