timestamp,price,volume,current_price
1749254599,1.79600000,1612.70000000,1.797
1749254599,1.79500000,5182.50000000,1.797
1749254599,1.79400000,7452.80000000,1.797
1749254599,1.79300000,3138.20000000,1.797
1749254599,1.79200000,5932.60000000,1.797
1749254599,1.79100000,9075.40000000,1.797
1749254599,1.79000000,3563.90000000,1.797
1749254599,1.78900000,3835.40000000,1.797
1749254599,1.78800000,616.70000000,1.797
1749254599,1.78700000,5218.20000000,1.797
1749254599,1.78600000,444.80000000,1.797
1749254599,1.78500000,426.50000000,1.797
1749254599,1.78400000,339.20000000,1.797
1749254599,1.78300000,8162.30000000,1.797
1749254599,1.78200000,3972.30000000,1.797
1749254599,1.78100000,6885.90000000,1.797
1749254599,1.78000000,342.80000000,1.797
1749254599,1.77900000,632.10000000,1.797
1749254599,1.77800000,158.30000000,1.797
1749254599,1.77700000,3225.70000000,1.797
1749254599,1.77600000,9.80000000,1.797
1749254599,1.77500000,573.70000000,1.797
1749254599,1.77400000,260.70000000,1.797
1749254599,1.77300000,5.60000000,1.797
1749254599,1.77200000,162.50000000,1.797
1749254599,1.77100000,19053.10000000,1.797
1749254599,1.77000000,799.70000000,1.797
1749254599,1.76900000,19053.10000000,1.797
1749254599,1.76800000,154.10000000,1.797
1749254599,1.76700000,19350.60000000,1.797
1749254599,1.76600000,1087.30000000,1.797
1749254599,1.76500000,19065.20000000,1.797
1749254599,1.76400000,720.40000000,1.797
1749254599,1.76300000,5.60000000,1.797
1749254599,1.76200000,262.30000000,1.797
1749254599,1.76100000,428.00000000,1.797
1749254599,1.76000000,212.60000000,1.797
1749254599,1.75900000,354.60000000,1.797
1749254599,1.75800000,5.60000000,1.797
1749254599,1.75700000,185.80000000,1.797
1749254599,1.75600000,543.20000000,1.797
1749254599,1.75500000,5.60000000,1.797
1749254599,1.75400000,466.50000000,1.797
1749254599,1.75300000,5.60000000,1.797
1749254599,1.75200000,39.30000000,1.797
1749254599,1.75100000,911.40000000,1.797
1749254599,1.75000000,881.80000000,1.797
1749254599,1.74900000,5.60000000,1.797
1749254599,1.74800000,5.60000000,1.797
1749254599,1.74700000,12.90000000,1.797
1749254599,1.74600000,5.60000000,1.797
1749254599,1.74500000,14.00000000,1.797
1749254599,1.74400000,692.40000000,1.797
1749254599,1.74300000,5.60000000,1.797
1749254599,1.74200000,9.70000000,1.797
1749254599,1.74100000,8.70000000,1.797
1749254599,1.74000000,19.30000000,1.797
1749254599,1.73900000,5.60000000,1.797
1749254599,1.73800000,5.60000000,1.797
1749254599,1.73700000,5.60000000,1.797
1749254599,1.73600000,1646.80000000,1.797
1749254599,1.73500000,5.60000000,1.797
1749254599,1.73400000,9.10000000,1.797
1749254599,1.73300000,40.50000000,1.797
1749254599,1.73200000,275.50000000,1.797
1749254599,1.73100000,5.60000000,1.797
1749254599,1.73000000,943.50000000,1.797
1749254599,1.72900000,5.60000000,1.797
1749254599,1.72800000,5.60000000,1.797
1749254599,1.72700000,12.00000000,1.797
1749254599,1.72600000,17.90000000,1.797
1749254599,1.72500000,5.60000000,1.797
1749254599,1.72400000,5.60000000,1.797
1749254599,1.72300000,5.60000000,1.797
1749254599,1.72200000,5.60000000,1.797
1749254599,1.72100000,5.60000000,1.797
1749254599,1.71900000,123.70000000,1.797
1749254599,1.71800000,6.70000000,1.797
1749254599,1.71700000,1425.00000000,1.797
1749254599,1.71300000,142.90000000,1.797
1749254599,1.71000000,158.60000000,1.797
1749254599,1.70700000,24.20000000,1.797
1749254599,1.70500000,200.50000000,1.797
1749254599,1.70400000,144.20000000,1.797
1749254599,1.70300000,1140.80000000,1.797
1749254599,1.70000000,2160.50000000,1.797
1749254599,1.69700000,3.10000000,1.797
1749254599,1.69100000,7.60000000,1.797
1749254599,1.68800000,300.00000000,1.797
1749254599,1.67800000,200.40000000,1.797
1749254599,1.67500000,46.90000000,1.797
1749254599,1.67400000,6.40000000,1.797
1749254599,1.67300000,12.30000000,1.797
1749254599,1.67200000,3.50000000,1.797
1749254599,1.67000000,543.50000000,1.797
1749254599,1.66900000,5.10000000,1.797
1749254599,1.66600000,304.10000000,1.797
1749254599,1.66400000,7.70000000,1.797
1749254599,1.66200000,10.00000000,1.797
1749254599,1.65800000,12.10000000,1.797
1749254906,1.79600000,991.00000000,1.796
1749254906,1.79500000,3803.90000000,1.796
1749254906,1.79400000,7251.00000000,1.796
1749254906,1.79300000,5603.50000000,1.796
1749254906,1.79200000,2218.60000000,1.796
1749254906,1.79100000,2279.70000000,1.796
1749254906,1.79000000,1363.50000000,1.796
1749254906,1.78900000,6044.80000000,1.796
1749254906,1.78800000,5158.80000000,1.796
1749254906,1.78700000,4393.20000000,1.796
1749254906,1.78600000,1016.10000000,1.796
1749254906,1.78500000,427.90000000,1.796
1749254906,1.78400000,5339.40000000,1.796
1749254906,1.78300000,329.60000000,1.796
1749254906,1.78200000,11575.30000000,1.796
1749254906,1.78100000,7891.30000000,1.796
1749254906,1.78000000,345.50000000,1.796
1749254906,1.77900000,158.30000000,1.796
1749254906,1.77800000,214.40000000,1.796
1749254906,1.77700000,158.30000000,1.796
1749254906,1.77600000,172.00000000,1.796
1749254906,1.77500000,243.50000000,1.796
1749254906,1.77400000,538.70000000,1.796
1749254906,1.77300000,9.80000000,1.796
1749254906,1.77200000,158.30000000,1.796
1749254906,1.77100000,154.10000000,1.796
1749254906,1.77000000,2562.70000000,1.796
1749254906,1.76900000,22833.90000000,1.796
1749254906,1.76800000,154.10000000,1.796
1749254906,1.76700000,18904.60000000,1.796
1749254906,1.76600000,1813.20000000,1.796
1749254906,1.76500000,19065.20000000,1.796
1749254906,1.76400000,159.20000000,1.796
1749254906,1.76300000,19553.00000000,1.796
1749254906,1.76200000,262.80000000,1.796
1749254906,1.76100000,154.10000000,1.796
1749254906,1.76000000,212.60000000,1.796
1749254906,1.75900000,354.60000000,1.796
1749254906,1.75800000,819.40000000,1.796
1749254906,1.75700000,311.20000000,1.796
1749254906,1.75600000,167.80000000,1.796
1749254906,1.75500000,5.60000000,1.796
1749254906,1.75400000,615.00000000,1.796
1749254906,1.75300000,5.60000000,1.796
1749254906,1.75200000,427.90000000,1.796
1749254906,1.75100000,911.40000000,1.796
1749254906,1.75000000,881.80000000,1.796
1749254906,1.74900000,5.60000000,1.796
1749254906,1.74800000,107.70000000,1.796
1749254906,1.74700000,12.90000000,1.796
1749254906,1.74600000,5.60000000,1.796
1749254906,1.74500000,14.00000000,1.796
1749254906,1.74400000,5.60000000,1.796
1749254906,1.74300000,5.60000000,1.796
1749254906,1.74200000,9.70000000,1.796
1749254906,1.74100000,8.70000000,1.796
1749254906,1.74000000,19.30000000,1.796
1749254906,1.73900000,5.60000000,1.796
1749254906,1.73800000,5.60000000,1.796
1749254906,1.73700000,5.60000000,1.796
1749254906,1.73600000,1646.80000000,1.796
1749254906,1.73500000,5.60000000,1.796
1749254906,1.73400000,9.10000000,1.796
1749254906,1.73300000,40.50000000,1.796
1749254906,1.73200000,275.50000000,1.796
1749254906,1.73100000,5.60000000,1.796
1749254906,1.73000000,943.50000000,1.796
1749254906,1.72900000,5.60000000,1.796
1749254906,1.72800000,5.60000000,1.796
1749254906,1.72700000,12.00000000,1.796
1749254906,1.72600000,17.90000000,1.796
1749254906,1.72500000,5.60000000,1.796
1749254906,1.72400000,5.60000000,1.796
1749254906,1.72300000,5.60000000,1.796
1749254906,1.72200000,5.60000000,1.796
1749254906,1.72100000,5.60000000,1.796
1749254906,1.71900000,123.70000000,1.796
1749254906,1.71800000,6.70000000,1.796
1749254906,1.71700000,1425.00000000,1.796
1749254906,1.71300000,142.90000000,1.796
1749254906,1.71000000,158.60000000,1.796
1749254906,1.70700000,24.20000000,1.796
1749254906,1.70500000,200.50000000,1.796
1749254906,1.70400000,144.20000000,1.796
1749254906,1.70300000,1140.80000000,1.796
1749254906,1.70000000,2160.50000000,1.796
1749254906,1.69700000,3.10000000,1.796
1749254906,1.69100000,7.60000000,1.796
1749254906,1.68800000,300.00000000,1.796
1749254906,1.67800000,200.40000000,1.796
1749254906,1.67500000,46.90000000,1.796
1749254906,1.67400000,6.40000000,1.796
1749254906,1.67300000,12.30000000,1.796
1749254906,1.67200000,3.50000000,1.796
1749254906,1.67000000,543.50000000,1.796
1749254906,1.66900000,5.10000000,1.796
1749254906,1.66600000,304.10000000,1.796
1749254906,1.66400000,7.70000000,1.796
1749254906,1.66200000,10.00000000,1.796
1749254906,1.66000000,125.80000000,1.796
