timestamp,price,volume,current_price
1749260692,0.45300000,577.80000000,0.4531
1749260692,0.45290000,2208.20000000,0.4531
1749260692,0.45280000,4630.40000000,0.4531
1749260692,0.45270000,9045.20000000,0.4531
1749260692,0.45260000,9668.80000000,0.4531
1749260692,0.45250000,12119.40000000,0.4531
1749260692,0.45240000,9782.80000000,0.4531
1749260692,0.45230000,30896.70000000,0.4531
1749260692,0.45220000,28527.00000000,0.4531
1749260692,0.45210000,11510.20000000,0.4531
1749260692,0.45200000,10559.00000000,0.4531
1749260692,0.45190000,15787.30000000,0.4531
1749260692,0.45180000,2544.70000000,0.4531
1749260692,0.45170000,4041.10000000,0.4531
1749260692,0.45160000,10589.00000000,0.4531
1749260692,0.45150000,16807.20000000,0.4531
1749260692,0.45140000,4683.90000000,0.4531
1749260692,0.45130000,4956.90000000,0.4531
1749260692,0.45120000,965.40000000,0.4531
1749260692,0.45110000,35643.90000000,0.4531
1749260692,0.45100000,529.10000000,0.4531
1749260692,0.45090000,18142.30000000,0.4531
1749260692,0.45080000,26936.20000000,0.4531
1749260692,0.45070000,4024.60000000,0.4531
1749260692,0.45060000,9736.60000000,0.4531
1749260692,0.45050000,4024.60000000,0.4531
1749260692,0.45040000,965.60000000,0.4531
1749260692,0.45030000,6074.60000000,0.4531
1749260692,0.45020000,31603.20000000,0.4531
1749260692,0.45010000,3806.50000000,0.4531
1749260692,0.45000000,2458.00000000,0.4531
1749260692,0.44990000,1198.50000000,0.4531
1749260692,0.44980000,1356.20000000,0.4531
1749260692,0.44970000,3311.50000000,0.4531
1749260692,0.44960000,34.20000000,0.4531
1749260692,0.44950000,38.50000000,0.4531
1749260692,0.44940000,5229.50000000,0.4531
1749260692,0.44930000,5156.00000000,0.4531
1749260692,0.44920000,2608.80000000,0.4531
1749260692,0.44910000,3398.80000000,0.4531
1749260692,0.44900000,242.60000000,0.4531
1749260692,0.44890000,30657.90000000,0.4531
1749260692,0.44880000,255.00000000,0.4531
1749260692,0.44870000,810.70000000,0.4531
1749260692,0.44860000,22.00000000,0.4531
1749260692,0.44850000,3311.60000000,0.4531
1749260692,0.44840000,458.40000000,0.4531
1749260692,0.44830000,38.60000000,0.4531
1749260692,0.44820000,22.00000000,0.4531
1749260692,0.44810000,3311.60000000,0.4531
1749260692,0.44800000,22.00000000,0.4531
1749260692,0.44790000,38.60000000,0.4531
1749260692,0.44780000,22.00000000,0.4531
1749260692,0.44770000,77.80000000,0.4531
1749260692,0.44760000,458.40000000,0.4531
1749260692,0.44750000,4797.90000000,0.4531
1749260692,0.44740000,309.60000000,0.4531
1749260692,0.44730000,681.10000000,0.4531
1749260692,0.44720000,22.00000000,0.4531
1749260692,0.44710000,212.00000000,0.4531
1749260692,0.44700000,1249.10000000,0.4531
1749260692,0.44690000,22.00000000,0.4531
1749260692,0.44680000,458.50000000,0.4531
1749260692,0.44670000,22.10000000,0.4531
1749260692,0.44660000,16386.10000000,0.4531
1749260692,0.44650000,22.10000000,0.4531
1749260692,0.44640000,22.10000000,0.4531
1749260692,0.44630000,5711.90000000,0.4531
1749260692,0.44620000,22.10000000,0.4531
1749260692,0.44610000,676.90000000,0.4531
1749260692,0.44600000,4390.00000000,0.4531
1749260692,0.44590000,6861.40000000,0.4531
1749260692,0.44580000,5830.30000000,0.4531
1749260692,0.44570000,22.10000000,0.4531
1749260692,0.44560000,22.10000000,0.4531
1749260692,0.44550000,22.10000000,0.4531
1749260692,0.44540000,336.70000000,0.4531
1749260692,0.44500000,2378.00000000,0.4531
1749260692,0.44470000,67.40000000,0.4531
1749260692,0.44460000,411.10000000,0.4531
1749260692,0.44450000,11.30000000,0.4531
1749260692,0.44440000,123.70000000,0.4531
1749260692,0.44430000,31.50000000,0.4531
1749260692,0.44420000,123.70000000,0.4531
1749260692,0.44400000,145.10000000,0.4531
1749260692,0.44380000,223.00000000,0.4531
1749260692,0.44370000,2699.80000000,0.4531
1749260692,0.44350000,1382.30000000,0.4531
1749260692,0.44340000,135.20000000,0.4531
1749260692,0.44330000,325.20000000,0.4531
1749260692,0.44320000,6219.30000000,0.4531
1749260692,0.44300000,12.00000000,0.4531
1749260692,0.44280000,12.00000000,0.4531
1749260692,0.44250000,415.40000000,0.4531
1749260692,0.44210000,13.30000000,0.4531
1749260692,0.44200000,226.20000000,0.4531
1749260692,0.44180000,31.90000000,0.4531
1749260692,0.44140000,226.10000000,0.4531
1749260692,0.44120000,67.90000000,0.4531
1749260692,0.44110000,453.40000000,0.4531
1749261011,0.45300000,2330.00000000,0.4531
1749261011,0.45290000,2498.10000000,0.4531
1749261011,0.45280000,6210.80000000,0.4531
1749261011,0.45270000,14618.60000000,0.4531
1749261011,0.45260000,29482.20000000,0.4531
1749261011,0.45250000,33297.80000000,0.4531
1749261011,0.45240000,30403.50000000,0.4531
1749261011,0.45230000,39106.20000000,0.4531
1749261011,0.45220000,20233.50000000,0.4531
1749261011,0.45210000,13481.80000000,0.4531
1749261011,0.45200000,7220.90000000,0.4531
1749261011,0.45190000,23125.30000000,0.4531
1749261011,0.45180000,16416.20000000,0.4531
1749261011,0.45170000,30002.70000000,0.4531
1749261011,0.45160000,8020.30000000,0.4531
1749261011,0.45150000,8156.20000000,0.4531
1749261011,0.45140000,14293.90000000,0.4531
1749261011,0.45130000,4024.50000000,0.4531
1749261011,0.45120000,15199.40000000,0.4531
1749261011,0.45110000,3817.60000000,0.4531
1749261011,0.45100000,21.90000000,0.4531
1749261011,0.45090000,3806.40000000,0.4531
1749261011,0.45080000,965.60000000,0.4531
1749261011,0.45070000,3806.40000000,0.4531
1749261011,0.45060000,11550.40000000,0.4531
1749261011,0.45050000,40491.40000000,0.4531
1749261011,0.45040000,4036.60000000,0.4531
1749261011,0.45030000,5406.80000000,0.4531
1749261011,0.45020000,21.90000000,0.4531
1749261011,0.45010000,3311.50000000,0.4531
1749261011,0.45000000,567.40000000,0.4531
1749261011,0.44990000,38.50000000,0.4531
1749261011,0.44980000,21.90000000,0.4531
1749261011,0.44970000,3311.50000000,0.4531
1749261011,0.44960000,34.20000000,0.4531
1749261011,0.44950000,38.50000000,0.4531
1749261011,0.44940000,5229.50000000,0.4531
1749261011,0.44930000,3311.50000000,0.4531
1749261011,0.44920000,691.10000000,0.4531
1749261011,0.44910000,25223.50000000,0.4531
1749261011,0.44900000,1014.20000000,0.4531
1749261011,0.44890000,3311.60000000,0.4531
1749261011,0.44880000,1634.20000000,0.4531
1749261011,0.44870000,38.60000000,0.4531
1749261011,0.44860000,22.00000000,0.4531
1749261011,0.44850000,3311.60000000,0.4531
1749261011,0.44840000,458.40000000,0.4531
1749261011,0.44830000,325.60000000,0.4531
1749261011,0.44820000,1178.90000000,0.4531
1749261011,0.44810000,3311.60000000,0.4531
1749261011,0.44800000,22.00000000,0.4531
1749261011,0.44790000,38.60000000,0.4531
1749261011,0.44780000,5692.70000000,0.4531
1749261011,0.44770000,77.80000000,0.4531
1749261011,0.44760000,458.40000000,0.4531
1749261011,0.44750000,3181.00000000,0.4531
1749261011,0.44740000,3413.60000000,0.4531
1749261011,0.44730000,681.10000000,0.4531
1749261011,0.44720000,22.00000000,0.4531
1749261011,0.44710000,212.00000000,0.4531
1749261011,0.44700000,89.10000000,0.4531
1749261011,0.44690000,16404.60000000,0.4531
1749261011,0.44680000,458.50000000,0.4531
1749261011,0.44670000,22.10000000,0.4531
1749261011,0.44660000,88.90000000,0.4531
1749261011,0.44650000,6848.70000000,0.4531
1749261011,0.44640000,22.10000000,0.4531
1749261011,0.44630000,22.10000000,0.4531
1749261011,0.44620000,22.10000000,0.4531
1749261011,0.44610000,676.90000000,0.4531
1749261011,0.44600000,6295.50000000,0.4531
1749261011,0.44590000,133.70000000,0.4531
1749261011,0.44580000,134.20000000,0.4531
1749261011,0.44570000,22.10000000,0.4531
1749261011,0.44560000,22.10000000,0.4531
1749261011,0.44550000,22.10000000,0.4531
1749261011,0.44540000,336.70000000,0.4531
1749261011,0.44520000,2668.40000000,0.4531
1749261011,0.44500000,2378.00000000,0.4531
1749261011,0.44470000,67.40000000,0.4531
1749261011,0.44460000,411.10000000,0.4531
1749261011,0.44450000,11.30000000,0.4531
1749261011,0.44440000,123.70000000,0.4531
1749261011,0.44430000,31.50000000,0.4531
1749261011,0.44420000,782.80000000,0.4531
1749261011,0.44400000,145.10000000,0.4531
1749261011,0.44380000,223.00000000,0.4531
1749261011,0.44350000,7809.90000000,0.4531
1749261011,0.44340000,135.20000000,0.4531
1749261011,0.44330000,325.20000000,0.4531
1749261011,0.44320000,223.30000000,0.4531
1749261011,0.44300000,12.00000000,0.4531
1749261011,0.44280000,12.00000000,0.4531
1749261011,0.44250000,415.40000000,0.4531
1749261011,0.44210000,13.30000000,0.4531
1749261011,0.44200000,226.20000000,0.4531
1749261011,0.44190000,67.80000000,0.4531
1749261011,0.44180000,31.90000000,0.4531
1749261011,0.44150000,1130.50000000,0.4531
1749261011,0.44110000,453.40000000,0.4531
1749261318,0.45280000,1024.30000000,0.4529
1749261318,0.45270000,3127.40000000,0.4529
1749261318,0.45260000,4832.80000000,0.4529
1749261318,0.45250000,6677.80000000,0.4529
1749261318,0.45240000,9383.50000000,0.4529
1749261318,0.45230000,19466.10000000,0.4529
1749261318,0.45220000,49480.30000000,0.4529
1749261318,0.45210000,55618.40000000,0.4529
1749261318,0.45200000,26499.60000000,0.4529
1749261318,0.45190000,17830.80000000,0.4529
1749261318,0.45180000,9947.20000000,0.4529
1749261318,0.45170000,17838.50000000,0.4529
1749261318,0.45160000,27121.00000000,0.4529
1749261318,0.45150000,4024.50000000,0.4529
1749261318,0.45140000,529.00000000,0.4529
1749261318,0.45130000,4512.30000000,0.4529
1749261318,0.45120000,17251.30000000,0.4529
1749261318,0.45110000,29795.80000000,0.4529
1749261318,0.45100000,34.10000000,0.4529
1749261318,0.45090000,18136.00000000,0.4529
1749261318,0.45080000,13749.60000000,0.4529
1749261318,0.45070000,3806.40000000,0.4529
1749261318,0.45060000,240.10000000,0.4529
1749261318,0.45050000,38021.30000000,0.4529
1749261318,0.45040000,2877.90000000,0.4529
1749261318,0.45030000,7157.70000000,0.4529
1749261318,0.45020000,21.90000000,0.4529
1749261318,0.45010000,4966.00000000,0.4529
1749261318,0.45000000,1062.40000000,0.4529
1749261318,0.44990000,1400.80000000,0.4529
1749261318,0.44980000,21.90000000,0.4529
1749261318,0.44970000,3311.50000000,0.4529
1749261318,0.44960000,34.20000000,0.4529
1749261318,0.44950000,38.50000000,0.4529
1749261318,0.44940000,5229.50000000,0.4529
1749261318,0.44930000,4434.90000000,0.4529
1749261318,0.44920000,470.60000000,0.4529
1749261318,0.44910000,25223.50000000,0.4529
1749261318,0.44900000,44.20000000,0.4529
1749261318,0.44890000,3532.20000000,0.4529
1749261318,0.44880000,1634.20000000,0.4529
1749261318,0.44870000,259.30000000,0.4529
1749261318,0.44860000,794.10000000,0.4529
1749261318,0.44850000,3311.60000000,0.4529
1749261318,0.44840000,458.40000000,0.4529
1749261318,0.44830000,325.60000000,0.4529
1749261318,0.44820000,1178.90000000,0.4529
1749261318,0.44810000,3311.60000000,0.4529
1749261318,0.44800000,22.00000000,0.4529
1749261318,0.44790000,38.60000000,0.4529
1749261318,0.44780000,22.00000000,0.4529
1749261318,0.44770000,77.80000000,0.4529
1749261318,0.44760000,458.40000000,0.4529
1749261318,0.44750000,3181.00000000,0.4529
1749261318,0.44740000,22.00000000,0.4529
1749261318,0.44730000,681.10000000,0.4529
1749261318,0.44720000,22.00000000,0.4529
1749261318,0.44710000,212.00000000,0.4529
1749261318,0.44700000,89.10000000,0.4529
1749261318,0.44690000,22086.70000000,0.4529
1749261318,0.44680000,458.50000000,0.4529
1749261318,0.44670000,22.10000000,0.4529
1749261318,0.44660000,88.90000000,0.4529
1749261318,0.44650000,22.10000000,0.4529
1749261318,0.44640000,22.10000000,0.4529
1749261318,0.44630000,22.10000000,0.4529
1749261318,0.44620000,6745.30000000,0.4529
1749261318,0.44610000,4046.80000000,0.4529
1749261318,0.44600000,6295.50000000,0.4529
1749261318,0.44590000,133.70000000,0.4529
1749261318,0.44580000,134.20000000,0.4529
1749261318,0.44570000,22.10000000,0.4529
1749261318,0.44560000,22.10000000,0.4529
1749261318,0.44550000,22.10000000,0.4529
1749261318,0.44540000,358.80000000,0.4529
1749261318,0.44530000,22.10000000,0.4529
1749261318,0.44500000,2573.80000000,0.4529
1749261318,0.44470000,67.40000000,0.4529
1749261318,0.44460000,411.10000000,0.4529
1749261318,0.44450000,11.30000000,0.4529
1749261318,0.44440000,123.70000000,0.4529
1749261318,0.44430000,31.50000000,0.4529
1749261318,0.44420000,782.80000000,0.4529
1749261318,0.44400000,145.10000000,0.4529
1749261318,0.44380000,223.00000000,0.4529
1749261318,0.44370000,2677.40000000,0.4529
1749261318,0.44350000,7809.90000000,0.4529
1749261318,0.44340000,135.20000000,0.4529
1749261318,0.44330000,325.20000000,0.4529
1749261318,0.44300000,12.00000000,0.4529
1749261318,0.44280000,12.00000000,0.4529
1749261318,0.44250000,415.40000000,0.4529
1749261318,0.44210000,13.30000000,0.4529
1749261318,0.44200000,226.20000000,0.4529
1749261318,0.44180000,31.90000000,0.4529
1749261318,0.44140000,1422.80000000,0.4529
1749261318,0.44110000,453.40000000,0.4529
1749261318,0.44100000,706.80000000,0.4529
1749261318,0.44080000,13.80000000,0.4529
1749261318,0.44060000,109.80000000,0.4529
1749261619,0.45370000,2569.70000000,0.4538
1749261619,0.45360000,7501.40000000,0.4538
1749261619,0.45350000,22742.90000000,0.4538
1749261619,0.45340000,8807.80000000,0.4538
1749261619,0.45330000,21013.10000000,0.4538
1749261619,0.45320000,30273.70000000,0.4538
1749261619,0.45310000,51292.60000000,0.4538
1749261619,0.45300000,24693.80000000,0.4538
1749261619,0.45290000,29197.80000000,0.4538
1749261619,0.45280000,14598.80000000,0.4538
1749261619,0.45270000,28707.80000000,0.4538
1749261619,0.45260000,7302.30000000,0.4538
1749261619,0.45250000,4484.90000000,0.4538
1749261619,0.45240000,24566.90000000,0.4538
1749261619,0.45230000,4025.00000000,0.4538
1749261619,0.45220000,529.40000000,0.4538
1749261619,0.45210000,23466.50000000,0.4538
1749261619,0.45200000,1558.10000000,0.4538
1749261619,0.45190000,16352.00000000,0.4538
1749261619,0.45180000,529.00000000,0.4538
1749261619,0.45170000,45644.70000000,0.4538
1749261619,0.45160000,3953.50000000,0.4538
1749261619,0.45150000,17788.40000000,0.4538
1749261619,0.45140000,21.80000000,0.4538
1749261619,0.45130000,4024.50000000,0.4538
1749261619,0.45120000,4896.80000000,0.4538
1749261619,0.45110000,5152.70000000,0.4538
1749261619,0.45100000,21.90000000,0.4538
1749261619,0.45090000,3311.40000000,0.4538
1749261619,0.45080000,470.60000000,0.4538
1749261619,0.45070000,3311.40000000,0.4538
1749261619,0.45060000,1180.10000000,0.4538
1749261619,0.45050000,37526.30000000,0.4538
1749261619,0.45040000,2382.90000000,0.4538
1749261619,0.45030000,6662.70000000,0.4538
1749261619,0.45020000,21.90000000,0.4538
1749261619,0.45010000,3311.50000000,0.4538
1749261619,0.45000000,567.40000000,0.4538
1749261619,0.44990000,258.60000000,0.4538
1749261619,0.44980000,242.00000000,0.4538
1749261619,0.44970000,3311.50000000,0.4538
1749261619,0.44960000,242.10000000,0.4538
1749261619,0.44950000,38.50000000,0.4538
1749261619,0.44940000,6220.40000000,0.4538
1749261619,0.44930000,4434.90000000,0.4538
1749261619,0.44920000,458.30000000,0.4538
1749261619,0.44910000,25223.50000000,0.4538
1749261619,0.44900000,44.20000000,0.4538
1749261619,0.44890000,3311.60000000,0.4538
1749261619,0.44880000,1634.20000000,0.4538
1749261619,0.44870000,38.60000000,0.4538
1749261619,0.44860000,22.00000000,0.4538
1749261619,0.44850000,3311.60000000,0.4538
1749261619,0.44840000,458.40000000,0.4538
1749261619,0.44830000,325.60000000,0.4538
1749261619,0.44820000,1178.90000000,0.4538
1749261619,0.44810000,3311.60000000,0.4538
1749261619,0.44800000,22.00000000,0.4538
1749261619,0.44790000,38.60000000,0.4538
1749261619,0.44780000,22.00000000,0.4538
1749261619,0.44770000,77.80000000,0.4538
1749261619,0.44760000,458.40000000,0.4538
1749261619,0.44750000,3181.00000000,0.4538
1749261619,0.44740000,3372.70000000,0.4538
1749261619,0.44730000,681.10000000,0.4538
1749261619,0.44720000,6730.10000000,0.4538
1749261619,0.44710000,212.00000000,0.4538
1749261619,0.44700000,89.10000000,0.4538
1749261619,0.44690000,22086.80000000,0.4538
1749261619,0.44680000,458.50000000,0.4538
1749261619,0.44670000,22.10000000,0.4538
1749261619,0.44660000,88.90000000,0.4538
1749261619,0.44650000,22.10000000,0.4538
1749261619,0.44640000,22.10000000,0.4538
1749261619,0.44630000,22.10000000,0.4538
1749261619,0.44620000,22.10000000,0.4538
1749261619,0.44610000,654.80000000,0.4538
1749261619,0.44600000,6273.40000000,0.4538
1749261619,0.44590000,111.60000000,0.4538
1749261619,0.44580000,112.10000000,0.4538
1749261619,0.44540000,336.70000000,0.4538
1749261619,0.44510000,2669.00000000,0.4538
1749261619,0.44500000,2573.80000000,0.4538
1749261619,0.44470000,67.40000000,0.4538
1749261619,0.44460000,411.10000000,0.4538
1749261619,0.44450000,11.30000000,0.4538
1749261619,0.44440000,123.70000000,0.4538
1749261619,0.44430000,31.50000000,0.4538
1749261619,0.44420000,726.60000000,0.4538
1749261619,0.44400000,145.10000000,0.4538
1749261619,0.44380000,223.00000000,0.4538
1749261619,0.44350000,7809.90000000,0.4538
1749261619,0.44340000,135.20000000,0.4538
1749261619,0.44330000,325.20000000,0.4538
1749261619,0.44300000,12.00000000,0.4538
1749261619,0.44280000,12.00000000,0.4538
1749261619,0.44250000,415.40000000,0.4538
1749261619,0.44240000,1128.20000000,0.4538
1749261619,0.44210000,81.10000000,0.4538
1749261619,0.44200000,226.20000000,0.4538
1749261920,0.45320000,3719.00000000,0.4532
1749261920,0.45310000,2973.60000000,0.4532
1749261920,0.45300000,7457.10000000,0.4532
1749261920,0.45290000,14033.50000000,0.4532
1749261920,0.45280000,13305.40000000,0.4532
1749261920,0.45270000,23742.80000000,0.4532
1749261920,0.45260000,33180.90000000,0.4532
1749261920,0.45250000,31074.70000000,0.4532
1749261920,0.45240000,20356.90000000,0.4532
1749261920,0.45230000,17759.30000000,0.4532
1749261920,0.45220000,20240.40000000,0.4532
1749261920,0.45210000,24148.00000000,0.4532
1749261920,0.45200000,14279.70000000,0.4532
1749261920,0.45190000,17693.70000000,0.4532
1749261920,0.45180000,21528.80000000,0.4532
1749261920,0.45170000,4041.10000000,0.4532
1749261920,0.45160000,35058.90000000,0.4532
1749261920,0.45150000,5131.20000000,0.4532
1749261920,0.45140000,6916.00000000,0.4532
1749261920,0.45130000,4024.50000000,0.4532
1749261920,0.45120000,41826.90000000,0.4532
1749261920,0.45110000,3806.40000000,0.4532
1749261920,0.45100000,479.00000000,0.4532
1749261920,0.45090000,4839.30000000,0.4532
1749261920,0.45080000,22795.60000000,0.4532
1749261920,0.45070000,3806.40000000,0.4532
1749261920,0.45060000,240.10000000,0.4532
1749261920,0.45050000,43409.60000000,0.4532
1749261920,0.45040000,965.60000000,0.4532
1749261920,0.45030000,5062.30000000,0.4532
1749261920,0.45020000,1181.20000000,0.4532
1749261920,0.45010000,3311.50000000,0.4532
1749261920,0.45000000,2558.00000000,0.4532
1749261920,0.44990000,1388.00000000,0.4532
1749261920,0.44980000,21.90000000,0.4532
1749261920,0.44970000,3311.50000000,0.4532
1749261920,0.44960000,34.20000000,0.4532
1749261920,0.44950000,259.20000000,0.4532
1749261920,0.44940000,5450.20000000,0.4532
1749261920,0.44930000,6279.40000000,0.4532
1749261920,0.44920000,2388.00000000,0.4532
1749261920,0.44910000,26828.20000000,0.4532
1749261920,0.44900000,264.70000000,0.4532
1749261920,0.44890000,3311.60000000,0.4532
1749261920,0.44880000,2406.00000000,0.4532
1749261920,0.44870000,38.60000000,0.4532
1749261920,0.44860000,22.00000000,0.4532
1749261920,0.44850000,3532.10000000,0.4532
1749261920,0.44840000,458.40000000,0.4532
1749261920,0.44830000,325.60000000,0.4532
1749261920,0.44820000,1178.90000000,0.4532
1749261920,0.44810000,3311.60000000,0.4532
1749261920,0.44800000,22.00000000,0.4532
1749261920,0.44790000,38.60000000,0.4532
1749261920,0.44780000,22.00000000,0.4532
1749261920,0.44770000,77.80000000,0.4532
1749261920,0.44760000,458.40000000,0.4532
1749261920,0.44750000,3181.00000000,0.4532
1749261920,0.44740000,22.00000000,0.4532
1749261920,0.44730000,681.10000000,0.4532
1749261920,0.44720000,22.00000000,0.4532
1749261920,0.44710000,212.00000000,0.4532
1749261920,0.44700000,89.10000000,0.4532
1749261920,0.44690000,16404.70000000,0.4532
1749261920,0.44680000,458.50000000,0.4532
1749261920,0.44670000,130.10000000,0.4532
1749261920,0.44660000,88.90000000,0.4532
1749261920,0.44650000,22.10000000,0.4532
1749261920,0.44640000,960.10000000,0.4532
1749261920,0.44630000,22.10000000,0.4532
1749261920,0.44620000,6745.30000000,0.4532
1749261920,0.44610000,4078.40000000,0.4532
1749261920,0.44600000,601.90000000,0.4532
1749261920,0.44590000,133.70000000,0.4532
1749261920,0.44580000,5830.30000000,0.4532
1749261920,0.44570000,22.10000000,0.4532
1749261920,0.44540000,336.70000000,0.4532
1749261920,0.44500000,2573.80000000,0.4532
1749261920,0.44490000,5763.80000000,0.4532
1749261920,0.44470000,67.40000000,0.4532
1749261920,0.44460000,411.10000000,0.4532
1749261920,0.44450000,11.30000000,0.4532
1749261920,0.44440000,123.70000000,0.4532
1749261920,0.44430000,31.50000000,0.4532
1749261920,0.44420000,726.60000000,0.4532
1749261920,0.44400000,145.10000000,0.4532
1749261920,0.44380000,223.00000000,0.4532
1749261920,0.44360000,2678.00000000,0.4532
1749261920,0.44350000,7809.90000000,0.4532
1749261920,0.44340000,135.20000000,0.4532
1749261920,0.44330000,325.20000000,0.4532
1749261920,0.44300000,12.00000000,0.4532
1749261920,0.44280000,12.00000000,0.4532
1749261920,0.44250000,415.40000000,0.4532
1749261920,0.44210000,13.30000000,0.4532
1749261920,0.44200000,226.20000000,0.4532
1749261920,0.44190000,1129.40000000,0.4532
1749261920,0.44180000,31.90000000,0.4532
1749261920,0.44140000,224.20000000,0.4532
1749261920,0.44120000,67.90000000,0.4532
1749262227,0.45400000,2510.00000000,0.4541
1749262227,0.45390000,4171.50000000,0.4541
1749262227,0.45380000,8654.40000000,0.4541
1749262227,0.45370000,17799.10000000,0.4541
1749262227,0.45360000,12311.20000000,0.4541
1749262227,0.45350000,20102.40000000,0.4541
1749262227,0.45340000,23938.20000000,0.4541
1749262227,0.45330000,39057.60000000,0.4541
1749262227,0.45320000,35569.80000000,0.4541
1749262227,0.45310000,29360.80000000,0.4541
1749262227,0.45300000,8236.10000000,0.4541
1749262227,0.45290000,12713.20000000,0.4541
1749262227,0.45280000,5091.80000000,0.4541
1749262227,0.45270000,17369.80000000,0.4541
1749262227,0.45260000,5469.10000000,0.4541
1749262227,0.45250000,16155.20000000,0.4541
1749262227,0.45240000,2086.90000000,0.4541
1749262227,0.45230000,5273.70000000,0.4541
1749262227,0.45220000,546.00000000,0.4541
1749262227,0.45210000,4674.40000000,0.4541
1749262227,0.45200000,25996.90000000,0.4541
1749262227,0.45190000,4024.60000000,0.4541
1749262227,0.45180000,6072.30000000,0.4541
1749262227,0.45170000,4024.50000000,0.4541
1749262227,0.45160000,33467.10000000,0.4541
1749262227,0.45150000,4468.90000000,0.4541
1749262227,0.45140000,20670.90000000,0.4541
1749262227,0.45130000,4024.50000000,0.4541
1749262227,0.45120000,28982.40000000,0.4541
1749262227,0.45110000,3311.40000000,0.4541
1749262227,0.45100000,1179.10000000,0.4541
1749262227,0.45090000,3529.60000000,0.4541
1749262227,0.45080000,470.60000000,0.4541
1749262227,0.45070000,3311.40000000,0.4541
1749262227,0.45060000,240.10000000,0.4541
1749262227,0.45050000,44254.50000000,0.4541
1749262227,0.45040000,690.90000000,0.4541
1749262227,0.45030000,3311.40000000,0.4541
1749262227,0.45020000,242.20000000,0.4541
1749262227,0.45010000,3311.50000000,0.4541
1749262227,0.45000000,2558.00000000,0.4541
1749262227,0.44990000,38.50000000,0.4541
1749262227,0.44980000,21.90000000,0.4541
1749262227,0.44970000,3531.80000000,0.4541
1749262227,0.44960000,804.60000000,0.4541
1749262227,0.44950000,259.20000000,0.4541
1749262227,0.44940000,5229.50000000,0.4541
1749262227,0.44930000,6279.40000000,0.4541
1749262227,0.44920000,2375.70000000,0.4541
1749262227,0.44910000,28583.80000000,0.4541
1749262227,0.44900000,44.20000000,0.4541
1749262227,0.44890000,3311.60000000,0.4541
1749262227,0.44880000,22.00000000,0.4541
1749262227,0.44870000,38.60000000,0.4541
1749262227,0.44860000,22.00000000,0.4541
1749262227,0.44850000,3311.60000000,0.4541
1749262227,0.44840000,458.40000000,0.4541
1749262227,0.44830000,38.60000000,0.4541
1749262227,0.44820000,309.10000000,0.4541
1749262227,0.44810000,3311.60000000,0.4541
1749262227,0.44800000,22.00000000,0.4541
1749262227,0.44790000,38.60000000,0.4541
1749262227,0.44780000,22.00000000,0.4541
1749262227,0.44770000,1236.00000000,0.4541
1749262227,0.44760000,2074.90000000,0.4541
1749262227,0.44750000,3181.00000000,0.4541
1749262227,0.44740000,22.00000000,0.4541
1749262227,0.44730000,681.10000000,0.4541
1749262227,0.44720000,22.00000000,0.4541
1749262227,0.44710000,1148.60000000,0.4541
1749262227,0.44700000,197.00000000,0.4541
1749262227,0.44690000,16404.70000000,0.4541
1749262227,0.44680000,21780.50000000,0.4541
1749262227,0.44670000,12422.40000000,0.4541
1749262227,0.44660000,88.90000000,0.4541
1749262227,0.44650000,22.10000000,0.4541
1749262227,0.44610000,4056.30000000,0.4541
1749262227,0.44600000,579.80000000,0.4541
1749262227,0.44590000,111.60000000,0.4541
1749262227,0.44580000,112.10000000,0.4541
1749262227,0.44540000,336.70000000,0.4541
1749262227,0.44500000,2573.80000000,0.4541
1749262227,0.44490000,5763.80000000,0.4541
1749262227,0.44470000,67.40000000,0.4541
1749262227,0.44460000,411.10000000,0.4541
1749262227,0.44450000,11.30000000,0.4541
1749262227,0.44440000,123.70000000,0.4541
1749262227,0.44430000,31.50000000,0.4541
1749262227,0.44420000,726.60000000,0.4541
1749262227,0.44400000,145.10000000,0.4541
1749262227,0.44380000,223.00000000,0.4541
1749262227,0.44360000,2678.00000000,0.4541
1749262227,0.44350000,7809.90000000,0.4541
1749262227,0.44340000,135.20000000,0.4541
1749262227,0.44330000,325.20000000,0.4541
1749262227,0.44300000,12.00000000,0.4541
1749262227,0.44280000,12.00000000,0.4541
1749262227,0.44250000,415.40000000,0.4541
1749262227,0.44210000,13.30000000,0.4541
1749262227,0.44200000,226.20000000,0.4541
1749262529,0.45570000,4281.00000000,0.4557
1749262529,0.45560000,6126.00000000,0.4557
1749262529,0.45550000,8761.90000000,0.4557
1749262529,0.45540000,11504.40000000,0.4557
1749262529,0.45530000,20465.50000000,0.4557
1749262529,0.45520000,20218.60000000,0.4557
1749262529,0.45510000,17608.80000000,0.4557
1749262529,0.45500000,31475.70000000,0.4557
1749262529,0.45490000,32578.20000000,0.4557
1749262529,0.45480000,17128.70000000,0.4557
1749262529,0.45470000,18721.50000000,0.4557
1749262529,0.45460000,4981.30000000,0.4557
1749262529,0.45450000,4912.10000000,0.4557
1749262529,0.45440000,22136.50000000,0.4557
1749262529,0.45430000,3823.20000000,0.4557
1749262529,0.45420000,1063.80000000,0.4557
1749262529,0.45410000,3823.30000000,0.4557
1749262529,0.45400000,1200.50000000,0.4557
1749262529,0.45390000,3823.30000000,0.4557
1749262529,0.45380000,13053.00000000,0.4557
1749262529,0.45370000,3806.70000000,0.4557
1749262529,0.45360000,25755.10000000,0.4557
1749262529,0.45350000,20713.20000000,0.4557
1749262529,0.45340000,8095.60000000,0.4557
1749262529,0.45330000,3806.70000000,0.4557
1749262529,0.45320000,2286.50000000,0.4557
1749262529,0.45310000,22907.40000000,0.4557
1749262529,0.45300000,517.10000000,0.4557
1749262529,0.45290000,4024.90000000,0.4557
1749262529,0.45280000,965.70000000,0.4557
1749262529,0.45270000,3529.90000000,0.4557
1749262529,0.45260000,1175.20000000,0.4557
1749262529,0.45250000,3579.90000000,0.4557
1749262529,0.45240000,26449.00000000,0.4557
1749262529,0.45230000,37025.30000000,0.4557
1749262529,0.45220000,241.60000000,0.4557
1749262529,0.45210000,3311.80000000,0.4557
1749262529,0.45200000,795.50000000,0.4557
1749262529,0.45190000,3311.40000000,0.4557
1749262529,0.45180000,21.80000000,0.4557
1749262529,0.45170000,3311.30000000,0.4557
1749262529,0.45160000,3314.10000000,0.4557
1749262529,0.45150000,3311.30000000,0.4557
1749262529,0.45140000,789.40000000,0.4557
1749262529,0.45130000,3530.70000000,0.4557
1749262529,0.45120000,2516.20000000,0.4557
1749262529,0.45110000,3311.40000000,0.4557
1749262529,0.45100000,21.90000000,0.4557
1749262529,0.45090000,3311.40000000,0.4557
1749262529,0.45080000,4256.90000000,0.4557
1749262529,0.45070000,3311.40000000,0.4557
1749262529,0.45060000,25206.90000000,0.4557
1749262529,0.45050000,4431.80000000,0.4557
1749262529,0.45040000,2298.40000000,0.4557
1749262529,0.45030000,6662.70000000,0.4557
1749262529,0.45020000,21.90000000,0.4557
1749262529,0.45010000,3311.50000000,0.4557
1749262529,0.45000000,655.10000000,0.4557
1749262529,0.44990000,38.50000000,0.4557
1749262529,0.44980000,21.90000000,0.4557
1749262529,0.44970000,3311.50000000,0.4557
1749262529,0.44960000,21.90000000,0.4557
1749262529,0.44950000,38.50000000,0.4557
1749262529,0.44940000,5229.50000000,0.4557
1749262529,0.44930000,8963.30000000,0.4557
1749262529,0.44920000,458.30000000,0.4557
1749262529,0.44910000,1193.10000000,0.4557
1749262529,0.44900000,44.20000000,0.4557
1749262529,0.44890000,38.60000000,0.4557
1749262529,0.44880000,1634.20000000,0.4557
1749262529,0.44870000,3436.50000000,0.4557
1749262529,0.44860000,22.00000000,0.4557
1749262529,0.44850000,71.70000000,0.4557
1749262529,0.44840000,6712.20000000,0.4557
1749262529,0.44830000,38.60000000,0.4557
1749262529,0.44820000,129.60000000,0.4557
1749262529,0.44810000,16.60000000,0.4557
1749262529,0.44800000,220.90000000,0.4557
1749262529,0.44790000,16.60000000,0.4557
1749262529,0.44770000,55.80000000,0.4557
1749262529,0.44750000,3159.00000000,0.4557
1749262529,0.44730000,659.10000000,0.4557
1749262529,0.44710000,190.00000000,0.4557
1749262529,0.44700000,42829.90000000,0.4557
1749262529,0.44690000,16382.60000000,0.4557
1749262529,0.44660000,33.60000000,0.4557
1749262529,0.44630000,5745.30000000,0.4557
1749262529,0.44620000,67.20000000,0.4557
1749262529,0.44610000,432.90000000,0.4557
1749262529,0.44600000,579.80000000,0.4557
1749262529,0.44590000,111.60000000,0.4557
1749262529,0.44580000,112.10000000,0.4557
1749262529,0.44570000,2909.70000000,0.4557
1749262529,0.44540000,336.70000000,0.4557
1749262529,0.44500000,2573.80000000,0.4557
1749262529,0.44470000,67.40000000,0.4557
1749262529,0.44460000,411.10000000,0.4557
1749262529,0.44450000,11.30000000,0.4557
1749262529,0.44440000,123.70000000,0.4557
1749262529,0.44430000,31.50000000,0.4557
1749262830,0.45520000,355.70000000,0.4552
1749262830,0.45510000,2093.30000000,0.4552
1749262830,0.45500000,5256.90000000,0.4552
1749262830,0.45490000,6004.70000000,0.4552
1749262830,0.45480000,11626.40000000,0.4552
1749262830,0.45470000,29835.70000000,0.4552
1749262830,0.45460000,38078.90000000,0.4552
1749262830,0.45450000,23203.20000000,0.4552
1749262830,0.45440000,19124.60000000,0.4552
1749262830,0.45430000,26149.10000000,0.4552
1749262830,0.45420000,20312.00000000,0.4552
1749262830,0.45410000,33034.40000000,0.4552
1749262830,0.45400000,6704.20000000,0.4552
1749262830,0.45390000,14936.80000000,0.4552
1749262830,0.45380000,23997.60000000,0.4552
1749262830,0.45370000,3823.20000000,0.4552
1749262830,0.45360000,13091.30000000,0.4552
1749262830,0.45350000,32893.40000000,0.4552
1749262830,0.45340000,747.50000000,0.4552
1749262830,0.45330000,3806.70000000,0.4552
1749262830,0.45320000,14588.00000000,0.4552
1749262830,0.45310000,4293.20000000,0.4552
1749262830,0.45300000,1015.30000000,0.4552
1749262830,0.45290000,48328.90000000,0.4552
1749262830,0.45280000,965.70000000,0.4552
1749262830,0.45270000,3806.70000000,0.4552
1749262830,0.45260000,517.10000000,0.4552
1749262830,0.45250000,3856.70000000,0.4552
1749262830,0.45240000,2511.20000000,0.4552
1749262830,0.45230000,17054.50000000,0.4552
1749262830,0.45220000,22.20000000,0.4552
1749262830,0.45210000,4466.20000000,0.4552
1749262830,0.45200000,576.00000000,0.4552
1749262830,0.45190000,3311.40000000,0.4552
1749262830,0.45180000,21.80000000,0.4552
1749262830,0.45170000,9838.70000000,0.4552
1749262830,0.45160000,3196.90000000,0.4552
1749262830,0.45150000,29465.40000000,0.4552
1749262830,0.45140000,21.80000000,0.4552
1749262830,0.45130000,3311.30000000,0.4552
1749262830,0.45120000,2287.20000000,0.4552
1749262830,0.45110000,3311.40000000,0.4552
1749262830,0.45100000,21.90000000,0.4552
1749262830,0.45090000,6269.80000000,0.4552
1749262830,0.45080000,4256.90000000,0.4552
1749262830,0.45070000,5370.10000000,0.4552
1749262830,0.45060000,21.90000000,0.4552
1749262830,0.45050000,4431.80000000,0.4552
1749262830,0.45040000,458.30000000,0.4552
1749262830,0.45030000,3311.40000000,0.4552
1749262830,0.45020000,21.90000000,0.4552
1749262830,0.45010000,38.50000000,0.4552
1749262830,0.45000000,941.00000000,0.4552
1749262830,0.44990000,38.50000000,0.4552
1749262830,0.44980000,21.90000000,0.4552
1749262830,0.44970000,1647.40000000,0.4552
1749262830,0.44960000,21.90000000,0.4552
1749262830,0.44950000,5687.70000000,0.4552
1749262830,0.44940000,21.90000000,0.4552
1749262830,0.44930000,16064.90000000,0.4552
1749262830,0.44920000,21.90000000,0.4552
1749262830,0.44910000,1193.10000000,0.4552
1749262830,0.44900000,44.20000000,0.4552
1749262830,0.44890000,38.60000000,0.4552
1749262830,0.44880000,22.00000000,0.4552
1749262830,0.44870000,3436.50000000,0.4552
1749262830,0.44860000,22.00000000,0.4552
1749262830,0.44850000,71.70000000,0.4552
1749262830,0.44840000,22.00000000,0.4552
1749262830,0.44830000,38.60000000,0.4552
1749262830,0.44820000,22.00000000,0.4552
1749262830,0.44810000,6733.20000000,0.4552
1749262830,0.44800000,242.90000000,0.4552
1749262830,0.44790000,22.00000000,0.4552
1749262830,0.44780000,22.00000000,0.4552
1749262830,0.44770000,77.80000000,0.4552
1749262830,0.44750000,3159.00000000,0.4552
1749262830,0.44730000,659.10000000,0.4552
1749262830,0.44710000,190.00000000,0.4552
1749262830,0.44700000,67.10000000,0.4552
1749262830,0.44660000,5719.50000000,0.4552
1749262830,0.44630000,55.50000000,0.4552
1749262830,0.44620000,67.20000000,0.4552
1749262830,0.44610000,432.90000000,0.4552
1749262830,0.44600000,579.80000000,0.4552
1749262830,0.44590000,6657.10000000,0.4552
1749262830,0.44580000,112.10000000,0.4552
1749262830,0.44570000,2887.50000000,0.4552
1749262830,0.44540000,336.70000000,0.4552
1749262830,0.44520000,130.70000000,0.4552
1749262830,0.44500000,2378.00000000,0.4552
1749262830,0.44470000,67.40000000,0.4552
1749262830,0.44460000,411.10000000,0.4552
1749262830,0.44450000,11.30000000,0.4552
1749262830,0.44440000,123.70000000,0.4552
1749262830,0.44430000,31.50000000,0.4552
1749262830,0.44420000,659.10000000,0.4552
1749262830,0.44400000,145.10000000,0.4552
1749262830,0.44350000,170.30000000,0.4552
1749262830,0.44340000,135.20000000,0.4552
1749263132,0.45560000,1012.00000000,0.4557
1749263132,0.45550000,3310.90000000,0.4557
1749263132,0.45540000,5728.80000000,0.4557
1749263132,0.45530000,12124.00000000,0.4557
1749263132,0.45520000,29305.90000000,0.4557
1749263132,0.45510000,42795.90000000,0.4557
1749263132,0.45500000,15753.20000000,0.4557
1749263132,0.45490000,17932.90000000,0.4557
1749263132,0.45480000,50253.90000000,0.4557
1749263132,0.45470000,20081.80000000,0.4557
1749263132,0.45460000,11716.30000000,0.4557
1749263132,0.45450000,21548.20000000,0.4557
1749263132,0.45440000,6928.60000000,0.4557
1749263132,0.45430000,7859.30000000,0.4557
1749263132,0.45420000,7584.30000000,0.4557
1749263132,0.45410000,3823.20000000,0.4557
1749263132,0.45400000,1200.40000000,0.4557
1749263132,0.45390000,17955.40000000,0.4557
1749263132,0.45380000,19518.10000000,0.4557
1749263132,0.45370000,16090.00000000,0.4557
1749263132,0.45360000,2285.50000000,0.4557
1749263132,0.45350000,33229.90000000,0.4557
1749263132,0.45340000,735.30000000,0.4557
1749263132,0.45330000,4293.00000000,0.4557
1749263132,0.45320000,14902.00000000,0.4557
1749263132,0.45310000,3806.70000000,0.4557
1749263132,0.45300000,1446.00000000,0.4557
1749263132,0.45290000,35206.90000000,0.4557
1749263132,0.45280000,470.70000000,0.4557
1749263132,0.45270000,3792.00000000,0.4557
1749263132,0.45260000,1175.20000000,0.4557
1749263132,0.45250000,3361.70000000,0.4557
1749263132,0.45240000,470.80000000,0.4557
1749263132,0.45230000,4643.00000000,0.4557
1749263132,0.45220000,22.20000000,0.4557
1749263132,0.45210000,5353.60000000,0.4557
1749263132,0.45200000,576.00000000,0.4557
1749263132,0.45190000,3311.40000000,0.4557
1749263132,0.45180000,241.20000000,0.4557
1749263132,0.45170000,8492.40000000,0.4557
1749263132,0.45160000,3196.90000000,0.4557
1749263132,0.45150000,29465.40000000,0.4557
1749263132,0.45140000,241.60000000,0.4557
1749263132,0.45130000,4078.90000000,0.4557
1749263132,0.45120000,2067.60000000,0.4557
1749263132,0.45110000,3530.80000000,0.4557
1749263132,0.45100000,21.90000000,0.4557
1749263132,0.45090000,5060.10000000,0.4557
1749263132,0.45080000,4256.90000000,0.4557
1749263132,0.45070000,5150.30000000,0.4557
1749263132,0.45060000,21.90000000,0.4557
1749263132,0.45050000,10068.50000000,0.4557
1749263132,0.45040000,458.30000000,0.4557
1749263132,0.45030000,3311.40000000,0.4557
1749263132,0.45020000,21.90000000,0.4557
1749263132,0.45010000,38.50000000,0.4557
1749263132,0.45000000,941.00000000,0.4557
1749263132,0.44990000,38.50000000,0.4557
1749263132,0.44980000,21.90000000,0.4557
1749263132,0.44970000,1647.40000000,0.4557
1749263132,0.44960000,21.90000000,0.4557
1749263132,0.44950000,38.50000000,0.4557
1749263132,0.44940000,21.90000000,0.4557
1749263132,0.44930000,16064.90000000,0.4557
1749263132,0.44920000,21.90000000,0.4557
1749263132,0.44910000,1193.10000000,0.4557
1749263132,0.44900000,44.20000000,0.4557
1749263132,0.44890000,38.60000000,0.4557
1749263132,0.44880000,22.00000000,0.4557
1749263132,0.44870000,3436.50000000,0.4557
1749263132,0.44860000,6709.20000000,0.4557
1749263132,0.44850000,71.70000000,0.4557
1749263132,0.44840000,22.00000000,0.4557
1749263132,0.44830000,38.60000000,0.4557
1749263132,0.44820000,22.00000000,0.4557
1749263132,0.44810000,38.60000000,0.4557
1749263132,0.44800000,220.90000000,0.4557
1749263132,0.44770000,55.80000000,0.4557
1749263132,0.44750000,3159.00000000,0.4557
1749263132,0.44730000,659.10000000,0.4557
1749263132,0.44710000,190.00000000,0.4557
1749263132,0.44700000,67.10000000,0.4557
1749263132,0.44660000,5719.50000000,0.4557
1749263132,0.44630000,55.50000000,0.4557
1749263132,0.44620000,67.20000000,0.4557
1749263132,0.44610000,432.90000000,0.4557
1749263132,0.44600000,579.80000000,0.4557
1749263132,0.44590000,6657.10000000,0.4557
1749263132,0.44580000,112.10000000,0.4557
1749263132,0.44570000,2887.50000000,0.4557
1749263132,0.44540000,336.70000000,0.4557
1749263132,0.44520000,130.70000000,0.4557
1749263132,0.44500000,2378.00000000,0.4557
1749263132,0.44470000,67.40000000,0.4557
1749263132,0.44460000,411.10000000,0.4557
1749263132,0.44450000,11.30000000,0.4557
1749263132,0.44440000,123.70000000,0.4557
1749263132,0.44430000,31.50000000,0.4557
1749263132,0.44420000,659.10000000,0.4557
1749263132,0.44400000,145.10000000,0.4557
1749263433,0.45500000,1520.50000000,0.4551
1749263433,0.45490000,2722.40000000,0.4551
1749263433,0.45480000,5379.00000000,0.4551
1749263433,0.45470000,8976.40000000,0.4551
1749263433,0.45460000,15538.00000000,0.4551
1749263433,0.45450000,24850.40000000,0.4551
1749263433,0.45440000,42415.40000000,0.4551
1749263433,0.45430000,58512.10000000,0.4551
1749263433,0.45420000,32440.30000000,0.4551
1749263433,0.45410000,13560.70000000,0.4551
1749263433,0.45400000,14780.60000000,0.4551
1749263433,0.45390000,16349.00000000,0.4551
1749263433,0.45380000,19501.60000000,0.4551
1749263433,0.45370000,4249.00000000,0.4551
1749263433,0.45360000,14566.20000000,0.4551
1749263433,0.45350000,33383.40000000,0.4551
1749263433,0.45340000,14460.30000000,0.4551
1749263433,0.45330000,4286.40000000,0.4551
1749263433,0.45320000,8368.70000000,0.4551
1749263433,0.45310000,3806.70000000,0.4551
1749263433,0.45300000,1003.10000000,0.4551
1749263433,0.45290000,45342.40000000,0.4551
1749263433,0.45280000,965.70000000,0.4551
1749263433,0.45270000,3806.70000000,0.4551
1749263433,0.45260000,22.10000000,0.4551
1749263433,0.45250000,3856.70000000,0.4551
1749263433,0.45240000,965.80000000,0.4551
1749263433,0.45230000,7179.90000000,0.4551
1749263433,0.45220000,22.20000000,0.4551
1749263433,0.45210000,4466.20000000,0.4551
1749263433,0.45200000,576.00000000,0.4551
1749263433,0.45190000,3311.40000000,0.4551
1749263433,0.45180000,21.80000000,0.4551
1749263433,0.45170000,8492.40000000,0.4551
1749263433,0.45160000,2977.20000000,0.4551
1749263433,0.45150000,29465.40000000,0.4551
1749263433,0.45140000,1768.60000000,0.4551
1749263433,0.45130000,3530.60000000,0.4551
1749263433,0.45120000,2067.60000000,0.4551
1749263433,0.45110000,3530.80000000,0.4551
1749263433,0.45100000,307.20000000,0.4551
1749263433,0.45090000,3530.80000000,0.4551
1749263433,0.45080000,4476.50000000,0.4551
1749263433,0.45070000,5918.50000000,0.4551
1749263433,0.45060000,21.90000000,0.4551
1749263433,0.45050000,10068.50000000,0.4551
1749263433,0.45040000,458.30000000,0.4551
1749263433,0.45030000,3311.40000000,0.4551
1749263433,0.45020000,21.90000000,0.4551
1749263433,0.45010000,38.50000000,0.4551
1749263433,0.45000000,655.10000000,0.4551
1749263433,0.44990000,38.50000000,0.4551
1749263433,0.44980000,21.90000000,0.4551
1749263433,0.44970000,1647.40000000,0.4551
1749263433,0.44960000,21.90000000,0.4551
1749263433,0.44950000,38.50000000,0.4551
1749263433,0.44940000,21.90000000,0.4551
1749263433,0.44930000,16064.90000000,0.4551
1749263433,0.44920000,21.90000000,0.4551
1749263433,0.44910000,1193.10000000,0.4551
1749263433,0.44900000,2267.40000000,0.4551
1749263433,0.44890000,38.60000000,0.4551
1749263433,0.44880000,22.00000000,0.4551
1749263433,0.44870000,3436.50000000,0.4551
1749263433,0.44860000,22.00000000,0.4551
1749263433,0.44850000,71.70000000,0.4551
1749263433,0.44840000,22.00000000,0.4551
1749263433,0.44830000,38.60000000,0.4551
1749263433,0.44820000,22.00000000,0.4551
1749263433,0.44810000,6733.20000000,0.4551
1749263433,0.44800000,242.90000000,0.4551
1749263433,0.44790000,22.00000000,0.4551
1749263433,0.44780000,22.00000000,0.4551
1749263433,0.44770000,77.80000000,0.4551
1749263433,0.44760000,22.00000000,0.4551
1749263433,0.44750000,3181.00000000,0.4551
1749263433,0.44730000,659.10000000,0.4551
1749263433,0.44710000,190.00000000,0.4551
1749263433,0.44700000,67.10000000,0.4551
1749263433,0.44660000,5719.50000000,0.4551
1749263433,0.44620000,67.20000000,0.4551
1749263433,0.44610000,432.90000000,0.4551
1749263433,0.44600000,579.80000000,0.4551
1749263433,0.44590000,6657.10000000,0.4551
1749263433,0.44580000,112.10000000,0.4551
1749263433,0.44570000,2887.50000000,0.4551
1749263433,0.44540000,336.70000000,0.4551
1749263433,0.44520000,130.70000000,0.4551
1749263433,0.44500000,2378.00000000,0.4551
1749263433,0.44470000,67.40000000,0.4551
1749263433,0.44460000,411.10000000,0.4551
1749263433,0.44450000,11.30000000,0.4551
1749263433,0.44440000,123.70000000,0.4551
1749263433,0.44430000,31.50000000,0.4551
1749263433,0.44420000,659.10000000,0.4551
1749263433,0.44400000,145.10000000,0.4551
1749263433,0.44360000,67.60000000,0.4551
1749263433,0.44350000,102.70000000,0.4551
1749263433,0.44340000,135.20000000,0.4551
1749263433,0.44330000,325.20000000,0.4551
1749263735,0.45500000,1565.00000000,0.455
1749263735,0.45490000,6052.50000000,0.455
1749263735,0.45480000,14016.60000000,0.455
1749263735,0.45470000,20729.10000000,0.455
1749263735,0.45460000,16816.60000000,0.455
1749263735,0.45450000,15637.80000000,0.455
1749263735,0.45440000,30470.20000000,0.455
1749263735,0.45430000,45237.20000000,0.455
1749263735,0.45420000,35245.70000000,0.455
1749263735,0.45410000,21897.10000000,0.455
1749263735,0.45400000,7778.80000000,0.455
1749263735,0.45390000,17690.20000000,0.455
1749263735,0.45380000,19518.10000000,0.455
1749263735,0.45370000,15210.70000000,0.455
1749263735,0.45360000,18534.30000000,0.455
1749263735,0.45350000,29337.00000000,0.455
1749263735,0.45340000,747.50000000,0.455
1749263735,0.45330000,4293.00000000,0.455
1749263735,0.45320000,20669.00000000,0.455
1749263735,0.45310000,3806.70000000,0.455
1749263735,0.45300000,1015.30000000,0.455
1749263735,0.45290000,49427.10000000,0.455
1749263735,0.45280000,14444.60000000,0.455
1749263735,0.45270000,3806.70000000,0.455
1749263735,0.45260000,997.60000000,0.455
1749263735,0.45250000,4074.90000000,0.455
1749263735,0.45240000,2119.40000000,0.455
1749263735,0.45230000,5353.70000000,0.455
1749263735,0.45220000,22.20000000,0.455
1749263735,0.45210000,3311.80000000,0.455
1749263735,0.45200000,576.00000000,0.455
1749263735,0.45190000,3311.40000000,0.455
1749263735,0.45180000,21.80000000,0.455
1749263735,0.45170000,9822.60000000,0.455
1749263735,0.45160000,2977.20000000,0.455
1749263735,0.45150000,29465.40000000,0.455
1749263735,0.45140000,1988.30000000,0.455
1749263735,0.45130000,3311.30000000,0.455
1749263735,0.45120000,2067.60000000,0.455
1749263735,0.45110000,3530.80000000,0.455
1749263735,0.45100000,3301.60000000,0.455
1749263735,0.45090000,3530.80000000,0.455
1749263735,0.45080000,4488.80000000,0.455
1749263735,0.45070000,5919.00000000,0.455
1749263735,0.45060000,21.90000000,0.455
1749263735,0.45050000,4431.80000000,0.455
1749263735,0.45040000,458.30000000,0.455
1749263735,0.45030000,3311.40000000,0.455
1749263735,0.45020000,21.90000000,0.455
1749263735,0.45010000,38.50000000,0.455
1749263735,0.45000000,941.00000000,0.455
1749263735,0.44990000,38.50000000,0.455
1749263735,0.44980000,21.90000000,0.455
1749263735,0.44970000,1647.40000000,0.455
1749263735,0.44960000,21.90000000,0.455
1749263735,0.44950000,38.50000000,0.455
1749263735,0.44940000,21.90000000,0.455
1749263735,0.44930000,16064.90000000,0.455
1749263735,0.44920000,21.90000000,0.455
1749263735,0.44910000,1193.10000000,0.455
1749263735,0.44900000,2267.40000000,0.455
1749263735,0.44890000,38.60000000,0.455
1749263735,0.44880000,5680.10000000,0.455
1749263735,0.44870000,3436.50000000,0.455
1749263735,0.44860000,22.00000000,0.455
1749263735,0.44850000,71.70000000,0.455
1749263735,0.44840000,22.00000000,0.455
1749263735,0.44830000,38.60000000,0.455
1749263735,0.44820000,22.00000000,0.455
1749263735,0.44810000,6733.20000000,0.455
1749263735,0.44800000,242.90000000,0.455
1749263735,0.44790000,22.00000000,0.455
1749263735,0.44780000,22.00000000,0.455
1749263735,0.44770000,77.80000000,0.455
1749263735,0.44760000,22.00000000,0.455
1749263735,0.44750000,3181.00000000,0.455
1749263735,0.44730000,659.10000000,0.455
1749263735,0.44710000,190.00000000,0.455
1749263735,0.44700000,67.10000000,0.455
1749263735,0.44660000,5719.50000000,0.455
1749263735,0.44620000,67.20000000,0.455
1749263735,0.44610000,432.90000000,0.455
1749263735,0.44600000,579.80000000,0.455
1749263735,0.44590000,6657.10000000,0.455
1749263735,0.44580000,112.10000000,0.455
1749263735,0.44570000,2887.50000000,0.455
1749263735,0.44540000,336.70000000,0.455
1749263735,0.44520000,130.70000000,0.455
1749263735,0.44500000,2378.00000000,0.455
1749263735,0.44470000,67.40000000,0.455
1749263735,0.44460000,411.10000000,0.455
1749263735,0.44450000,11.30000000,0.455
1749263735,0.44440000,123.70000000,0.455
1749263735,0.44430000,31.50000000,0.455
1749263735,0.44420000,659.10000000,0.455
1749263735,0.44400000,145.10000000,0.455
1749263735,0.44350000,102.70000000,0.455
1749263735,0.44340000,135.20000000,0.455
1749263735,0.44330000,325.20000000,0.455
1749263735,0.44320000,223.30000000,0.455
1749264036,0.45660000,1384.20000000,0.4568
1749264036,0.45650000,5564.70000000,0.4568
1749264036,0.45640000,11819.20000000,0.4568
1749264036,0.45630000,27318.60000000,0.4568
1749264036,0.45620000,29859.40000000,0.4568
1749264036,0.45610000,29473.70000000,0.4568
1749264036,0.45600000,20846.40000000,0.4568
1749264036,0.45590000,24620.90000000,0.4568
1749264036,0.45580000,30957.50000000,0.4568
1749264036,0.45570000,15175.30000000,0.4568
1749264036,0.45560000,15421.00000000,0.4568
1749264036,0.45550000,4005.50000000,0.4568
1749264036,0.45540000,5985.70000000,0.4568
1749264036,0.45530000,3823.00000000,0.4568
1749264036,0.45520000,2205.70000000,0.4568
1749264036,0.45510000,4920.00000000,0.4568
1749264036,0.45500000,914.20000000,0.4568
1749264036,0.45490000,14748.50000000,0.4568
1749264036,0.45480000,6643.20000000,0.4568
1749264036,0.45470000,23152.40000000,0.4568
1749264036,0.45460000,1896.80000000,0.4568
1749264036,0.45450000,17196.30000000,0.4568
1749264036,0.45440000,8349.80000000,0.4568
1749264036,0.45430000,13070.50000000,0.4568
1749264036,0.45420000,735.30000000,0.4568
1749264036,0.45410000,4248.60000000,0.4568
1749264036,0.45400000,15485.80000000,0.4568
1749264036,0.45390000,3311.70000000,0.4568
1749264036,0.45380000,19479.70000000,0.4568
1749264036,0.45370000,3791.00000000,0.4568
1749264036,0.45360000,1839.50000000,0.4568
1749264036,0.45350000,29710.70000000,0.4568
1749264036,0.45340000,22.10000000,0.4568
1749264036,0.45330000,3311.70000000,0.4568
1749264036,0.45320000,470.70000000,0.4568
1749264036,0.45310000,3311.70000000,0.4568
1749264036,0.45300000,241.10000000,0.4568
1749264036,0.45290000,34988.70000000,0.4568
1749264036,0.45280000,470.70000000,0.4568
1749264036,0.45270000,3311.70000000,0.4568
1749264036,0.45260000,241.20000000,0.4568
1749264036,0.45250000,3361.70000000,0.4568
1749264036,0.45240000,690.10000000,0.4568
1749264036,0.45230000,5353.70000000,0.4568
1749264036,0.45220000,788.40000000,0.4568
1749264036,0.45210000,3311.80000000,0.4568
1749264036,0.45200000,2446.70000000,0.4568
1749264036,0.45190000,3970.50000000,0.4568
1749264036,0.45180000,21.80000000,0.4568
1749264036,0.45170000,10399.40000000,0.4568
1749264036,0.45160000,4082.70000000,0.4568
1749264036,0.45150000,29465.40000000,0.4568
1749264036,0.45140000,1768.60000000,0.4568
1749264036,0.45130000,5148.00000000,0.4568
1749264036,0.45120000,2055.40000000,0.4568
1749264036,0.45110000,3311.40000000,0.4568
1749264036,0.45100000,3586.90000000,0.4568
1749264036,0.45090000,3311.40000000,0.4568
1749264036,0.45080000,458.30000000,0.4568
1749264036,0.45070000,8945.60000000,0.4568
1749264036,0.45060000,21.90000000,0.4568
1749264036,0.45050000,38.40000000,0.4568
1749264036,0.45040000,458.30000000,0.4568
1749264036,0.45030000,38.40000000,0.4568
1749264036,0.45020000,21.90000000,0.4568
1749264036,0.45010000,38.50000000,0.4568
1749264036,0.45000000,3594.50000000,0.4568
1749264036,0.44990000,38.50000000,0.4568
1749264036,0.44980000,241.90000000,0.4568
1749264036,0.44970000,8318.20000000,0.4568
1749264036,0.44960000,21.90000000,0.4568
1749264036,0.44950000,38.50000000,0.4568
1749264036,0.44940000,21343.90000000,0.4568
1749264036,0.44930000,16064.90000000,0.4568
1749264036,0.44920000,21.90000000,0.4568
1749264036,0.44910000,1193.10000000,0.4568
1749264036,0.44900000,2245.40000000,0.4568
1749264036,0.44890000,16.60000000,0.4568
1749264036,0.44870000,16.60000000,0.4568
1749264036,0.44850000,33.10000000,0.4568
1749264036,0.44770000,55.80000000,0.4568
1749264036,0.44760000,221.10000000,0.4568
1749264036,0.44750000,8833.50000000,0.4568
1749264036,0.44720000,2656.50000000,0.4568
1749264036,0.44710000,190.00000000,0.4568
1749264036,0.44700000,67.10000000,0.4568
1749264036,0.44660000,33.60000000,0.4568
1749264036,0.44620000,67.20000000,0.4568
1749264036,0.44610000,432.90000000,0.4568
1749264036,0.44600000,579.80000000,0.4568
1749264036,0.44590000,6657.10000000,0.4568
1749264036,0.44580000,112.10000000,0.4568
1749264036,0.44540000,336.70000000,0.4568
1749264036,0.44520000,130.70000000,0.4568
1749264036,0.44510000,222.40000000,0.4568
1749264036,0.44500000,2378.00000000,0.4568
1749264036,0.44470000,67.40000000,0.4568
1749264036,0.44460000,411.10000000,0.4568
1749264036,0.44450000,1134.10000000,0.4568
1749264036,0.44440000,123.70000000,0.4568
1749264339,0.45550000,22.00000000,0.4556
1749264339,0.45540000,2685.20000000,0.4556
1749264339,0.45530000,12684.20000000,0.4556
1749264339,0.45520000,20712.80000000,0.4556
1749264339,0.45510000,10449.80000000,0.4556
1749264339,0.45500000,6090.00000000,0.4556
1749264339,0.45490000,23937.50000000,0.4556
1749264339,0.45480000,46385.70000000,0.4556
1749264339,0.45470000,18606.60000000,0.4556
1749264339,0.45460000,24926.30000000,0.4556
1749264339,0.45450000,24911.60000000,0.4556
1749264339,0.45440000,2919.90000000,0.4556
1749264339,0.45430000,33520.70000000,0.4556
1749264339,0.45420000,764.00000000,0.4556
1749264339,0.45410000,14145.20000000,0.4556
1749264339,0.45400000,20439.30000000,0.4556
1749264339,0.45390000,3823.20000000,0.4556
1749264339,0.45380000,747.50000000,0.4556
1749264339,0.45370000,3806.70000000,0.4556
1749264339,0.45360000,38519.50000000,0.4556
1749264339,0.45350000,5821.80000000,0.4556
1749264339,0.45340000,529.30000000,0.4556
1749264339,0.45330000,5351.70000000,0.4556
1749264339,0.45320000,8368.70000000,0.4556
1749264339,0.45310000,35483.70000000,0.4556
1749264339,0.45300000,13652.00000000,0.4556
1749264339,0.45290000,4286.90000000,0.4556
1749264339,0.45280000,688.90000000,0.4556
1749264339,0.45270000,17043.60000000,0.4556
1749264339,0.45260000,1175.20000000,0.4556
1749264339,0.45250000,3361.70000000,0.4556
1749264339,0.45240000,470.80000000,0.4556
1749264339,0.45230000,6710.30000000,0.4556
1749264339,0.45220000,22.20000000,0.4556
1749264339,0.45210000,3311.80000000,0.4556
1749264339,0.45200000,690.30000000,0.4556
1749264339,0.45190000,3970.50000000,0.4556
1749264339,0.45180000,21.80000000,0.4556
1749264339,0.45170000,8492.40000000,0.4556
1749264339,0.45160000,3196.90000000,0.4556
1749264339,0.45150000,29465.40000000,0.4556
1749264339,0.45140000,241.00000000,0.4556
1749264339,0.45130000,3311.30000000,0.4556
1749264339,0.45120000,1238.60000000,0.4556
1749264339,0.45110000,3311.40000000,0.4556
1749264339,0.45100000,3806.40000000,0.4556
1749264339,0.45090000,3311.40000000,0.4556
1749264339,0.45080000,2346.20000000,0.4556
1749264339,0.45070000,38.40000000,0.4556
1749264339,0.45060000,21.90000000,0.4556
1749264339,0.45050000,38.40000000,0.4556
1749264339,0.45040000,458.30000000,0.4556
1749264339,0.45030000,38.40000000,0.4556
1749264339,0.45020000,1773.30000000,0.4556
1749264339,0.45010000,38.50000000,0.4556
1749264339,0.45000000,3975.10000000,0.4556
1749264339,0.44990000,38.50000000,0.4556
1749264339,0.44980000,241.90000000,0.4556
1749264339,0.44970000,38.50000000,0.4556
1749264339,0.44960000,21.90000000,0.4556
1749264339,0.44950000,38.50000000,0.4556
1749264339,0.44940000,21.90000000,0.4556
1749264339,0.44930000,16064.90000000,0.4556
1749264339,0.44920000,1632.60000000,0.4556
1749264339,0.44910000,38.50000000,0.4556
1749264339,0.44900000,2267.40000000,0.4556
1749264339,0.44890000,38.60000000,0.4556
1749264339,0.44880000,1177.40000000,0.4556
1749264339,0.44870000,3347.10000000,0.4556
1749264339,0.44860000,22.00000000,0.4556
1749264339,0.44850000,55.10000000,0.4556
1749264339,0.44840000,22.00000000,0.4556
1749264339,0.44830000,22.00000000,0.4556
1749264339,0.44820000,6715.10000000,0.4556
1749264339,0.44810000,22.00000000,0.4556
1749264339,0.44800000,22.00000000,0.4556
1749264339,0.44770000,55.80000000,0.4556
1749264339,0.44760000,221.10000000,0.4556
1749264339,0.44750000,8833.50000000,0.4556
1749264339,0.44710000,190.00000000,0.4556
1749264339,0.44700000,67.10000000,0.4556
1749264339,0.44660000,33.60000000,0.4556
1749264339,0.44640000,2683.40000000,0.4556
1749264339,0.44630000,5689.80000000,0.4556
1749264339,0.44620000,67.20000000,0.4556
1749264339,0.44610000,432.90000000,0.4556
1749264339,0.44600000,579.80000000,0.4556
1749264339,0.44590000,6657.10000000,0.4556
1749264339,0.44580000,112.10000000,0.4556
1749264339,0.44540000,336.70000000,0.4556
1749264339,0.44520000,130.70000000,0.4556
1749264339,0.44510000,222.40000000,0.4556
1749264339,0.44500000,2378.00000000,0.4556
1749264339,0.44470000,67.40000000,0.4556
1749264339,0.44460000,411.10000000,0.4556
1749264339,0.44450000,11.30000000,0.4556
1749264339,0.44440000,123.70000000,0.4556
1749264339,0.44430000,31.50000000,0.4556
1749264339,0.44420000,659.10000000,0.4556
1749264339,0.44400000,145.10000000,0.4556
1749264640,0.45590000,1943.20000000,0.4559
1749264640,0.45580000,3974.20000000,0.4559
1749264640,0.45570000,9744.70000000,0.4559
1749264640,0.45560000,11049.50000000,0.4559
1749264640,0.45550000,11756.10000000,0.4559
1749264640,0.45540000,11284.50000000,0.4559
1749264640,0.45530000,28083.00000000,0.4559
1749264640,0.45520000,35981.50000000,0.4559
1749264640,0.45510000,23305.20000000,0.4559
1749264640,0.45500000,7692.00000000,0.4559
1749264640,0.45490000,11999.40000000,0.4559
1749264640,0.45480000,24923.50000000,0.4559
1749264640,0.45470000,16914.00000000,0.4559
1749264640,0.45460000,16770.80000000,0.4559
1749264640,0.45450000,17670.80000000,0.4559
1749264640,0.45440000,2224.00000000,0.4559
1749264640,0.45430000,26986.40000000,0.4559
1749264640,0.45420000,13504.00000000,0.4559
1749264640,0.45410000,4146.00000000,0.4559
1749264640,0.45400000,12525.70000000,0.4559
1749264640,0.45390000,15759.00000000,0.4559
1749264640,0.45380000,25285.10000000,0.4559
1749264640,0.45370000,4898.50000000,0.4559
1749264640,0.45360000,1168.30000000,0.4559
1749264640,0.45350000,3311.70000000,0.4559
1749264640,0.45340000,22.10000000,0.4559
1749264640,0.45330000,3311.70000000,0.4559
1749264640,0.45320000,9025.30000000,0.4559
1749264640,0.45310000,34988.70000000,0.4559
1749264640,0.45300000,22.10000000,0.4559
1749264640,0.45290000,4654.50000000,0.4559
1749264640,0.45280000,470.70000000,0.4559
1749264640,0.45270000,3311.70000000,0.4559
1749264640,0.45260000,22.10000000,0.4559
1749264640,0.45250000,3361.70000000,0.4559
1749264640,0.45240000,690.10000000,0.4559
1749264640,0.45230000,3311.80000000,0.4559
1749264640,0.45220000,22.20000000,0.4559
1749264640,0.45210000,3530.70000000,0.4559
1749264640,0.45200000,470.80000000,0.4559
1749264640,0.45190000,6233.60000000,0.4559
1749264640,0.45180000,788.30000000,0.4559
1749264640,0.45170000,8492.40000000,0.4559
1749264640,0.45160000,2965.00000000,0.4559
1749264640,0.45150000,29684.60000000,0.4559
1749264640,0.45140000,1769.20000000,0.4559
1749264640,0.45130000,3311.30000000,0.4559
1749264640,0.45120000,458.20000000,0.4559
1749264640,0.45110000,3311.40000000,0.4559
1749264640,0.45100000,3586.90000000,0.4559
1749264640,0.45090000,3311.40000000,0.4559
1749264640,0.45080000,3465.80000000,0.4559
1749264640,0.45070000,38.40000000,0.4559
1749264640,0.45060000,21.90000000,0.4559
1749264640,0.45050000,1638.10000000,0.4559
1749264640,0.45040000,458.30000000,0.4559
1749264640,0.45030000,38.40000000,0.4559
1749264640,0.45020000,21.90000000,0.4559
1749264640,0.45010000,1646.00000000,0.4559
1749264640,0.45000000,3975.10000000,0.4559
1749264640,0.44990000,5682.70000000,0.4559
1749264640,0.44980000,241.90000000,0.4559
1749264640,0.44970000,1191.60000000,0.4559
1749264640,0.44960000,21.90000000,0.4559
1749264640,0.44950000,38.50000000,0.4559
1749264640,0.44940000,21.90000000,0.4559
1749264640,0.44930000,16064.90000000,0.4559
1749264640,0.44920000,21.90000000,0.4559
1749264640,0.44910000,38.50000000,0.4559
1749264640,0.44900000,44.20000000,0.4559
1749264640,0.44890000,38.60000000,0.4559
1749264640,0.44880000,6706.20000000,0.4559
1749264640,0.44870000,3347.10000000,0.4559
1749264640,0.44860000,22.00000000,0.4559
1749264640,0.44850000,55.10000000,0.4559
1749264640,0.44840000,22.00000000,0.4559
1749264640,0.44830000,22.00000000,0.4559
1749264640,0.44770000,55.80000000,0.4559
1749264640,0.44760000,221.10000000,0.4559
1749264640,0.44750000,3159.00000000,0.4559
1749264640,0.44720000,5678.30000000,0.4559
1749264640,0.44710000,190.00000000,0.4559
1749264640,0.44700000,67.10000000,0.4559
1749264640,0.44660000,33.60000000,0.4559
1749264640,0.44640000,2683.40000000,0.4559
1749264640,0.44620000,67.20000000,0.4559
1749264640,0.44610000,432.90000000,0.4559
1749264640,0.44600000,579.80000000,0.4559
1749264640,0.44590000,6657.10000000,0.4559
1749264640,0.44580000,112.10000000,0.4559
1749264640,0.44540000,336.70000000,0.4559
1749264640,0.44520000,130.70000000,0.4559
1749264640,0.44510000,222.40000000,0.4559
1749264640,0.44500000,2378.00000000,0.4559
1749264640,0.44470000,67.40000000,0.4559
1749264640,0.44460000,411.10000000,0.4559
1749264640,0.44450000,11.30000000,0.4559
1749264640,0.44440000,123.70000000,0.4559
1749264640,0.44430000,31.50000000,0.4559
1749264640,0.44420000,1782.70000000,0.4559
1749264942,0.45770000,1314.10000000,0.4579
1749264942,0.45760000,3646.20000000,0.4579
1749264942,0.45750000,11392.80000000,0.4579
1749264942,0.45740000,6060.20000000,0.4579
1749264942,0.45730000,8682.70000000,0.4579
1749264942,0.45720000,19048.90000000,0.4579
1749264942,0.45710000,23072.20000000,0.4579
1749264942,0.45700000,27832.40000000,0.4579
1749264942,0.45690000,25937.20000000,0.4579
1749264942,0.45680000,17704.60000000,0.4579
1749264942,0.45670000,8409.80000000,0.4579
1749264942,0.45660000,8175.80000000,0.4579
1749264942,0.45650000,10408.40000000,0.4579
1749264942,0.45640000,14274.30000000,0.4579
1749264942,0.45630000,6011.80000000,0.4579
1749264942,0.45620000,26605.50000000,0.4579
1749264942,0.45610000,8265.20000000,0.4579
1749264942,0.45600000,3856.50000000,0.4579
1749264942,0.45590000,4141.10000000,0.4579
1749264942,0.45580000,747.30000000,0.4579
1749264942,0.45570000,10535.50000000,0.4579
1749264942,0.45560000,21964.10000000,0.4579
1749264942,0.45550000,3311.50000000,0.4579
1749264942,0.45540000,240.20000000,0.4579
1749264942,0.45530000,22065.60000000,0.4579
1749264942,0.45520000,688.70000000,0.4579
1749264942,0.45510000,4942.20000000,0.4579
1749264942,0.45500000,25441.60000000,0.4579
1749264942,0.45490000,4468.60000000,0.4579
1749264942,0.45480000,5913.50000000,0.4579
1749264942,0.45470000,4640.30000000,0.4579
1749264942,0.45460000,131.90000000,0.4579
1749264942,0.45450000,3311.60000000,0.4579
1749264942,0.45440000,470.70000000,0.4579
1749264942,0.45430000,5344.90000000,0.4579
1749264942,0.45420000,240.60000000,0.4579
1749264942,0.45410000,8465.40000000,0.4579
1749264942,0.45400000,32147.70000000,0.4579
1749264942,0.45390000,3311.70000000,0.4579
1749264942,0.45380000,785.50000000,0.4579
1749264942,0.45370000,3311.70000000,0.4579
1749264942,0.45360000,689.40000000,0.4579
1749264942,0.45350000,3311.70000000,0.4579
1749264942,0.45340000,3284.40000000,0.4579
1749264942,0.45330000,3530.10000000,0.4579
1749264942,0.45320000,2554.80000000,0.4579
1749264942,0.45310000,3311.70000000,0.4579
1749264942,0.45300000,26176.20000000,0.4579
1749264942,0.45290000,3311.70000000,0.4579
1749264942,0.45280000,458.50000000,0.4579
1749264942,0.45270000,3311.70000000,0.4579
1749264942,0.45260000,1764.80000000,0.4579
1749264942,0.45250000,5265.50000000,0.4579
1749264942,0.45240000,7903.90000000,0.4579
1749264942,0.45230000,38.80000000,0.4579
1749264942,0.45220000,22.20000000,0.4579
1749264942,0.45210000,38.80000000,0.4579
1749264942,0.45200000,458.60000000,0.4579
1749264942,0.45190000,697.50000000,0.4579
1749264942,0.45180000,21.80000000,0.4579
1749264942,0.45170000,38.30000000,0.4579
1749264942,0.45160000,2528.60000000,0.4579
1749264942,0.45150000,38.30000000,0.4579
1749264942,0.45140000,21.80000000,0.4579
1749264942,0.45130000,3349.70000000,0.4579
1749264942,0.45120000,21.80000000,0.4579
1749264942,0.45110000,6688.40000000,0.4579
1749264942,0.45100000,307.20000000,0.4579
1749264942,0.45090000,38.40000000,0.4579
1749264942,0.45080000,21.90000000,0.4579
1749264942,0.45070000,2234.90000000,0.4579
1749264942,0.45060000,21.90000000,0.4579
1749264942,0.45050000,38.40000000,0.4579
1749264942,0.45040000,54.80000000,0.4579
1749264942,0.45030000,38.40000000,0.4579
1749264942,0.45020000,21.90000000,0.4579
1749264942,0.45000000,196.80000000,0.4579
1749264942,0.44980000,220.00000000,0.4579
1749264942,0.44940000,21322.00000000,0.4579
1749264942,0.44930000,16026.40000000,0.4579
1749264942,0.44900000,22.20000000,0.4579
1749264942,0.44820000,5665.60000000,0.4579
1749264942,0.44810000,66.90000000,0.4579
1749264942,0.44790000,2652.30000000,0.4579
1749264942,0.44770000,55.80000000,0.4579
1749264942,0.44760000,221.10000000,0.4579
1749264942,0.44750000,3159.00000000,0.4579
1749264942,0.44710000,190.00000000,0.4579
1749264942,0.44700000,67.10000000,0.4579
1749264942,0.44660000,33.60000000,0.4579
1749264942,0.44610000,432.90000000,0.4579
1749264942,0.44600000,579.80000000,0.4579
1749264942,0.44590000,6657.10000000,0.4579
1749264942,0.44580000,112.10000000,0.4579
1749264942,0.44570000,1119.80000000,0.4579
1749264942,0.44540000,336.70000000,0.4579
1749264942,0.44520000,130.70000000,0.4579
1749264942,0.44510000,222.40000000,0.4579
1749264942,0.44500000,2378.00000000,0.4579
1749264942,0.44470000,67.40000000,0.4579
1749265243,0.45730000,1876.20000000,0.4574
1749265243,0.45720000,3803.30000000,0.4574
1749265243,0.45710000,15191.00000000,0.4574
1749265243,0.45700000,29233.40000000,0.4574
1749265243,0.45690000,26209.60000000,0.4574
1749265243,0.45680000,8812.50000000,0.4574
1749265243,0.45670000,18516.80000000,0.4574
1749265243,0.45660000,39572.00000000,0.4574
1749265243,0.45650000,22740.60000000,0.4574
1749265243,0.45640000,6280.10000000,0.4574
1749265243,0.45630000,12455.10000000,0.4574
1749265243,0.45620000,6935.00000000,0.4574
1749265243,0.45610000,21898.80000000,0.4574
1749265243,0.45600000,3571.40000000,0.4574
1749265243,0.45590000,40223.80000000,0.4574
1749265243,0.45580000,747.30000000,0.4574
1749265243,0.45570000,19752.00000000,0.4574
1749265243,0.45560000,33375.50000000,0.4574
1749265243,0.45550000,10115.00000000,0.4574
1749265243,0.45540000,25778.40000000,0.4574
1749265243,0.45530000,5666.90000000,0.4574
1749265243,0.45520000,965.50000000,0.4574
1749265243,0.45510000,4284.30000000,0.4574
1749265243,0.45500000,891.80000000,0.4574
1749265243,0.45490000,37292.90000000,0.4574
1749265243,0.45480000,5913.50000000,0.4574
1749265243,0.45470000,3311.50000000,0.4574
1749265243,0.45460000,131.90000000,0.4574
1749265243,0.45450000,3311.60000000,0.4574
1749265243,0.45440000,470.70000000,0.4574
1749265243,0.45430000,5344.90000000,0.4574
1749265243,0.45420000,22.10000000,0.4574
1749265243,0.45410000,9820.30000000,0.4574
1749265243,0.45400000,470.70000000,0.4574
1749265243,0.45390000,3311.70000000,0.4574
1749265243,0.45380000,22.10000000,0.4574
1749265243,0.45370000,3311.70000000,0.4574
1749265243,0.45360000,689.40000000,0.4574
1749265243,0.45350000,3458.30000000,0.4574
1749265243,0.45340000,3502.70000000,0.4574
1749265243,0.45330000,3311.70000000,0.4574
1749265243,0.45320000,3113.40000000,0.4574
1749265243,0.45310000,3530.20000000,0.4574
1749265243,0.45300000,26396.50000000,0.4574
1749265243,0.45290000,3311.70000000,0.4574
1749265243,0.45280000,458.50000000,0.4574
1749265243,0.45270000,3311.70000000,0.4574
1749265243,0.45260000,1764.80000000,0.4574
1749265243,0.45250000,5265.50000000,0.4574
1749265243,0.45240000,7903.90000000,0.4574
1749265243,0.45230000,38.80000000,0.4574
1749265243,0.45220000,22.20000000,0.4574
1749265243,0.45210000,38.80000000,0.4574
1749265243,0.45200000,306.90000000,0.4574
1749265243,0.45190000,697.50000000,0.4574
1749265243,0.45180000,16048.20000000,0.4574
1749265243,0.45170000,257.40000000,0.4574
1749265243,0.45160000,2528.60000000,0.4574
1749265243,0.45150000,38.30000000,0.4574
1749265243,0.45140000,21.80000000,0.4574
1749265243,0.45130000,3349.70000000,0.4574
1749265243,0.45120000,243.00000000,0.4574
1749265243,0.45110000,38.40000000,0.4574
1749265243,0.45100000,21.90000000,0.4574
1749265243,0.45090000,259.70000000,0.4574
1749265243,0.45080000,21.90000000,0.4574
1749265243,0.45070000,259.80000000,0.4574
1749265243,0.45060000,21.90000000,0.4574
1749265243,0.45050000,38.40000000,0.4574
1749265243,0.45040000,54.80000000,0.4574
1749265243,0.45030000,21.90000000,0.4574
1749265243,0.45020000,687.00000000,0.4574
1749265243,0.45010000,6686.70000000,0.4574
1749265243,0.45000000,6885.30000000,0.4574
1749265243,0.44990000,21.90000000,0.4574
1749265243,0.44980000,21.90000000,0.4574
1749265243,0.44900000,22.20000000,0.4574
1749265243,0.44840000,222.60000000,0.4574
1749265243,0.44830000,445.20000000,0.4574
1749265243,0.44820000,5665.60000000,0.4574
1749265243,0.44810000,66.90000000,0.4574
1749265243,0.44800000,222.80000000,0.4574
1749265243,0.44790000,2652.30000000,0.4574
1749265243,0.44780000,130.20000000,0.4574
1749265243,0.44770000,55.80000000,0.4574
1749265243,0.44760000,221.10000000,0.4574
1749265243,0.44750000,3159.00000000,0.4574
1749265243,0.44710000,190.00000000,0.4574
1749265243,0.44700000,67.10000000,0.4574
1749265243,0.44690000,221.50000000,0.4574
1749265243,0.44660000,257.10000000,0.4574
1749265243,0.44620000,671.10000000,0.4574
1749265243,0.44610000,432.90000000,0.4574
1749265243,0.44600000,647.00000000,0.4574
1749265243,0.44590000,7776.40000000,0.4574
1749265243,0.44580000,112.10000000,0.4574
1749265243,0.44570000,447.80000000,0.4574
1749265243,0.44540000,336.70000000,0.4574
1749265243,0.44500000,2378.00000000,0.4574
1749265243,0.44470000,67.40000000,0.4574
1749265545,0.45550000,9936.60000000,0.4556
1749265545,0.45540000,3006.90000000,0.4556
1749265545,0.45530000,6892.80000000,0.4556
1749265545,0.45520000,5753.70000000,0.4556
1749265545,0.45510000,14413.10000000,0.4556
1749265545,0.45500000,12003.40000000,0.4556
1749265545,0.45490000,27489.40000000,0.4556
1749265545,0.45480000,29269.00000000,0.4556
1749265545,0.45470000,10436.50000000,0.4556
1749265545,0.45460000,9749.10000000,0.4556
1749265545,0.45450000,7666.20000000,0.4556
1749265545,0.45440000,15145.80000000,0.4556
1749265545,0.45430000,61868.20000000,0.4556
1749265545,0.45420000,11207.10000000,0.4556
1749265545,0.45410000,6608.70000000,0.4556
1749265545,0.45400000,13853.80000000,0.4556
1749265545,0.45390000,3311.70000000,0.4556
1749265545,0.45380000,252.50000000,0.4556
1749265545,0.45370000,3311.70000000,0.4556
1749265545,0.45360000,32365.90000000,0.4556
1749265545,0.45350000,16141.10000000,0.4556
1749265545,0.45340000,13739.60000000,0.4556
1749265545,0.45330000,10494.90000000,0.4556
1749265545,0.45320000,470.70000000,0.4556
1749265545,0.45310000,3311.70000000,0.4556
1749265545,0.45300000,1174.20000000,0.4556
1749265545,0.45290000,29465.80000000,0.4556
1749265545,0.45280000,5434.80000000,0.4556
1749265545,0.45270000,4904.20000000,0.4556
1749265545,0.45260000,22.10000000,0.4556
1749265545,0.45250000,5194.80000000,0.4556
1749265545,0.45240000,2376.30000000,0.4556
1749265545,0.45230000,38.80000000,0.4556
1749265545,0.45220000,22.20000000,0.4556
1749265545,0.45210000,3311.80000000,0.4556
1749265545,0.45200000,34.40000000,0.4556
1749265545,0.45190000,38.40000000,0.4556
1749265545,0.45180000,21.80000000,0.4556
1749265545,0.45170000,4298.00000000,0.4556
1749265545,0.45160000,6252.50000000,0.4556
1749265545,0.45150000,1156.60000000,0.4556
1749265545,0.45140000,5206.30000000,0.4556
1749265545,0.45130000,3530.50000000,0.4556
1749265545,0.45120000,5649.80000000,0.4556
1749265545,0.45110000,38.40000000,0.4556
1749265545,0.45100000,21.90000000,0.4556
1749265545,0.45090000,259.70000000,0.4556
1749265545,0.45080000,458.30000000,0.4556
1749265545,0.45070000,38.40000000,0.4556
1749265545,0.45060000,21.90000000,0.4556
1749265545,0.45050000,324.00000000,0.4556
1749265545,0.45040000,21.90000000,0.4556
1749265545,0.45030000,21.90000000,0.4556
1749265545,0.45020000,21.90000000,0.4556
1749265545,0.45010000,17655.80000000,0.4556
1749265545,0.45000000,6885.30000000,0.4556
1749265545,0.44990000,36.70000000,0.4556
1749265545,0.44980000,21.90000000,0.4556
1749265545,0.44970000,1175.00000000,0.4556
1749265545,0.44960000,21.90000000,0.4556
1749265545,0.44950000,21.90000000,0.4556
1749265545,0.44940000,144.00000000,0.4556
1749265545,0.44930000,21.90000000,0.4556
1749265545,0.44920000,4273.00000000,0.4556
1749265545,0.44910000,21.90000000,0.4556
1749265545,0.44900000,44.20000000,0.4556
1749265545,0.44890000,22.00000000,0.4556
1749265545,0.44880000,6706.10000000,0.4556
1749265545,0.44870000,22.00000000,0.4556
1749265545,0.44860000,22.00000000,0.4556
1749265545,0.44850000,22.00000000,0.4556
1749265545,0.44840000,55.10000000,0.4556
1749265545,0.44830000,22.00000000,0.4556
1749265545,0.44820000,5687.60000000,0.4556
1749265545,0.44810000,22.00000000,0.4556
1749265545,0.44800000,22.00000000,0.4556
1749265545,0.44770000,55.80000000,0.4556
1749265545,0.44760000,221.10000000,0.4556
1749265545,0.44750000,3159.00000000,0.4556
1749265545,0.44710000,190.00000000,0.4556
1749265545,0.44700000,197.50000000,0.4556
1749265545,0.44660000,33.60000000,0.4556
1749265545,0.44650000,2660.60000000,0.4556
1749265545,0.44630000,6545.50000000,0.4556
1749265545,0.44620000,67.20000000,0.4556
1749265545,0.44610000,432.90000000,0.4556
1749265545,0.44600000,579.80000000,0.4556
1749265545,0.44590000,111.60000000,0.4556
1749265545,0.44580000,112.10000000,0.4556
1749265545,0.44540000,336.70000000,0.4556
1749265545,0.44500000,2378.00000000,0.4556
1749265545,0.44470000,67.40000000,0.4556
1749265545,0.44460000,633.70000000,0.4556
1749265545,0.44450000,11.30000000,0.4556
1749265545,0.44440000,123.70000000,0.4556
1749265545,0.44430000,31.50000000,0.4556
1749265545,0.44400000,145.10000000,0.4556
1749265545,0.44380000,1124.60000000,0.4556
1749265545,0.44350000,170.30000000,0.4556
1749265545,0.44340000,135.20000000,0.4556
1749265847,0.45680000,1175.00000000,0.4569
1749265847,0.45670000,4798.80000000,0.4569
1749265847,0.45660000,7530.10000000,0.4569
1749265847,0.45650000,8461.50000000,0.4569
1749265847,0.45640000,25476.70000000,0.4569
1749265847,0.45630000,21835.00000000,0.4569
1749265847,0.45620000,20770.40000000,0.4569
1749265847,0.45610000,7506.60000000,0.4569
1749265847,0.45600000,7934.80000000,0.4569
1749265847,0.45590000,4373.30000000,0.4569
1749265847,0.45580000,11416.30000000,0.4569
1749265847,0.45570000,109595.20000000,0.4569
1749265847,0.45560000,24048.00000000,0.4569
1749265847,0.45550000,10550.60000000,0.4569
1749265847,0.45540000,25606.00000000,0.4569
1749265847,0.45530000,22421.50000000,0.4569
1749265847,0.45520000,4921.70000000,0.4569
1749265847,0.45510000,3311.50000000,0.4569
1749265847,0.45500000,252.30000000,0.4569
1749265847,0.45490000,28834.40000000,0.4569
1749265847,0.45480000,6616.20000000,0.4569
1749265847,0.45470000,3311.50000000,0.4569
1749265847,0.45460000,7006.30000000,0.4569
1749265847,0.45450000,8351.20000000,0.4569
1749265847,0.45440000,3961.90000000,0.4569
1749265847,0.45430000,38.60000000,0.4569
1749265847,0.45420000,10716.10000000,0.4569
1749265847,0.45410000,20823.60000000,0.4569
1749265847,0.45400000,470.70000000,0.4569
1749265847,0.45390000,3311.70000000,0.4569
1749265847,0.45380000,240.30000000,0.4569
1749265847,0.45370000,3311.70000000,0.4569
1749265847,0.45360000,32147.70000000,0.4569
1749265847,0.45350000,3311.70000000,0.4569
1749265847,0.45340000,22.10000000,0.4569
1749265847,0.45330000,3311.70000000,0.4569
1749265847,0.45320000,689.60000000,0.4569
1749265847,0.45310000,3311.70000000,0.4569
1749265847,0.45300000,241.10000000,0.4569
1749265847,0.45290000,30231.10000000,0.4569
1749265847,0.45280000,4313.30000000,0.4569
1749265847,0.45270000,6019.60000000,0.4569
1749265847,0.45260000,22.10000000,0.4569
1749265847,0.45250000,5194.80000000,0.4569
1749265847,0.45240000,2364.10000000,0.4569
1749265847,0.45230000,259.50000000,0.4569
1749265847,0.45220000,22.20000000,0.4569
1749265847,0.45210000,3311.80000000,0.4569
1749265847,0.45200000,22.20000000,0.4569
1749265847,0.45190000,38.40000000,0.4569
1749265847,0.45180000,21.80000000,0.4569
1749265847,0.45170000,3311.30000000,0.4569
1749265847,0.45160000,6240.30000000,0.4569
1749265847,0.45150000,323.30000000,0.4569
1749265847,0.45140000,5206.30000000,0.4569
1749265847,0.45130000,4914.50000000,0.4569
1749265847,0.45120000,5649.80000000,0.4569
1749265847,0.45110000,38.40000000,0.4569
1749265847,0.45100000,21.90000000,0.4569
1749265847,0.45090000,38.40000000,0.4569
1749265847,0.45080000,458.30000000,0.4569
1749265847,0.45070000,1189.00000000,0.4569
1749265847,0.45060000,21.90000000,0.4569
1749265847,0.45050000,3363.40000000,0.4569
1749265847,0.45040000,21.90000000,0.4569
1749265847,0.45030000,54.80000000,0.4569
1749265847,0.45020000,21.90000000,0.4569
1749265847,0.45010000,22713.10000000,0.4569
1749265847,0.45000000,6885.30000000,0.4569
1749265847,0.44990000,21.90000000,0.4569
1749265847,0.44980000,21.90000000,0.4569
1749265847,0.44970000,21.90000000,0.4569
1749265847,0.44960000,21.90000000,0.4569
1749265847,0.44950000,21.90000000,0.4569
1749265847,0.44940000,21.90000000,0.4569
1749265847,0.44930000,21.90000000,0.4569
1749265847,0.44920000,879.40000000,0.4569
1749265847,0.44900000,22.20000000,0.4569
1749265847,0.44820000,5665.60000000,0.4569
1749265847,0.44810000,66.90000000,0.4569
1749265847,0.44800000,2651.70000000,0.4569
1749265847,0.44780000,55.80000000,0.4569
1749265847,0.44770000,55.80000000,0.4569
1749265847,0.44760000,221.10000000,0.4569
1749265847,0.44750000,3159.00000000,0.4569
1749265847,0.44710000,190.00000000,0.4569
1749265847,0.44700000,197.50000000,0.4569
1749265847,0.44660000,33.60000000,0.4569
1749265847,0.44630000,6545.50000000,0.4569
1749265847,0.44610000,432.90000000,0.4569
1749265847,0.44600000,579.80000000,0.4569
1749265847,0.44590000,111.60000000,0.4569
1749265847,0.44580000,112.10000000,0.4569
1749265847,0.44540000,336.70000000,0.4569
1749265847,0.44500000,3499.60000000,0.4569
1749265847,0.44490000,67.40000000,0.4569
1749265847,0.44470000,67.40000000,0.4569
1749265847,0.44460000,633.70000000,0.4569
1749265847,0.44450000,11.30000000,0.4569
1749265847,0.44440000,123.70000000,0.4569
1749266148,0.45900000,32.80000000,0.4591
1749266148,0.45890000,4151.50000000,0.4591
1749266148,0.45880000,8435.60000000,0.4591
1749266148,0.45870000,8929.30000000,0.4591
1749266148,0.45860000,11612.50000000,0.4591
1749266148,0.45850000,13239.50000000,0.4591
1749266148,0.45840000,23912.60000000,0.4591
1749266148,0.45830000,17869.90000000,0.4591
1749266148,0.45820000,28393.60000000,0.4591
1749266148,0.45810000,7012.40000000,0.4591
1749266148,0.45800000,6414.90000000,0.4591
1749266148,0.45790000,11356.90000000,0.4591
1749266148,0.45780000,10843.30000000,0.4591
1749266148,0.45770000,20538.60000000,0.4591
1749266148,0.45760000,5381.10000000,0.4591
1749266148,0.45750000,6699.50000000,0.4591
1749266148,0.45740000,6234.60000000,0.4591
1749266148,0.45730000,12742.30000000,0.4591
1749266148,0.45720000,4036.60000000,0.4591
1749266148,0.45710000,1308.30000000,0.4591
1749266148,0.45700000,4502.90000000,0.4591
1749266148,0.45690000,13624.40000000,0.4591
1749266148,0.45680000,22774.30000000,0.4591
1749266148,0.45670000,18526.00000000,0.4591
1749266148,0.45660000,3513.10000000,0.4591
1749266148,0.45650000,3060.70000000,0.4591
1749266148,0.45640000,4620.10000000,0.4591
1749266148,0.45630000,474.90000000,0.4591
1749266148,0.45620000,5140.20000000,0.4591
1749266148,0.45610000,25083.30000000,0.4591
1749266148,0.45600000,18544.80000000,0.4591
1749266148,0.45590000,38.50000000,0.4591
1749266148,0.45580000,10875.20000000,0.4591
1749266148,0.45570000,104655.50000000,0.4591
1749266148,0.45560000,34.10000000,0.4591
1749266148,0.45550000,3311.50000000,0.4591
1749266148,0.45540000,31699.00000000,0.4591
1749266148,0.45530000,5340.60000000,0.4591
1749266148,0.45520000,3339.20000000,0.4591
1749266148,0.45510000,3311.50000000,0.4591
1749266148,0.45500000,240.00000000,0.4591
1749266148,0.45490000,4073.70000000,0.4591
1749266148,0.45480000,6131.70000000,0.4591
1749266148,0.45470000,3311.50000000,0.4591
1749266148,0.45460000,131.90000000,0.4591
1749266148,0.45450000,256.40000000,0.4591
1749266148,0.45440000,29885.60000000,0.4591
1749266148,0.45430000,478.00000000,0.4591
1749266148,0.45420000,3295.10000000,0.4591
1749266148,0.45410000,404.90000000,0.4591
1749266148,0.45400000,7550.70000000,0.4591
1749266148,0.45390000,4900.00000000,0.4591
1749266148,0.45380000,6951.00000000,0.4591
1749266148,0.45370000,5141.00000000,0.4591
1749266148,0.45360000,7957.20000000,0.4591
1749266148,0.45350000,3531.80000000,0.4591
1749266148,0.45340000,22.10000000,0.4591
1749266148,0.45330000,3311.70000000,0.4591
1749266148,0.45320000,458.50000000,0.4591
1749266148,0.45310000,3311.70000000,0.4591
1749266148,0.45300000,22.10000000,0.4591
1749266148,0.45290000,3311.70000000,0.4591
1749266148,0.45280000,458.50000000,0.4591
1749266148,0.45270000,38.70000000,0.4591
1749266148,0.45260000,1620.70000000,0.4591
1749266148,0.45250000,373.10000000,0.4591
1749266148,0.45240000,458.60000000,0.4591
1749266148,0.45230000,38.80000000,0.4591
1749266148,0.45220000,55.00000000,0.4591
1749266148,0.45210000,1186.00000000,0.4591
1749266148,0.45200000,243.00000000,0.4591
1749266148,0.45190000,38.40000000,0.4591
1749266148,0.45180000,11377.10000000,0.4591
1749266148,0.45170000,480.10000000,0.4591
1749266148,0.45160000,242.80000000,0.4591
1749266148,0.45150000,38.30000000,0.4591
1749266148,0.45130000,16.50000000,0.4591
1749266148,0.45110000,16.50000000,0.4591
1749266148,0.45020000,21322.00000000,0.4591
1749266148,0.45010000,37533.80000000,0.4591
1749266148,0.45000000,6863.40000000,0.4591
1749266148,0.44980000,443.80000000,0.4591
1749266148,0.44970000,221.90000000,0.4591
1749266148,0.44960000,222.00000000,0.4591
1749266148,0.44950000,1110.00000000,0.4591
1749266148,0.44940000,2643.50000000,0.4591
1749266148,0.44930000,5873.90000000,0.4591
1749266148,0.44920000,55.10000000,0.4591
1749266148,0.44900000,22.20000000,0.4591
1749266148,0.44780000,659.10000000,0.4591
1749266148,0.44770000,55.80000000,0.4591
1749266148,0.44750000,3828.00000000,0.4591
1749266148,0.44740000,446.20000000,0.4591
1749266148,0.44720000,446.40000000,0.4591
1749266148,0.44710000,190.00000000,0.4591
1749266148,0.44700000,1314.10000000,0.4591
1749266148,0.44660000,100.70000000,0.4591
1749266148,0.44630000,6545.50000000,0.4591
1749266148,0.44610000,432.90000000,0.4591
1749266148,0.44600000,579.80000000,0.4591
1749266450,0.45790000,983.80000000,0.458
1749266450,0.45780000,2249.90000000,0.458
1749266450,0.45770000,5922.80000000,0.458
1749266450,0.45760000,12106.90000000,0.458
1749266450,0.45750000,17260.90000000,0.458
1749266450,0.45740000,21142.60000000,0.458
1749266450,0.45730000,24522.20000000,0.458
1749266450,0.45720000,11441.40000000,0.458
1749266450,0.45710000,17391.30000000,0.458
1749266450,0.45700000,29949.40000000,0.458
1749266450,0.45690000,35744.20000000,0.458
1749266450,0.45680000,10297.30000000,0.458
1749266450,0.45670000,36394.80000000,0.458
1749266450,0.45660000,8165.20000000,0.458
1749266450,0.45650000,3181.10000000,0.458
1749266450,0.45640000,4503.70000000,0.458
1749266450,0.45630000,45902.00000000,0.458
1749266450,0.45620000,3802.10000000,0.458
1749266450,0.45610000,8618.10000000,0.458
1749266450,0.45600000,5636.30000000,0.458
1749266450,0.45590000,533.50000000,0.458
1749266450,0.45580000,13475.80000000,0.458
1749266450,0.45570000,104655.50000000,0.458
1749266450,0.45560000,529.10000000,0.458
1749266450,0.45550000,3806.50000000,0.458
1749266450,0.45540000,517.00000000,0.458
1749266450,0.45530000,17491.30000000,0.458
1749266450,0.45520000,3616.30000000,0.458
1749266450,0.45510000,3806.50000000,0.458
1749266450,0.45500000,131.80000000,0.458
1749266450,0.45490000,3806.50000000,0.458
1749266450,0.45480000,5913.50000000,0.458
1749266450,0.45470000,3311.50000000,0.458
1749266450,0.45460000,131.90000000,0.458
1749266450,0.45450000,2071.80000000,0.458
1749266450,0.45440000,29897.80000000,0.458
1749266450,0.45430000,256.90000000,0.458
1749266450,0.45420000,3295.10000000,0.458
1749266450,0.45410000,256.70000000,0.458
1749266450,0.45400000,4710.10000000,0.458
1749266450,0.45390000,3311.70000000,0.458
1749266450,0.45380000,6951.00000000,0.458
1749266450,0.45370000,7149.30000000,0.458
1749266450,0.45360000,898.60000000,0.458
1749266450,0.45350000,2527.90000000,0.458
1749266450,0.45340000,1896.00000000,0.458
1749266450,0.45330000,258.90000000,0.458
1749266450,0.45320000,458.50000000,0.458
1749266450,0.45310000,38.70000000,0.458
1749266450,0.45300000,242.40000000,0.458
1749266450,0.45290000,5645.50000000,0.458
1749266450,0.45280000,22.10000000,0.458
1749266450,0.45270000,38.70000000,0.458
1749266450,0.45260000,17647.10000000,0.458
1749266450,0.45250000,1922.90000000,0.458
1749266450,0.45240000,21.80000000,0.458
1749266450,0.45230000,38.40000000,0.458
1749266450,0.45220000,54.60000000,0.458
1749266450,0.45210000,1185.60000000,0.458
1749266450,0.45200000,21.80000000,0.458
1749266450,0.45190000,38.40000000,0.458
1749266450,0.45180000,21.80000000,0.458
1749266450,0.45170000,21.80000000,0.458
1749266450,0.45160000,21.80000000,0.458
1749266450,0.45150000,21.80000000,0.458
1749266450,0.45140000,21.80000000,0.458
1749266450,0.45130000,906.30000000,0.458
1749266450,0.45120000,1127.80000000,0.458
1749266450,0.45110000,243.10000000,0.458
1749266450,0.45100000,21.90000000,0.458
1749266450,0.45090000,6674.80000000,0.458
1749266450,0.45080000,21.90000000,0.458
1749266450,0.45070000,21.90000000,0.458
1749266450,0.45060000,21.90000000,0.458
1749266450,0.45050000,21.90000000,0.458
1749266450,0.45040000,21.90000000,0.458
1749266450,0.45010000,66.60000000,0.458
1749266450,0.45000000,6863.40000000,0.458
1749266450,0.44950000,2664.90000000,0.458
1749266450,0.44940000,444.20000000,0.458
1749266450,0.44930000,6951.30000000,0.458
1749266450,0.44920000,55.10000000,0.458
1749266450,0.44900000,22.20000000,0.458
1749266450,0.44890000,1111.50000000,0.458
1749266450,0.44880000,222.40000000,0.458
1749266450,0.44870000,222.40000000,0.458
1749266450,0.44860000,222.50000000,0.458
1749266450,0.44780000,659.10000000,0.458
1749266450,0.44770000,55.80000000,0.458
1749266450,0.44750000,3159.00000000,0.458
1749266450,0.44710000,190.00000000,0.458
1749266450,0.44700000,67.10000000,0.458
1749266450,0.44670000,893.60000000,0.458
1749266450,0.44660000,480.60000000,0.458
1749266450,0.44650000,447.00000000,0.458
1749266450,0.44630000,6545.50000000,0.458
1749266450,0.44620000,1118.60000000,0.458
1749266450,0.44610000,432.90000000,0.458
1749266450,0.44600000,579.80000000,0.458
1749266450,0.44590000,178.80000000,0.458
1749266751,0.45970000,2028.20000000,0.4597
1749266751,0.45960000,3837.30000000,0.4597
1749266751,0.45950000,7221.00000000,0.4597
1749266751,0.45940000,10352.70000000,0.4597
1749266751,0.45930000,13321.00000000,0.4597
1749266751,0.45920000,23670.40000000,0.4597
1749266751,0.45910000,25013.90000000,0.4597
1749266751,0.45900000,22901.70000000,0.4597
1749266751,0.45890000,22481.50000000,0.4597
1749266751,0.45880000,32813.90000000,0.4597
1749266751,0.45870000,21302.10000000,0.4597
1749266751,0.45860000,21241.60000000,0.4597
1749266751,0.45850000,729.00000000,0.4597
1749266751,0.45840000,10297.20000000,0.4597
1749266751,0.45830000,986.10000000,0.4597
1749266751,0.45820000,10673.30000000,0.4597
1749266751,0.45810000,12707.10000000,0.4597
1749266751,0.45800000,9376.90000000,0.4597
1749266751,0.45790000,3341.30000000,0.4597
1749266751,0.45780000,4020.20000000,0.4597
1749266751,0.45770000,533.30000000,0.4597
1749266751,0.45760000,4031.30000000,0.4597
1749266751,0.45750000,14060.70000000,0.4597
1749266751,0.45740000,4008.10000000,0.4597
1749266751,0.45730000,1015.20000000,0.4597
1749266751,0.45720000,15485.30000000,0.4597
1749266751,0.45710000,969.70000000,0.4597
1749266751,0.45700000,29887.30000000,0.4597
1749266751,0.45690000,13697.40000000,0.4597
1749266751,0.45680000,4667.70000000,0.4597
1749266751,0.45670000,29225.10000000,0.4597
1749266751,0.45660000,7035.50000000,0.4597
1749266751,0.45650000,2504.50000000,0.4597
1749266751,0.45640000,3307.10000000,0.4597
1749266751,0.45630000,3716.50000000,0.4597
1749266751,0.45620000,3295.00000000,0.4597
1749266751,0.45610000,38.50000000,0.4597
1749266751,0.45600000,3387.10000000,0.4597
1749266751,0.45590000,2283.60000000,0.4597
1749266751,0.45580000,3949.10000000,0.4597
1749266751,0.45570000,104655.50000000,0.4597
1749266751,0.45560000,32471.50000000,0.4597
1749266751,0.45550000,3311.50000000,0.4597
1749266751,0.45540000,22.00000000,0.4597
1749266751,0.45530000,3311.50000000,0.4597
1749266751,0.45520000,3109.20000000,0.4597
1749266751,0.45510000,3311.50000000,0.4597
1749266751,0.45500000,131.80000000,0.4597
1749266751,0.45490000,3311.50000000,0.4597
1749266751,0.45480000,5901.40000000,0.4597
1749266751,0.45470000,3311.50000000,0.4597
1749266751,0.45460000,131.90000000,0.4597
1749266751,0.45450000,38.60000000,0.4597
1749266751,0.45440000,29885.60000000,0.4597
1749266751,0.45430000,7505.00000000,0.4597
1749266751,0.45420000,3295.10000000,0.4597
1749266751,0.45410000,38.70000000,0.4597
1749266751,0.45400000,678.30000000,0.4597
1749266751,0.45390000,5140.20000000,0.4597
1749266751,0.45380000,6951.00000000,0.4597
1749266751,0.45370000,5052.60000000,0.4597
1749266751,0.45360000,458.50000000,0.4597
1749266751,0.45350000,1941.10000000,0.4597
1749266751,0.45340000,305.90000000,0.4597
1749266751,0.45330000,38.70000000,0.4597
1749266751,0.45320000,22.10000000,0.4597
1749266751,0.45310000,259.00000000,0.4597
1749266751,0.45300000,6644.20000000,0.4597
1749266751,0.45290000,38.70000000,0.4597
1749266751,0.45280000,22.10000000,0.4597
1749266751,0.45270000,38.70000000,0.4597
1749266751,0.45260000,16159.80000000,0.4597
1749266751,0.45250000,88.40000000,0.4597
1749266751,0.45240000,21.80000000,0.4597
1749266751,0.45230000,38.40000000,0.4597
1749266751,0.45220000,54.60000000,0.4597
1749266751,0.45210000,1163.80000000,0.4597
1749266751,0.45170000,31.60000000,0.4597
1749266751,0.45090000,2634.70000000,0.4597
1749266751,0.45080000,221.40000000,0.4597
1749266751,0.45070000,55.00000000,0.4597
1749266751,0.45010000,66.60000000,0.4597
1749266751,0.45000000,6863.40000000,0.4597
1749266751,0.44930000,6951.30000000,0.4597
1749266751,0.44900000,22.20000000,0.4597
1749266751,0.44850000,222.50000000,0.4597
1749266751,0.44810000,1113.80000000,0.4597
1749266751,0.44780000,659.10000000,0.4597
1749266751,0.44770000,55.80000000,0.4597
1749266751,0.44750000,3159.00000000,0.4597
1749266751,0.44710000,190.00000000,0.4597
1749266751,0.44700000,67.10000000,0.4597
1749266751,0.44660000,33.60000000,0.4597
1749266751,0.44630000,6769.10000000,0.4597
1749266751,0.44610000,432.90000000,0.4597
1749266751,0.44600000,579.80000000,0.4597
1749266751,0.44590000,178.80000000,0.4597
1749266751,0.44580000,112.10000000,0.4597
1749266751,0.44540000,336.70000000,0.4597
1749266751,0.44500000,2378.00000000,0.4597
1749267053,0.45870000,12.00000000,0.4588
1749267053,0.45860000,1546.90000000,0.4588
1749267053,0.45850000,3926.50000000,0.4588
1749267053,0.45840000,8788.90000000,0.4588
1749267053,0.45830000,19453.20000000,0.4588
1749267053,0.45820000,38765.70000000,0.4588
1749267053,0.45810000,27950.50000000,0.4588
1749267053,0.45800000,27632.70000000,0.4588
1749267053,0.45790000,25351.00000000,0.4588
1749267053,0.45780000,32956.60000000,0.4588
1749267053,0.45770000,6055.30000000,0.4588
1749267053,0.45760000,26139.50000000,0.4588
1749267053,0.45750000,19904.20000000,0.4588
1749267053,0.45740000,4020.20000000,0.4588
1749267053,0.45730000,37769.20000000,0.4588
1749267053,0.45720000,17528.40000000,0.4588
1749267053,0.45710000,7296.20000000,0.4588
1749267053,0.45700000,12361.10000000,0.4588
1749267053,0.45690000,533.40000000,0.4588
1749267053,0.45680000,4020.20000000,0.4588
1749267053,0.45670000,969.80000000,0.4588
1749267053,0.45660000,3789.90000000,0.4588
1749267053,0.45650000,47843.80000000,0.4588
1749267053,0.45640000,3802.10000000,0.4588
1749267053,0.45630000,4211.50000000,0.4588
1749267053,0.45620000,4885.30000000,0.4588
1749267053,0.45610000,1677.80000000,0.4588
1749267053,0.45600000,3882.10000000,0.4588
1749267053,0.45590000,2066.00000000,0.4588
1749267053,0.45580000,3731.40000000,0.4588
1749267053,0.45570000,104655.50000000,0.4588
1749267053,0.45560000,34.10000000,0.4588
1749267053,0.45550000,3311.50000000,0.4588
1749267053,0.45540000,22.00000000,0.4588
1749267053,0.45530000,3311.50000000,0.4588
1749267053,0.45520000,3121.30000000,0.4588
1749267053,0.45510000,3311.50000000,0.4588
1749267053,0.45500000,349.60000000,0.4588
1749267053,0.45490000,4073.40000000,0.4588
1749267053,0.45480000,5913.50000000,0.4588
1749267053,0.45470000,3311.50000000,0.4588
1749267053,0.45460000,131.90000000,0.4588
1749267053,0.45450000,256.20000000,0.4588
1749267053,0.45440000,30168.80000000,0.4588
1749267053,0.45430000,7505.00000000,0.4588
1749267053,0.45420000,3295.10000000,0.4588
1749267053,0.45410000,256.50000000,0.4588
1749267053,0.45400000,458.50000000,0.4588
1749267053,0.45390000,5140.20000000,0.4588
1749267053,0.45380000,7739.50000000,0.4588
1749267053,0.45370000,5052.60000000,0.4588
1749267053,0.45360000,458.50000000,0.4588
1749267053,0.45350000,38.70000000,0.4588
1749267053,0.45340000,22.10000000,0.4588
1749267053,0.45330000,38.70000000,0.4588
1749267053,0.45320000,22.10000000,0.4588
1749267053,0.45310000,259.00000000,0.4588
1749267053,0.45300000,22.10000000,0.4588
1749267053,0.45290000,38.70000000,0.4588
1749267053,0.45280000,22.10000000,0.4588
1749267053,0.45270000,38.70000000,0.4588
1749267053,0.45260000,16159.80000000,0.4588
1749267053,0.45250000,88.40000000,0.4588
1749267053,0.45240000,21.80000000,0.4588
1749267053,0.45230000,38.40000000,0.4588
1749267053,0.45220000,54.60000000,0.4588
1749267053,0.45210000,38.40000000,0.4588
1749267053,0.45200000,6658.50000000,0.4588
1749267053,0.45190000,21.80000000,0.4588
1749267053,0.45180000,21.80000000,0.4588
1749267053,0.45170000,53.40000000,0.4588
1749267053,0.45160000,21.80000000,0.4588
1749267053,0.45150000,21.80000000,0.4588
1749267053,0.45140000,21.80000000,0.4588
1749267053,0.45130000,21.80000000,0.4588
1749267053,0.45120000,21.80000000,0.4588
1749267053,0.45090000,2634.70000000,0.4588
1749267053,0.45080000,221.40000000,0.4588
1749267053,0.45070000,55.00000000,0.4588
1749267053,0.45020000,5640.50000000,0.4588
1749267053,0.45010000,66.60000000,0.4588
1749267053,0.45000000,6863.40000000,0.4588
1749267053,0.44930000,1299.50000000,0.4588
1749267053,0.44900000,22.20000000,0.4588
1749267053,0.44850000,222.50000000,0.4588
1749267053,0.44780000,659.10000000,0.4588
1749267053,0.44770000,55.80000000,0.4588
1749267053,0.44750000,3226.00000000,0.4588
1749267053,0.44740000,1115.60000000,0.4588
1749267053,0.44710000,190.00000000,0.4588
1749267053,0.44700000,67.10000000,0.4588
1749267053,0.44660000,33.60000000,0.4588
1749267053,0.44630000,6769.10000000,0.4588
1749267053,0.44610000,432.90000000,0.4588
1749267053,0.44600000,579.80000000,0.4588
1749267053,0.44590000,111.60000000,0.4588
1749267053,0.44580000,112.10000000,0.4588
1749267053,0.44540000,336.70000000,0.4588
1749267053,0.44500000,2378.00000000,0.4588
1749267053,0.44470000,67.40000000,0.4588
1749267354,0.45920000,2052.60000000,0.4592
1749267354,0.45910000,3050.60000000,0.4592
1749267354,0.45900000,5741.30000000,0.4592
1749267354,0.45890000,9775.00000000,0.4592
1749267354,0.45880000,15711.80000000,0.4592
1749267354,0.45870000,28495.80000000,0.4592
1749267354,0.45860000,15689.10000000,0.4592
1749267354,0.45850000,25838.10000000,0.4592
1749267354,0.45840000,18809.90000000,0.4592
1749267354,0.45830000,31222.50000000,0.4592
1749267354,0.45820000,15629.00000000,0.4592
1749267354,0.45810000,20645.60000000,0.4592
1749267354,0.45800000,7387.40000000,0.4592
1749267354,0.45790000,8498.40000000,0.4592
1749267354,0.45780000,8959.80000000,0.4592
1749267354,0.45770000,1918.80000000,0.4592
1749267354,0.45760000,4047.70000000,0.4592
1749267354,0.45750000,26448.90000000,0.4592
1749267354,0.45740000,4036.60000000,0.4592
1749267354,0.45730000,549.70000000,0.4592
1749267354,0.45720000,22790.70000000,0.4592
1749267354,0.45710000,969.70000000,0.4592
1749267354,0.45700000,4351.80000000,0.4592
1749267354,0.45690000,533.40000000,0.4592
1749267354,0.45680000,33165.90000000,0.4592
1749267354,0.45670000,969.80000000,0.4592
1749267354,0.45660000,5151.10000000,0.4592
1749267354,0.45650000,34664.80000000,0.4592
1749267354,0.45640000,3307.10000000,0.4592
1749267354,0.45630000,914.80000000,0.4592
1749267354,0.45620000,3295.00000000,0.4592
1749267354,0.45610000,38.50000000,0.4592
1749267354,0.45600000,3870.40000000,0.4592
1749267354,0.45590000,16217.10000000,0.4592
1749267354,0.45580000,12212.60000000,0.4592
1749267354,0.45570000,104655.50000000,0.4592
1749267354,0.45560000,34.10000000,0.4592
1749267354,0.45550000,3311.50000000,0.4592
1749267354,0.45540000,239.70000000,0.4592
1749267354,0.45530000,3311.50000000,0.4592
1749267354,0.45520000,3339.20000000,0.4592
1749267354,0.45510000,4073.20000000,0.4592
1749267354,0.45500000,349.80000000,0.4592
1749267354,0.45490000,3311.50000000,0.4592
1749267354,0.45480000,6131.40000000,0.4592
1749267354,0.45470000,3311.50000000,0.4592
1749267354,0.45460000,131.90000000,0.4592
1749267354,0.45450000,38.60000000,0.4592
1749267354,0.45440000,33140.80000000,0.4592
1749267354,0.45430000,38.60000000,0.4592
1749267354,0.45420000,3295.10000000,0.4592
1749267354,0.45410000,38.70000000,0.4592
1749267354,0.45400000,458.50000000,0.4592
1749267354,0.45390000,3311.70000000,0.4592
1749267354,0.45380000,5838.30000000,0.4592
1749267354,0.45370000,5052.60000000,0.4592
1749267354,0.45360000,458.50000000,0.4592
1749267354,0.45350000,2741.80000000,0.4592
1749267354,0.45340000,305.90000000,0.4592
1749267354,0.45330000,38.70000000,0.4592
1749267354,0.45320000,22.10000000,0.4592
1749267354,0.45310000,2140.80000000,0.4592
1749267354,0.45300000,22.10000000,0.4592
1749267354,0.45290000,38.70000000,0.4592
1749267354,0.45280000,22.10000000,0.4592
1749267354,0.45270000,1872.10000000,0.4592
1749267354,0.45260000,18066.00000000,0.4592
1749267354,0.45250000,5700.20000000,0.4592
1749267354,0.45240000,21.80000000,0.4592
1749267354,0.45230000,1638.10000000,0.4592
1749267354,0.45220000,54.60000000,0.4592
1749267354,0.45210000,6673.70000000,0.4592
1749267354,0.45200000,21.80000000,0.4592
1749267354,0.45190000,21.80000000,0.4592
1749267354,0.45180000,1169.80000000,0.4592
1749267354,0.45170000,53.40000000,0.4592
1749267354,0.45140000,3397.90000000,0.4592
1749267354,0.45080000,221.40000000,0.4592
1749267354,0.45010000,66.60000000,0.4592
1749267354,0.45000000,6863.40000000,0.4592
1749267354,0.44940000,2643.50000000,0.4592
1749267354,0.44930000,1354.60000000,0.4592
1749267354,0.44910000,5654.30000000,0.4592
1749267354,0.44900000,22.20000000,0.4592
1749267354,0.44850000,222.50000000,0.4592
1749267354,0.44780000,659.10000000,0.4592
1749267354,0.44770000,55.80000000,0.4592
1749267354,0.44750000,3159.00000000,0.4592
1749267354,0.44710000,190.00000000,0.4592
1749267354,0.44700000,67.10000000,0.4592
1749267354,0.44680000,67.10000000,0.4592
1749267354,0.44660000,33.60000000,0.4592
1749267354,0.44650000,1117.80000000,0.4592
1749267354,0.44630000,6769.10000000,0.4592
1749267354,0.44610000,432.90000000,0.4592
1749267354,0.44600000,579.80000000,0.4592
1749267354,0.44590000,111.60000000,0.4592
1749267354,0.44580000,112.10000000,0.4592
1749267354,0.44540000,336.70000000,0.4592
1749267354,0.44500000,2378.00000000,0.4592
1749267656,0.46050000,516.80000000,0.4606
1749267656,0.46040000,2289.20000000,0.4606
1749267656,0.46030000,5553.10000000,0.4606
1749267656,0.46020000,4569.90000000,0.4606
