timestamp,price,volume,current_price
1749254505,0.45030000,1001.80000000,0.4504
1749254505,0.45020000,2185.70000000,0.4504
1749254505,0.45010000,3857.00000000,0.4504
1749254505,0.45000000,9895.50000000,0.4504
1749254505,0.44990000,23278.80000000,0.4504
1749254505,0.44980000,25641.10000000,0.4504
1749254505,0.44970000,20681.90000000,0.4504
1749254505,0.44960000,33989.60000000,0.4504
1749254505,0.44950000,36004.70000000,0.4504
1749254505,0.44940000,27522.40000000,0.4504
1749254505,0.44930000,17728.40000000,0.4504
1749254505,0.44920000,21613.90000000,0.4504
1749254505,0.44910000,1042.60000000,0.4504
1749254505,0.44900000,9232.30000000,0.4504
1749254505,0.44890000,11675.70000000,0.4504
1749254505,0.44880000,23375.20000000,0.4504
1749254505,0.44870000,970.50000000,0.4504
1749254505,0.44860000,49611.00000000,0.4504
1749254505,0.44850000,678.40000000,0.4504
1749254505,0.44840000,48012.10000000,0.4504
1749254505,0.44830000,1454.70000000,0.4504
1749254505,0.44820000,3845.50000000,0.4504
1749254505,0.44810000,38.60000000,0.4504
1749254505,0.44800000,14904.70000000,0.4504
1749254505,0.44790000,1037.80000000,0.4504
1749254505,0.44780000,4166.50000000,0.4504
1749254505,0.44770000,3000.00000000,0.4504
1749254505,0.44760000,3857.80000000,0.4504
1749254505,0.44750000,970.10000000,0.4504
1749254505,0.44740000,29548.90000000,0.4504
1749254505,0.44730000,38.70000000,0.4504
1749254505,0.44720000,3307.30000000,0.4504
1749254505,0.44710000,665.10000000,0.4504
1749254505,0.44700000,5057.80000000,0.4504
1749254505,0.44690000,38.80000000,0.4504
1749254505,0.44680000,3307.50000000,0.4504
1749254505,0.44670000,7645.40000000,0.4504
1749254505,0.44660000,1185.50000000,0.4504
1749254505,0.44650000,260.80000000,0.4504
1749254505,0.44640000,2114.00000000,0.4504
1749254505,0.44630000,475.20000000,0.4504
1749254505,0.44620000,1637.30000000,0.4504
1749254505,0.44610000,1470.30000000,0.4504
1749254505,0.44600000,5645.20000000,0.4504
1749254505,0.44590000,150.40000000,0.4504
1749254505,0.44580000,134.20000000,0.4504
1749254505,0.44570000,38.80000000,0.4504
1749254505,0.44560000,310.80000000,0.4504
1749254505,0.44550000,38.80000000,0.4504
1749254505,0.44540000,2016.20000000,0.4504
1749254505,0.44530000,38.80000000,0.4504
1749254505,0.44520000,22.10000000,0.4504
1749254505,0.44510000,38.80000000,0.4504
1749254505,0.44500000,6894.40000000,0.4504
1749254505,0.44490000,38.90000000,0.4504
1749254505,0.44480000,1187.70000000,0.4504
1749254505,0.44470000,218.90000000,0.4504
1749254505,0.44460000,433.30000000,0.4504
1749254505,0.44450000,50.30000000,0.4504
1749254505,0.44440000,145.90000000,0.4504
1749254505,0.44430000,53.70000000,0.4504
1749254505,0.44420000,681.30000000,0.4504
1749254505,0.44410000,22.20000000,0.4504
1749254505,0.44400000,167.30000000,0.4504
1749254505,0.44390000,22.20000000,0.4504
1749254505,0.44380000,3345.80000000,0.4504
1749254505,0.44370000,15996.40000000,0.4504
1749254505,0.44360000,22.20000000,0.4504
1749254505,0.44350000,124.90000000,0.4504
1749254505,0.44340000,101.10000000,0.4504
1749254505,0.44330000,7114.80000000,0.4504
1749254505,0.44320000,22.20000000,0.4504
1749254505,0.44310000,22.20000000,0.4504
1749254505,0.44300000,34.20000000,0.4504
1749254505,0.44290000,22.20000000,0.4504
1749254505,0.44280000,34.30000000,0.4504
1749254505,0.44250000,415.40000000,0.4504
1749254505,0.44210000,81.10000000,0.4504
1749254505,0.44200000,226.20000000,0.4504
1749254505,0.44190000,2710.70000000,0.4504
1749254505,0.44180000,31.90000000,0.4504
1749254505,0.44110000,453.40000000,0.4504
1749254505,0.44100000,730.80000000,0.4504
1749254505,0.44080000,13.80000000,0.4504
1749254505,0.44060000,109.80000000,0.4504
1749254505,0.44040000,8000.00000000,0.4504
1749254505,0.44030000,6555.00000000,0.4504
1749254505,0.44020000,5697.20000000,0.4504
1749254505,0.44010000,126.90000000,0.4504
1749254505,0.44000000,5720.60000000,0.4504
1749254505,0.43990000,659.10000000,0.4504
1749254505,0.43950000,128.40000000,0.4504
1749254505,0.43940000,79.60000000,0.4504
1749254505,0.43930000,113.40000000,0.4504
1749254505,0.43920000,25.60000000,0.4504
1749254505,0.43910000,70.90000000,0.4504
1749254505,0.43890000,68.30000000,0.4504
1749254505,0.43870000,68.30000000,0.4504
1749254505,0.43860000,1160.60000000,0.4504
1749254505,0.43850000,26.80000000,0.4504
1749254812,0.44960000,1757.90000000,0.4496
1749254812,0.44950000,4408.00000000,0.4496
1749254812,0.44940000,4169.70000000,0.4496
1749254812,0.44930000,4721.90000000,0.4496
1749254812,0.44920000,23899.00000000,0.4496
1749254812,0.44910000,61561.10000000,0.4496
1749254812,0.44900000,14380.20000000,0.4496
1749254812,0.44890000,3723.30000000,0.4496
1749254812,0.44880000,17391.60000000,0.4496
1749254812,0.44870000,39654.30000000,0.4496
1749254812,0.44860000,17382.00000000,0.4496
1749254812,0.44850000,25251.40000000,0.4496
1749254812,0.44840000,5149.10000000,0.4496
1749254812,0.44830000,20285.60000000,0.4496
1749254812,0.44820000,37854.10000000,0.4496
1749254812,0.44810000,25965.80000000,0.4496
1749254812,0.44800000,4020.50000000,0.4496
1749254812,0.44790000,970.00000000,0.4496
1749254812,0.44780000,4020.50000000,0.4496
1749254812,0.44770000,34486.80000000,0.4496
1749254812,0.44760000,5618.60000000,0.4496
1749254812,0.44750000,27291.60000000,0.4496
1749254812,0.44740000,4136.20000000,0.4496
1749254812,0.44730000,11831.80000000,0.4496
1749254812,0.44720000,4034.60000000,0.4496
1749254812,0.44710000,1160.10000000,0.4496
1749254812,0.44700000,5552.80000000,0.4496
1749254812,0.44690000,533.80000000,0.4496
1749254812,0.44680000,4475.60000000,0.4496
1749254812,0.44670000,7645.40000000,0.4496
1749254812,0.44660000,1185.50000000,0.4496
1749254812,0.44650000,38.80000000,0.4496
1749254812,0.44640000,1891.90000000,0.4496
1749254812,0.44630000,25399.60000000,0.4496
1749254812,0.44620000,1637.30000000,0.4496
1749254812,0.44610000,1816.00000000,0.4496
1749254812,0.44600000,34.50000000,0.4496
1749254812,0.44590000,150.40000000,0.4496
1749254812,0.44580000,134.20000000,0.4496
1749254812,0.44570000,38.80000000,0.4496
1749254812,0.44560000,257.00000000,0.4496
1749254812,0.44550000,475.20000000,0.4496
1749254812,0.44540000,581.10000000,0.4496
1749254812,0.44530000,816.90000000,0.4496
1749254812,0.44520000,244.50000000,0.4496
1749254812,0.44510000,38.80000000,0.4496
1749254812,0.44500000,6894.40000000,0.4496
1749254812,0.44490000,38.90000000,0.4496
1749254812,0.44480000,1187.70000000,0.4496
1749254812,0.44470000,6147.80000000,0.4496
1749254812,0.44460000,433.30000000,0.4496
1749254812,0.44450000,50.30000000,0.4496
1749254812,0.44440000,145.90000000,0.4496
1749254812,0.44430000,53.70000000,0.4496
1749254812,0.44420000,2309.80000000,0.4496
1749254812,0.44410000,22.20000000,0.4496
1749254812,0.44400000,167.30000000,0.4496
1749254812,0.44390000,22.20000000,0.4496
1749254812,0.44380000,22.20000000,0.4496
1749254812,0.44370000,15996.40000000,0.4496
1749254812,0.44360000,22.20000000,0.4496
1749254812,0.44350000,158.30000000,0.4496
1749254812,0.44340000,101.10000000,0.4496
1749254812,0.44330000,347.40000000,0.4496
1749254812,0.44320000,22.20000000,0.4496
1749254812,0.44310000,22.20000000,0.4496
1749254812,0.44300000,34.20000000,0.4496
1749254812,0.44290000,22.20000000,0.4496
1749254812,0.44280000,34.30000000,0.4496
1749254812,0.44270000,22.30000000,0.4496
1749254812,0.44260000,22.30000000,0.4496
1749254812,0.44250000,3845.10000000,0.4496
1749254812,0.44240000,6803.40000000,0.4496
1749254812,0.44230000,22.30000000,0.4496
1749254812,0.44220000,22.30000000,0.4496
1749254812,0.44210000,35.60000000,0.4496
1749254812,0.44200000,226.20000000,0.4496
1749254812,0.44180000,31.90000000,0.4496
1749254812,0.44110000,453.40000000,0.4496
1749254812,0.44100000,730.80000000,0.4496
1749254812,0.44080000,13.80000000,0.4496
1749254812,0.44060000,109.80000000,0.4496
1749254812,0.44050000,2696.90000000,0.4496
1749254812,0.44040000,8000.00000000,0.4496
1749254812,0.44030000,6623.10000000,0.4496
1749254812,0.44000000,9890.70000000,0.4496
1749254812,0.43990000,659.10000000,0.4496
1749254812,0.43950000,128.40000000,0.4496
1749254812,0.43940000,79.60000000,0.4496
1749254812,0.43930000,5822.30000000,0.4496
1749254812,0.43920000,25.60000000,0.4496
1749254812,0.43910000,70.90000000,0.4496
1749254812,0.43900000,127.20000000,0.4496
1749254812,0.43870000,68.30000000,0.4496
1749254812,0.43860000,22.70000000,0.4496
1749254812,0.43850000,26.80000000,0.4496
1749254812,0.43840000,193.80000000,0.4496
1749254812,0.43830000,4873.20000000,0.4496
1749254812,0.43820000,14.00000000,0.4496
1749254812,0.43800000,5561.50000000,0.4496
