timestamp,price,volume,current_price
1749254638,1.64670000,116.90000000,1.6464
1749254638,1.64650000,52.60000000,1.6464
1749254638,1.64640000,147.10000000,1.6464
1749254638,1.64630000,52.60000000,1.6464
1749254638,1.64620000,147.40000000,1.6464
1749254638,1.64610000,4.60000000,1.6464
1749254638,1.64600000,3.40000000,1.6464
1749254638,1.64590000,148.60000000,1.6464
1749254638,1.64580000,3.40000000,1.6464
1749254638,1.64570000,272.80000000,1.6464
1749254638,1.64560000,883.60000000,1.6464
1749254638,1.64550000,29.20000000,1.6464
1749254638,1.64540000,867.60000000,1.6464
1749254638,1.64530000,2261.00000000,1.6464
1749254638,1.64520000,1918.80000000,1.6464
1749254638,1.64510000,804.10000000,1.6464
1749254638,1.64500000,958.80000000,1.6464
1749254638,1.64490000,3260.70000000,1.6464
1749254638,1.64480000,1437.40000000,1.6464
1749254638,1.64470000,6048.40000000,1.6464
1749254638,1.64460000,6532.50000000,1.6464
1749254638,1.64450000,5097.30000000,1.6464
1749254638,1.64440000,2634.00000000,1.6464
1749254638,1.64430000,4976.50000000,1.6464
1749254638,1.64420000,3695.10000000,1.6464
1749254638,1.64410000,1296.10000000,1.6464
1749254638,1.64400000,162.50000000,1.6464
1749254638,1.64390000,1057.60000000,1.6464
1749254638,1.64380000,1020.50000000,1.6464
1749254638,1.64370000,736.20000000,1.6464
1749254638,1.64360000,952.90000000,1.6464
1749254638,1.64350000,340.50000000,1.6464
1749254638,1.64340000,144.00000000,1.6464
1749254638,1.64330000,670.90000000,1.6464
1749254638,1.64320000,760.90000000,1.6464
1749254638,1.64310000,740.80000000,1.6464
1749254638,1.64300000,159.10000000,1.6464
1749254638,1.64280000,147.40000000,1.6464
1749254638,1.64270000,75.00000000,1.6464
1749254638,1.64260000,809.20000000,1.6464
1749254638,1.64250000,736.20000000,1.6464
1749254638,1.64240000,147.40000000,1.6464
1749254638,1.64230000,927.00000000,1.6464
1749254638,1.64220000,760.60000000,1.6464
1749254638,1.64210000,498.20000000,1.6464
1749254638,1.64200000,526.60000000,1.6464
1749254638,1.64190000,94.20000000,1.6464
1749254638,1.64180000,880.20000000,1.6464
1749254638,1.64160000,147.40000000,1.6464
1749254638,1.64150000,518.10000000,1.6464
1749254638,1.64140000,1654.20000000,1.6464
1749254638,1.64130000,7587.80000000,1.6464
1749254638,1.64120000,1349.70000000,1.6464
1749254638,1.64110000,75.10000000,1.6464
1749254638,1.64100000,153.20000000,1.6464
1749254638,1.64090000,55.30000000,1.6464
1749254638,1.64080000,3.10000000,1.6464
1749254638,1.64070000,79.70000000,1.6464
1749254638,1.64060000,880.20000000,1.6464
1749254638,1.64040000,144.00000000,1.6464
1749254638,1.64030000,595.90000000,1.6464
1749254638,1.64020000,757.50000000,1.6464
1749254638,1.64010000,75.10000000,1.6464
1749254638,1.64000000,2921.70000000,1.6464
1749254638,1.63990000,79.70000000,1.6464
1749254638,1.63980000,144.00000000,1.6464
1749254638,1.63950000,19.00000000,1.6464
1749254638,1.63940000,3153.00000000,1.6464
1749254638,1.63930000,1407.30000000,1.6464
1749254638,1.63920000,144.00000000,1.6464
1749254638,1.63910000,2112.30000000,1.6464
1749254638,1.63900000,1030.80000000,1.6464
1749254638,1.63890000,2092.00000000,1.6464
1749254638,1.63880000,144.00000000,1.6464
1749254638,1.63870000,3643.20000000,1.6464
1749254638,1.63860000,2023.60000000,1.6464
1749254638,1.63840000,378.80000000,1.6464
1749254638,1.63830000,2587.40000000,1.6464
1749254638,1.63820000,144.00000000,1.6464
1749254638,1.63810000,75.20000000,1.6464
1749254638,1.63800000,829.60000000,1.6464
1749254638,1.63790000,3543.50000000,1.6464
1749254638,1.63780000,144.00000000,1.6464
1749254638,1.63770000,1687.90000000,1.6464
1749254638,1.63760000,162.80000000,1.6464
1749254638,1.63750000,4.60000000,1.6464
1749254638,1.63730000,674.80000000,1.6464
1749254638,1.63700000,751.30000000,1.6464
1749254638,1.63690000,613.50000000,1.6464
1749254638,1.63680000,3.40000000,1.6464
1749254638,1.63670000,4.60000000,1.6464
1749254638,1.63630000,367.50000000,1.6464
1749254638,1.63610000,736.20000000,1.6464
1749254638,1.63600000,15.10000000,1.6464
1749254638,1.63590000,24.50000000,1.6464
1749254638,1.63560000,1430.80000000,1.6464
1749254638,1.63550000,736.20000000,1.6464
1749254638,1.63530000,595.90000000,1.6464
1749254638,1.63520000,6.50000000,1.6464
1749254638,1.63510000,14.30000000,1.6464
1749254956,1.63810000,101.90000000,1.6382
1749254956,1.63800000,24.80000000,1.6382
1749254956,1.63790000,8.00000000,1.6382
1749254956,1.63780000,147.40000000,1.6382
1749254956,1.63770000,4.60000000,1.6382
1749254956,1.63760000,86.20000000,1.6382
1749254956,1.63750000,9.20000000,1.6382
1749254956,1.63740000,360.90000000,1.6382
1749254956,1.63730000,965.90000000,1.6382
1749254956,1.63720000,1277.20000000,1.6382
1749254956,1.63710000,1536.60000000,1.6382
1749254956,1.63700000,426.60000000,1.6382
1749254956,1.63690000,1422.20000000,1.6382
1749254956,1.63680000,2244.10000000,1.6382
1749254956,1.63670000,1917.70000000,1.6382
1749254956,1.63660000,1393.30000000,1.6382
1749254956,1.63650000,1165.40000000,1.6382
1749254956,1.63640000,2702.00000000,1.6382
1749254956,1.63630000,3966.20000000,1.6382
1749254956,1.63620000,572.90000000,1.6382
1749254956,1.63610000,2261.40000000,1.6382
1749254956,1.63600000,1863.60000000,1.6382
1749254956,1.63590000,3615.70000000,1.6382
1749254956,1.63580000,219.30000000,1.6382
1749254956,1.63570000,311.70000000,1.6382
1749254956,1.63560000,147.40000000,1.6382
1749254956,1.63550000,6386.00000000,1.6382
1749254956,1.63540000,144.00000000,1.6382
1749254956,1.63530000,1427.70000000,1.6382
1749254956,1.63520000,150.50000000,1.6382
1749254956,1.63510000,921.40000000,1.6382
1749254956,1.63500000,620.10000000,1.6382
1749254956,1.63490000,1425.00000000,1.6382
1749254956,1.63480000,3935.10000000,1.6382
1749254956,1.63470000,15.90000000,1.6382
1749254956,1.63450000,288.70000000,1.6382
1749254956,1.63440000,270.10000000,1.6382
1749254956,1.63430000,1412.00000000,1.6382
1749254956,1.63420000,625.10000000,1.6382
1749254956,1.63410000,7013.60000000,1.6382
1749254956,1.63400000,159.20000000,1.6382
1749254956,1.63390000,671.20000000,1.6382
1749254956,1.63380000,147.10000000,1.6382
1749254956,1.63360000,355.90000000,1.6382
1749254956,1.63350000,1528.20000000,1.6382
1749254956,1.63340000,529.80000000,1.6382
1749254956,1.63330000,1089.50000000,1.6382
1749254956,1.63320000,1771.90000000,1.6382
1749254956,1.63310000,1072.60000000,1.6382
1749254956,1.63300000,159.20000000,1.6382
1749254956,1.63290000,758.90000000,1.6382
1749254956,1.63280000,177.40000000,1.6382
1749254956,1.63270000,80.00000000,1.6382
1749254956,1.63240000,147.10000000,1.6382
1749254956,1.63230000,1157.80000000,1.6382
1749254956,1.63220000,144.00000000,1.6382
1749254956,1.63210000,75.50000000,1.6382
1749254956,1.63200000,252.10000000,1.6382
1749254956,1.63190000,740.80000000,1.6382
1749254956,1.63180000,144.00000000,1.6382
1749254956,1.63170000,6.70000000,1.6382
1749254956,1.63160000,2357.40000000,1.6382
1749254956,1.63150000,3639.00000000,1.6382
1749254956,1.63140000,144.00000000,1.6382
1749254956,1.63120000,219.50000000,1.6382
1749254956,1.63110000,2971.60000000,1.6382
1749254956,1.63100000,15.20000000,1.6382
1749254956,1.63090000,2491.60000000,1.6382
1749254956,1.63080000,367.50000000,1.6382
1749254956,1.63070000,968.70000000,1.6382
1749254956,1.63060000,1996.30000000,1.6382
1749254956,1.63040000,3.40000000,1.6382
1749254956,1.63030000,4.60000000,1.6382
1749254956,1.63020000,2030.60000000,1.6382
1749254956,1.63010000,80.10000000,1.6382
1749254956,1.63000000,193.30000000,1.6382
1749254956,1.62990000,75.60000000,1.6382
1749254956,1.62980000,890.40000000,1.6382
1749254956,1.62970000,3.70000000,1.6382
1749254956,1.62960000,1212.50000000,1.6382
1749254956,1.62950000,4.60000000,1.6382
1749254956,1.62940000,736.20000000,1.6382
1749254956,1.62910000,75.60000000,1.6382
1749254956,1.62900000,1843.30000000,1.6382
1749254956,1.62890000,1953.60000000,1.6382
1749254956,1.62880000,3.40000000,1.6382
1749254956,1.62870000,4.70000000,1.6382
1749254956,1.62840000,2105.40000000,1.6382
1749254956,1.62810000,1103.70000000,1.6382
1749254956,1.62800000,923.50000000,1.6382
1749254956,1.62790000,14.40000000,1.6382
1749254956,1.62760000,1226.00000000,1.6382
1749254956,1.62720000,3.40000000,1.6382
1749254956,1.62710000,24.50000000,1.6382
1749254956,1.62700000,15.20000000,1.6382
1749254956,1.62680000,739.30000000,1.6382
1749254956,1.62630000,4.70000000,1.6382
1749254956,1.62620000,356.00000000,1.6382
1749254956,1.62570000,6440.50000000,1.6382
1749254956,1.62560000,616.90000000,1.6382
