timestamp,price,volume,current_price
1749260786,1.63590000,51.10000000,1.6362
1749260786,1.63580000,4.60000000,1.6362
1749260786,1.63560000,11.50000000,1.6362
1749260786,1.63540000,353.20000000,1.6362
1749260786,1.63530000,3.40000000,1.6362
1749260786,1.63520000,340.60000000,1.6362
1749260786,1.63510000,736.20000000,1.6362
1749260786,1.63500000,275.80000000,1.6362
1749260786,1.63490000,203.90000000,1.6362
1749260786,1.63480000,979.60000000,1.6362
1749260786,1.63470000,760.90000000,1.6362
1749260786,1.63460000,766.70000000,1.6362
1749260786,1.63450000,2275.10000000,1.6362
1749260786,1.63440000,2748.20000000,1.6362
1749260786,1.63430000,1566.10000000,1.6362
1749260786,1.63420000,2258.30000000,1.6362
1749260786,1.63410000,849.00000000,1.6362
1749260786,1.63400000,750.10000000,1.6362
1749260786,1.63390000,3077.90000000,1.6362
1749260786,1.63380000,7630.50000000,1.6362
1749260786,1.63370000,1957.90000000,1.6362
1749260786,1.63360000,3316.40000000,1.6362
1749260786,1.63350000,614.40000000,1.6362
1749260786,1.63340000,148.60000000,1.6362
1749260786,1.63330000,1787.80000000,1.6362
1749260786,1.63320000,763.00000000,1.6362
1749260786,1.63310000,78.90000000,1.6362
1749260786,1.63300000,828.10000000,1.6362
1749260786,1.63290000,79.20000000,1.6362
1749260786,1.63280000,226.40000000,1.6362
1749260786,1.63270000,1209.40000000,1.6362
1749260786,1.63260000,888.20000000,1.6362
1749260786,1.63240000,2909.20000000,1.6362
1749260786,1.63230000,488.50000000,1.6362
1749260786,1.63220000,153.20000000,1.6362
1749260786,1.63200000,954.50000000,1.6362
1749260786,1.63190000,443.40000000,1.6362
1749260786,1.63180000,1961.80000000,1.6362
1749260786,1.63170000,1209.40000000,1.6362
1749260786,1.63160000,163.30000000,1.6362
1749260786,1.63150000,1533.60000000,1.6362
1749260786,1.63140000,888.20000000,1.6362
1749260786,1.63120000,75.90000000,1.6362
1749260786,1.63110000,144.00000000,1.6362
1749260786,1.63100000,1623.60000000,1.6362
1749260786,1.63090000,144.00000000,1.6362
1749260786,1.63080000,3.40000000,1.6362
1749260786,1.63070000,1476.10000000,1.6362
1749260786,1.63060000,618.10000000,1.6362
1749260786,1.63050000,163.20000000,1.6362
1749260786,1.63040000,33.50000000,1.6362
1749260786,1.63030000,219.90000000,1.6362
1749260786,1.63020000,7045.30000000,1.6362
1749260786,1.63010000,920.70000000,1.6362
1749260786,1.63000000,736.20000000,1.6362
1749260786,1.62990000,144.00000000,1.6362
1749260786,1.62980000,80.60000000,1.6362
1749260786,1.62970000,743.60000000,1.6362
1749260786,1.62960000,620.00000000,1.6362
1749260786,1.62950000,1649.90000000,1.6362
1749260786,1.62940000,1190.40000000,1.6362
1749260786,1.62930000,144.00000000,1.6362
1749260786,1.62910000,76.10000000,1.6362
1749260786,1.62900000,363.30000000,1.6362
1749260786,1.62890000,2971.00000000,1.6362
1749260786,1.62880000,4406.40000000,1.6362
1749260786,1.62870000,595.90000000,1.6362
1749260786,1.62860000,144.00000000,1.6362
1749260786,1.62850000,228.90000000,1.6362
1749260786,1.62840000,261.70000000,1.6362
1749260786,1.62820000,3040.20000000,1.6362
1749260786,1.62790000,153.70000000,1.6362
1749260786,1.62780000,76.10000000,1.6362
1749260786,1.62770000,739.90000000,1.6362
1749260786,1.62760000,736.20000000,1.6362
1749260786,1.62750000,163.20000000,1.6362
1749260786,1.62740000,1361.70000000,1.6362
1749260786,1.62730000,144.00000000,1.6362
1749260786,1.62720000,79.50000000,1.6362
1749260786,1.62710000,981.00000000,1.6362
1749260786,1.62690000,880.20000000,1.6362
1749260786,1.62680000,79.20000000,1.6362
1749260786,1.62670000,739.90000000,1.6362
1749260786,1.62660000,238.60000000,1.6362
1749260786,1.62640000,76.10000000,1.6362
1749260786,1.62630000,743.60000000,1.6362
1749260786,1.62610000,613.50000000,1.6362
1749260786,1.62590000,76.20000000,1.6362
1749260786,1.62580000,2114.90000000,1.6362
1749260786,1.62570000,1332.10000000,1.6362
1749260786,1.62550000,18.90000000,1.6362
1749260786,1.62540000,3.40000000,1.6362
1749260786,1.62530000,76.20000000,1.6362
1749260786,1.62510000,1717.20000000,1.6362
1749260786,1.62500000,2750.20000000,1.6362
1749260786,1.62470000,595.90000000,1.6362
1749260786,1.62440000,1632.20000000,1.6362
1749260786,1.62420000,4.70000000,1.6362
1749260786,1.62410000,736.20000000,1.6362
1749260786,1.62400000,2212.40000000,1.6362
1749261107,1.64540000,130.30000000,1.6452
1749261107,1.64530000,600.50000000,1.6452
1749261107,1.64520000,188.60000000,1.6452
1749261107,1.64510000,48.00000000,1.6452
1749261107,1.64500000,7.70000000,1.6452
1749261107,1.64490000,48.00000000,1.6452
1749261107,1.64480000,148.60000000,1.6452
1749261107,1.64470000,48.00000000,1.6452
1749261107,1.64460000,148.60000000,1.6452
1749261107,1.64440000,148.60000000,1.6452
1749261107,1.64430000,51.10000000,1.6452
1749261107,1.64420000,404.90000000,1.6452
1749261107,1.64410000,275.90000000,1.6452
1749261107,1.64400000,55.20000000,1.6452
1749261107,1.64390000,15.20000000,1.6452
1749261107,1.64380000,4.60000000,1.6452
1749261107,1.64370000,105.20000000,1.6452
1749261107,1.64360000,151.70000000,1.6452
1749261107,1.64350000,736.20000000,1.6452
1749261107,1.64340000,727.30000000,1.6452
1749261107,1.64330000,1902.40000000,1.6452
1749261107,1.64320000,398.90000000,1.6452
1749261107,1.64310000,413.70000000,1.6452
1749261107,1.64300000,443.60000000,1.6452
1749261107,1.64290000,814.30000000,1.6452
1749261107,1.64280000,192.10000000,1.6452
1749261107,1.64270000,613.50000000,1.6452
1749261107,1.64260000,749.10000000,1.6452
1749261107,1.64250000,3.40000000,1.6452
1749261107,1.64240000,4.60000000,1.6452
1749261107,1.64230000,543.20000000,1.6452
1749261107,1.64220000,822.30000000,1.6452
1749261107,1.64210000,354.40000000,1.6452
1749261107,1.64200000,1240.10000000,1.6452
1749261107,1.64190000,3.40000000,1.6452
1749261107,1.64180000,8351.20000000,1.6452
1749261107,1.64170000,3843.30000000,1.6452
1749261107,1.64160000,969.70000000,1.6452
1749261107,1.64150000,739.30000000,1.6452
1749261107,1.64140000,148.60000000,1.6452
1749261107,1.64130000,317.70000000,1.6452
1749261107,1.64120000,4.60000000,1.6452
1749261107,1.64110000,91.00000000,1.6452
1749261107,1.64100000,27.20000000,1.6452
1749261107,1.64090000,669.80000000,1.6452
1749261107,1.64080000,246.60000000,1.6452
1749261107,1.64070000,811.70000000,1.6452
1749261107,1.64060000,163.70000000,1.6452
1749261107,1.64050000,75.50000000,1.6452
1749261107,1.64040000,3.40000000,1.6452
1749261107,1.64030000,325.50000000,1.6452
1749261107,1.64020000,600.50000000,1.6452
1749261107,1.64010000,1349.70000000,1.6452
1749261107,1.64000000,2139.60000000,1.6452
1749261107,1.63990000,75.50000000,1.6452
1749261107,1.63980000,147.40000000,1.6452
1749261107,1.63960000,367.50000000,1.6452
1749261107,1.63950000,755.50000000,1.6452
1749261107,1.63940000,83.30000000,1.6452
1749261107,1.63930000,177.60000000,1.6452
1749261107,1.63920000,358.90000000,1.6452
1749261107,1.63910000,739.90000000,1.6452
1749261107,1.63890000,760.90000000,1.6452
1749261107,1.63880000,736.20000000,1.6452
1749261107,1.63870000,75.60000000,1.6452
1749261107,1.63860000,152.00000000,1.6452
1749261107,1.63840000,7151.50000000,1.6452
1749261107,1.63820000,880.20000000,1.6452
1749261107,1.63810000,671.50000000,1.6452
1749261107,1.63800000,147.10000000,1.6452
1749261107,1.63790000,632.00000000,1.6452
1749261107,1.63780000,224.20000000,1.6452
1749261107,1.63760000,736.20000000,1.6452
1749261107,1.63750000,3799.00000000,1.6452
1749261107,1.63740000,367.50000000,1.6452
1749261107,1.63730000,1350.00000000,1.6452
1749261107,1.63720000,75.60000000,1.6452
1749261107,1.63710000,3190.70000000,1.6452
1749261107,1.63700000,740.80000000,1.6452
1749261107,1.63690000,144.00000000,1.6452
1749261107,1.63680000,613.50000000,1.6452
1749261107,1.63670000,144.00000000,1.6452
1749261107,1.63660000,1250.40000000,1.6452
1749261107,1.63650000,381.70000000,1.6452
1749261107,1.63640000,811.90000000,1.6452
1749261107,1.63630000,144.00000000,1.6452
1749261107,1.63620000,8.00000000,1.6452
1749261107,1.63610000,3162.00000000,1.6452
1749261107,1.63600000,595.90000000,1.6452
1749261107,1.63590000,1396.50000000,1.6452
1749261107,1.63580000,3035.40000000,1.6452
1749261107,1.63570000,144.00000000,1.6452
1749261107,1.63550000,219.70000000,1.6452
1749261107,1.63540000,4.60000000,1.6452
1749261107,1.63530000,144.00000000,1.6452
1749261107,1.63520000,1849.00000000,1.6452
1749261107,1.63510000,521.20000000,1.6452
1749261107,1.63500000,317.30000000,1.6452
1749261107,1.63490000,144.00000000,1.6452
1749261107,1.63480000,671.20000000,1.6452
1749261425,1.64100000,23.80000000,1.641
1749261425,1.64080000,7.70000000,1.641
1749261425,1.64070000,147.40000000,1.641
1749261425,1.64060000,4.60000000,1.641
1749261425,1.64040000,172.40000000,1.641
1749261425,1.64030000,159.70000000,1.641
1749261425,1.64020000,745.40000000,1.641
1749261425,1.64010000,6.50000000,1.641
1749261425,1.64000000,845.40000000,1.641
1749261425,1.63990000,2163.80000000,1.641
1749261425,1.63980000,152.00000000,1.641
1749261425,1.63970000,755.20000000,1.641
1749261425,1.63960000,3369.40000000,1.641
1749261425,1.63950000,3431.50000000,1.641
1749261425,1.63940000,628.10000000,1.641
1749261425,1.63930000,3618.70000000,1.641
1749261425,1.63920000,2519.10000000,1.641
1749261425,1.63910000,3268.00000000,1.641
1749261425,1.63900000,3900.60000000,1.641
1749261425,1.63890000,3555.90000000,1.641
1749261425,1.63880000,1678.00000000,1.641
1749261425,1.63870000,2230.70000000,1.641
1749261425,1.63860000,408.90000000,1.641
1749261425,1.63850000,856.30000000,1.641
1749261425,1.63840000,984.60000000,1.641
1749261425,1.63830000,915.90000000,1.641
1749261425,1.63820000,1720.80000000,1.641
1749261425,1.63810000,595.90000000,1.641
1749261425,1.63800000,201.20000000,1.641
1749261425,1.63790000,632.00000000,1.641
1749261425,1.63780000,757.60000000,1.641
1749261425,1.63760000,736.20000000,1.641
1749261425,1.63750000,491.80000000,1.641
1749261425,1.63740000,7522.70000000,1.641
1749261425,1.63730000,3.70000000,1.641
1749261425,1.63720000,437.60000000,1.641
1749261425,1.63710000,595.90000000,1.641
1749261425,1.63700000,791.50000000,1.641
1749261425,1.63680000,760.90000000,1.641
1749261425,1.63670000,1602.30000000,1.641
1749261425,1.63660000,464.70000000,1.641
1749261425,1.63640000,736.20000000,1.641
1749261425,1.63620000,152.00000000,1.641
1749261425,1.63610000,75.30000000,1.641
1749261425,1.63600000,3614.90000000,1.641
1749261425,1.63590000,21.10000000,1.641
1749261425,1.63580000,1655.10000000,1.641
1749261425,1.63560000,222.70000000,1.641
1749261425,1.63550000,33.60000000,1.641
1749261425,1.63540000,4.60000000,1.641
1749261425,1.63520000,883.30000000,1.641
1749261425,1.63510000,962.90000000,1.641
1749261425,1.63500000,144.00000000,1.641
1749261425,1.63480000,739.90000000,1.641
1749261425,1.63470000,613.50000000,1.641
1749261425,1.63460000,223.90000000,1.641
1749261425,1.63450000,754.90000000,1.641
1749261425,1.63440000,2178.10000000,1.641
1749261425,1.63420000,3269.60000000,1.641
1749261425,1.63410000,232.90000000,1.641
1749261425,1.63400000,144.00000000,1.641
1749261425,1.63390000,736.20000000,1.641
1749261425,1.63380000,1626.60000000,1.641
1749261425,1.63370000,1290.80000000,1.641
1749261425,1.63360000,144.00000000,1.641
1749261425,1.63340000,19.60000000,1.641
1749261425,1.63330000,9212.10000000,1.641
1749261425,1.63320000,144.00000000,1.641
1749261425,1.63300000,4.60000000,1.641
1749261425,1.63290000,4789.40000000,1.641
1749261425,1.63280000,144.00000000,1.641
1749261425,1.63270000,1284.80000000,1.641
1749261425,1.63260000,883.60000000,1.641
1749261425,1.63250000,2010.30000000,1.641
1749261425,1.63240000,147.10000000,1.641
1749261425,1.63230000,1448.40000000,1.641
1749261425,1.63220000,148.60000000,1.641
1749261425,1.63210000,75.50000000,1.641
1749261425,1.63200000,880.20000000,1.641
1749261425,1.63190000,2731.90000000,1.641
1749261425,1.63180000,144.00000000,1.641
1749261425,1.63170000,1209.40000000,1.641
1749261425,1.63160000,163.30000000,1.641
1749261425,1.63150000,75.50000000,1.641
1749261425,1.63140000,884.80000000,1.641
1749261425,1.63080000,3.40000000,1.641
1749261425,1.63070000,1332.10000000,1.641
1749261425,1.63060000,618.10000000,1.641
1749261425,1.63000000,736.20000000,1.641
1749261425,1.62990000,20.60000000,1.641
1749261425,1.62980000,4.60000000,1.641
1749261425,1.62970000,599.60000000,1.641
1749261425,1.62960000,616.60000000,1.641
1749261425,1.62950000,367.50000000,1.641
1749261425,1.62940000,736.20000000,1.641
1749261425,1.62920000,587.00000000,1.641
1749261425,1.62910000,2902.80000000,1.641
1749261425,1.62900000,5484.60000000,1.641
1749261425,1.62880000,736.20000000,1.641
1749261425,1.62870000,595.90000000,1.641
1749261736,1.63580000,48.00000000,1.6356
1749261736,1.63570000,144.00000000,1.6356
1749261736,1.63560000,49.20000000,1.6356
1749261736,1.63550000,48.00000000,1.6356
1749261736,1.63540000,4.60000000,1.6356
1749261736,1.63530000,44.60000000,1.6356
1749261736,1.63520000,7.70000000,1.6356
1749261736,1.63510000,144.00000000,1.6356
1749261736,1.63500000,4.60000000,1.6356
1749261736,1.63490000,127.00000000,1.6356
1749261736,1.63480000,148.60000000,1.6356
1749261736,1.63470000,487.50000000,1.6356
1749261736,1.63460000,2032.30000000,1.6356
1749261736,1.63450000,874.10000000,1.6356
1749261736,1.63440000,494.10000000,1.6356
1749261736,1.63430000,2039.70000000,1.6356
1749261736,1.63420000,1315.70000000,1.6356
1749261736,1.63410000,276.60000000,1.6356
1749261736,1.63400000,1332.60000000,1.6356
1749261736,1.63390000,2760.50000000,1.6356
1749261736,1.63380000,1027.00000000,1.6356
1749261736,1.63360000,4.60000000,1.6356
1749261736,1.63350000,493.50000000,1.6356
1749261736,1.63340000,2261.80000000,1.6356
1749261736,1.63330000,3509.50000000,1.6356
1749261736,1.63320000,2703.00000000,1.6356
1749261736,1.63310000,79.00000000,1.6356
1749261736,1.63300000,280.10000000,1.6356
1749261736,1.63290000,1218.20000000,1.6356
1749261736,1.63280000,4515.20000000,1.6356
1749261736,1.63270000,1715.10000000,1.6356
1749261736,1.63260000,2003.40000000,1.6356
1749261736,1.63250000,855.10000000,1.6356
1749261736,1.63240000,412.80000000,1.6356
1749261736,1.63230000,1226.00000000,1.6356
1749261736,1.63220000,153.20000000,1.6356
1749261736,1.63210000,357.20000000,1.6356
1749261736,1.63200000,939.10000000,1.6356
1749261736,1.63190000,75.50000000,1.6356
1749261736,1.63180000,517.30000000,1.6356
1749261736,1.63170000,1843.80000000,1.6356
1749261736,1.63160000,144.00000000,1.6356
1749261736,1.63150000,301.90000000,1.6356
1749261736,1.63140000,744.20000000,1.6356
1749261736,1.63130000,289.70000000,1.6356
1749261736,1.63120000,432.90000000,1.6356
1749261736,1.63100000,868.70000000,1.6356
1749261736,1.63080000,282.50000000,1.6356
1749261736,1.63070000,1407.60000000,1.6356
1749261736,1.63060000,762.10000000,1.6356
1749261736,1.63050000,19.30000000,1.6356
1749261736,1.63040000,144.00000000,1.6356
1749261736,1.63030000,1127.50000000,1.6356
1749261736,1.63020000,7268.20000000,1.6356
1749261736,1.63010000,1524.20000000,1.6356
1749261736,1.63000000,880.20000000,1.6356
1749261736,1.62980000,148.60000000,1.6356
1749261736,1.62970000,675.10000000,1.6356
1749261736,1.62960000,1930.40000000,1.6356
1749261736,1.62950000,599.80000000,1.6356
1749261736,1.62940000,736.20000000,1.6356
1749261736,1.62920000,3181.00000000,1.6356
1749261736,1.62900000,171.00000000,1.6356
1749261736,1.62890000,1886.20000000,1.6356
1749261736,1.62880000,736.20000000,1.6356
1749261736,1.62870000,671.50000000,1.6356
1749261736,1.62860000,596.80000000,1.6356
1749261736,1.62840000,261.70000000,1.6356
1749261736,1.62830000,75.60000000,1.6356
1749261736,1.62820000,1357.50000000,1.6356
1749261736,1.62810000,1188.20000000,1.6356
1749261736,1.62800000,219.60000000,1.6356
1749261736,1.62790000,9.70000000,1.6356
1749261736,1.62780000,144.00000000,1.6356
1749261736,1.62760000,736.20000000,1.6356
1749261736,1.62750000,75.60000000,1.6356
1749261736,1.62740000,2621.50000000,1.6356
1749261736,1.62730000,3654.80000000,1.6356
1749261736,1.62720000,147.40000000,1.6356
1749261736,1.62710000,502.80000000,1.6356
1749261736,1.62700000,144.00000000,1.6356
1749261736,1.62690000,75.70000000,1.6356
1749261736,1.62680000,154.50000000,1.6356
1749261736,1.62660000,4.70000000,1.6356
1749261736,1.62650000,234.00000000,1.6356
1749261736,1.62640000,1551.80000000,1.6356
1749261736,1.62630000,1647.10000000,1.6356
1749261736,1.62620000,757.50000000,1.6356
1749261736,1.62600000,3874.60000000,1.6356
1749261736,1.62580000,1338.20000000,1.6356
1749261736,1.62570000,19.20000000,1.6356
1749261736,1.62560000,144.00000000,1.6356
1749261736,1.62550000,75.80000000,1.6356
1749261736,1.62540000,743.30000000,1.6356
1749261736,1.62530000,2111.10000000,1.6356
1749261736,1.62510000,1103.70000000,1.6356
1749261736,1.62500000,746.40000000,1.6356
1749261736,1.62490000,75.80000000,1.6356
1749261736,1.62480000,8398.80000000,1.6356
1749261736,1.62420000,638.60000000,1.6356
1749262043,1.62930000,3.40000000,1.6295
1749262043,1.62910000,314.10000000,1.6295
1749262043,1.62900000,1259.40000000,1.6295
1749262043,1.62890000,3.10000000,1.6295
1749262043,1.62880000,191.70000000,1.6295
1749262043,1.62870000,40.70000000,1.6295
1749262043,1.62860000,148.70000000,1.6295
1749262043,1.62850000,331.00000000,1.6295
1749262043,1.62840000,1257.30000000,1.6295
1749262043,1.62830000,1292.80000000,1.6295
1749262043,1.62820000,1607.90000000,1.6295
1749262043,1.62810000,689.20000000,1.6295
1749262043,1.62800000,2264.00000000,1.6295
1749262043,1.62790000,1420.70000000,1.6295
1749262043,1.62780000,1536.00000000,1.6295
1749262043,1.62770000,1059.10000000,1.6295
1749262043,1.62760000,1655.80000000,1.6295
1749262043,1.62750000,3593.70000000,1.6295
1749262043,1.62740000,2854.20000000,1.6295
1749262043,1.62730000,5066.70000000,1.6295
1749262043,1.62720000,1545.80000000,1.6295
1749262043,1.62710000,2169.00000000,1.6295
1749262043,1.62700000,781.40000000,1.6295
1749262043,1.62690000,1064.60000000,1.6295
1749262043,1.62680000,437.60000000,1.6295
1749262043,1.62660000,152.10000000,1.6295
1749262043,1.62650000,465.50000000,1.6295
1749262043,1.62640000,1551.80000000,1.6295
1749262043,1.62630000,227.30000000,1.6295
1749262043,1.62620000,757.50000000,1.6295
1749262043,1.62610000,266.30000000,1.6295
1749262043,1.62600000,887.70000000,1.6295
1749262043,1.62580000,740.90000000,1.6295
1749262043,1.62570000,19.20000000,1.6295
1749262043,1.62560000,144.00000000,1.6295
1749262043,1.62550000,380.40000000,1.6295
1749262043,1.62540000,746.40000000,1.6295
1749262043,1.62530000,135.60000000,1.6295
1749262043,1.62520000,1188.30000000,1.6295
1749262043,1.62510000,1103.70000000,1.6295
1749262043,1.62500000,1304.00000000,1.6295
1749262043,1.62490000,75.80000000,1.6295
1749262043,1.62480000,147.40000000,1.6295
1749262043,1.62470000,1535.00000000,1.6295
1749262043,1.62460000,144.00000000,1.6295
1749262043,1.62440000,1467.60000000,1.6295
1749262043,1.62430000,691.10000000,1.6295
1749262043,1.62420000,819.60000000,1.6295
1749262043,1.62410000,75.80000000,1.6295
1749262043,1.62400000,467.20000000,1.6295
1749262043,1.62390000,75.80000000,1.6295
1749262043,1.62380000,1894.50000000,1.6295
1749262043,1.62360000,147.40000000,1.6295
1749262043,1.62350000,7274.70000000,1.6295
1749262043,1.62340000,744.60000000,1.6295
1749262043,1.62320000,3046.00000000,1.6295
1749262043,1.62310000,1262.50000000,1.6295
1749262043,1.62300000,3597.10000000,1.6295
1749262043,1.62290000,736.20000000,1.6295
1749262043,1.62280000,3338.50000000,1.6295
1749262043,1.62270000,75.90000000,1.6295
1749262043,1.62260000,762.10000000,1.6295
1749262043,1.62250000,55.20000000,1.6295
1749262043,1.62240000,2162.10000000,1.6295
1749262043,1.62230000,1729.10000000,1.6295
1749262043,1.62220000,147.70000000,1.6295
1749262043,1.62190000,24.60000000,1.6295
1749262043,1.62180000,8.00000000,1.6295
1749262043,1.62170000,1419.70000000,1.6295
1749262043,1.62160000,880.20000000,1.6295
1749262043,1.62150000,3678.00000000,1.6295
1749262043,1.62140000,739.90000000,1.6295
1749262043,1.62130000,96.00000000,1.6295
1749262043,1.62120000,2119.50000000,1.6295
1749262043,1.62110000,613.50000000,1.6295
1749262043,1.62100000,148.60000000,1.6295
1749262043,1.62090000,75.90000000,1.6295
1749262043,1.62080000,511.50000000,1.6295
1749262043,1.62070000,9.70000000,1.6295
1749262043,1.62040000,595.90000000,1.6295
1749262043,1.62030000,812.20000000,1.6295
1749262043,1.62020000,4.60000000,1.6295
1749262043,1.62000000,445.90000000,1.6295
1749262043,1.61990000,6861.00000000,1.6295
1749262043,1.61970000,913.20000000,1.6295
1749262043,1.61950000,94.80000000,1.6295
1749262043,1.61940000,600.50000000,1.6295
1749262043,1.61930000,2026.70000000,1.6295
1749262043,1.61920000,367.50000000,1.6295
1749262043,1.61910000,613.50000000,1.6295
1749262043,1.61900000,740.10000000,1.6295
1749262043,1.61860000,4.60000000,1.6295
1749262043,1.61850000,16.80000000,1.6295
1749262043,1.61840000,23.40000000,1.6295
1749262043,1.61830000,1638.30000000,1.6295
1749262043,1.61820000,3.40000000,1.6295
1749262043,1.61780000,4.60000000,1.6295
1749262043,1.61770000,736.20000000,1.6295
1749262043,1.61740000,595.90000000,1.6295
1749262043,1.61730000,613.50000000,1.6295
1749262344,1.63270000,15.30000000,1.6326
1749262344,1.63250000,48.00000000,1.6326
1749262344,1.63240000,3.10000000,1.6326
1749262344,1.63230000,192.00000000,1.6326
1749262344,1.63220000,4.60000000,1.6326
1749262344,1.63210000,192.00000000,1.6326
1749262344,1.63200000,23.10000000,1.6326
1749262344,1.63180000,57.60000000,1.6326
1749262344,1.63170000,150.50000000,1.6326
1749262344,1.63160000,4.60000000,1.6326
1749262344,1.63150000,162.70000000,1.6326
1749262344,1.63140000,256.20000000,1.6326
1749262344,1.63130000,736.20000000,1.6326
1749262344,1.63120000,148.60000000,1.6326
1749262344,1.63110000,3.40000000,1.6326
1749262344,1.63100000,142.10000000,1.6326
1749262344,1.63090000,147.40000000,1.6326
1749262344,1.63080000,155.70000000,1.6326
1749262344,1.63070000,722.10000000,1.6326
1749262344,1.63060000,1117.40000000,1.6326
1749262344,1.63050000,1400.40000000,1.6326
1749262344,1.63040000,532.20000000,1.6326
1749262344,1.63030000,2011.40000000,1.6326
1749262344,1.63020000,1943.70000000,1.6326
1749262344,1.63010000,786.90000000,1.6326
1749262344,1.63000000,216.70000000,1.6326
1749262344,1.62990000,1999.60000000,1.6326
1749262344,1.62980000,6048.30000000,1.6326
1749262344,1.62970000,1009.70000000,1.6326
1749262344,1.62960000,1401.50000000,1.6326
1749262344,1.62950000,3095.30000000,1.6326
1749262344,1.62940000,639.10000000,1.6326
1749262344,1.62930000,666.10000000,1.6326
1749262344,1.62920000,802.90000000,1.6326
1749262344,1.62910000,321.60000000,1.6326
1749262344,1.62900000,1226.50000000,1.6326
1749262344,1.62890000,1701.80000000,1.6326
1749262344,1.62880000,1142.80000000,1.6326
1749262344,1.62860000,1492.60000000,1.6326
1749262344,1.62840000,341.10000000,1.6326
1749262344,1.62830000,613.50000000,1.6326
1749262344,1.62820000,151.80000000,1.6326
1749262344,1.62810000,1837.60000000,1.6326
1749262344,1.62800000,1676.60000000,1.6326
1749262344,1.62790000,85.80000000,1.6326
1749262344,1.62780000,270.60000000,1.6326
1749262344,1.62760000,1961.40000000,1.6326
1749262344,1.62750000,76.10000000,1.6326
1749262344,1.62740000,168.80000000,1.6326
1749262344,1.62720000,1080.50000000,1.6326
1749262344,1.62710000,731.20000000,1.6326
1749262344,1.62700000,879.80000000,1.6326
1749262344,1.62690000,443.20000000,1.6326
1749262344,1.62680000,1336.00000000,1.6326
1749262344,1.62670000,1195.10000000,1.6326
1749262344,1.62660000,148.70000000,1.6326
1749262344,1.62640000,945.60000000,1.6326
1749262344,1.62630000,7049.90000000,1.6326
1749262344,1.62620000,757.50000000,1.6326
1749262344,1.62610000,3073.00000000,1.6326
1749262344,1.62600000,1405.10000000,1.6326
1749262344,1.62580000,884.90000000,1.6326
1749262344,1.62570000,19.20000000,1.6326
1749262344,1.62560000,2111.10000000,1.6326
1749262344,1.62550000,75.80000000,1.6326
1749262344,1.62540000,743.30000000,1.6326
1749262344,1.62530000,1112.00000000,1.6326
1749262344,1.62520000,757.50000000,1.6326
1749262344,1.62510000,1103.70000000,1.6326
1749262344,1.62500000,890.40000000,1.6326
1749262344,1.62490000,75.80000000,1.6326
1749262344,1.62480000,144.00000000,1.6326
1749262344,1.62460000,152.30000000,1.6326
1749262344,1.62440000,1332.10000000,1.6326
1749262344,1.62430000,3906.70000000,1.6326
1749262344,1.62420000,762.20000000,1.6326
1749262344,1.62410000,95.10000000,1.6326
1749262344,1.62400000,3.10000000,1.6326
1749262344,1.62390000,1756.70000000,1.6326
1749262344,1.62380000,736.20000000,1.6326
1749262344,1.62370000,3336.70000000,1.6326
1749262344,1.62360000,3.40000000,1.6326
1749262344,1.62350000,75.90000000,1.6326
1749262344,1.62340000,2622.10000000,1.6326
1749262344,1.62300000,3618.50000000,1.6326
1749262344,1.62290000,736.20000000,1.6326
1749262344,1.62270000,75.90000000,1.6326
1749262344,1.62260000,618.10000000,1.6326
1749262344,1.62250000,73.70000000,1.6326
1749262344,1.62240000,963.40000000,1.6326
1749262344,1.62230000,75.90000000,1.6326
1749262344,1.62220000,3.70000000,1.6326
1749262344,1.62190000,24.60000000,1.6326
1749262344,1.62180000,8.00000000,1.6326
1749262344,1.62170000,75.90000000,1.6326
1749262344,1.62160000,736.20000000,1.6326
1749262344,1.62140000,595.90000000,1.6326
1749262344,1.62130000,75.90000000,1.6326
1749262344,1.62120000,2333.90000000,1.6326
1749262344,1.62110000,631.70000000,1.6326
1749262646,1.63140000,3.40000000,1.6315
1749262646,1.63130000,6.50000000,1.6315
1749262646,1.63110000,3.40000000,1.6315
1749262646,1.63100000,7.70000000,1.6315
1749262646,1.63090000,144.00000000,1.6315
1749262646,1.63080000,8.00000000,1.6315
1749262646,1.63070000,144.00000000,1.6315
1749262646,1.63060000,9.20000000,1.6315
1749262646,1.63050000,166.10000000,1.6315
1749262646,1.63040000,469.60000000,1.6315
1749262646,1.63030000,1116.80000000,1.6315
1749262646,1.63020000,1035.30000000,1.6315
1749262646,1.63010000,838.20000000,1.6315
1749262646,1.63000000,308.10000000,1.6315
1749262646,1.62990000,841.60000000,1.6315
1749262646,1.62980000,558.80000000,1.6315
1749262646,1.62970000,2500.50000000,1.6315
1749262646,1.62960000,2018.40000000,1.6315
1749262646,1.62950000,4549.20000000,1.6315
1749262646,1.62940000,285.40000000,1.6315
1749262646,1.62930000,1231.40000000,1.6315
1749262646,1.62920000,586.30000000,1.6315
1749262646,1.62910000,1312.90000000,1.6315
1749262646,1.62900000,415.60000000,1.6315
1749262646,1.62890000,3725.60000000,1.6315
1749262646,1.62880000,9707.10000000,1.6315
1749262646,1.62870000,1366.70000000,1.6315
1749262646,1.62860000,1560.70000000,1.6315
1749262646,1.62850000,701.60000000,1.6315
1749262646,1.62840000,1080.20000000,1.6315
1749262646,1.62830000,629.50000000,1.6315
1749262646,1.62820000,229.80000000,1.6315
1749262646,1.62810000,739.90000000,1.6315
1749262646,1.62800000,51.00000000,1.6315
1749262646,1.62790000,842.40000000,1.6315
1749262646,1.62780000,3.40000000,1.6315
1749262646,1.62760000,736.20000000,1.6315
1749262646,1.62750000,220.10000000,1.6315
1749262646,1.62740000,336.00000000,1.6315
1749262646,1.62730000,287.10000000,1.6315
1749262646,1.62720000,1032.40000000,1.6315
1749262646,1.62710000,875.20000000,1.6315
1749262646,1.62690000,587.20000000,1.6315
1749262646,1.62680000,3.10000000,1.6315
1749262646,1.62660000,8.10000000,1.6315
1749262646,1.62650000,144.00000000,1.6315
1749262646,1.62640000,3177.90000000,1.6315
1749262646,1.62630000,144.00000000,1.6315
1749262646,1.62620000,966.90000000,1.6315
1749262646,1.62610000,3209.00000000,1.6315
1749262646,1.62600000,79.20000000,1.6315
1749262646,1.62590000,1344.10000000,1.6315
1749262646,1.62580000,740.90000000,1.6315
1749262646,1.62570000,162.30000000,1.6315
1749262646,1.62560000,10037.30000000,1.6315
1749262646,1.62550000,219.80000000,1.6315
1749262646,1.62540000,602.40000000,1.6315
1749262646,1.62530000,1304.60000000,1.6315
1749262646,1.62520000,613.50000000,1.6315
1749262646,1.62510000,1103.70000000,1.6315
1749262646,1.62500000,866.40000000,1.6315
1749262646,1.62490000,219.80000000,1.6315
1749262646,1.62460000,8033.30000000,1.6315
1749262646,1.62450000,152.40000000,1.6315
1749262646,1.62440000,1351.60000000,1.6315
1749262646,1.62430000,144.00000000,1.6315
1749262646,1.62420000,618.20000000,1.6315
1749262646,1.62410000,454.30000000,1.6315
1749262646,1.62400000,3.10000000,1.6315
1749262646,1.62390000,1364.40000000,1.6315
1749262646,1.62380000,4423.20000000,1.6315
1749262646,1.62370000,3336.70000000,1.6315
1749262646,1.62360000,3.40000000,1.6315
1749262646,1.62350000,144.00000000,1.6315
1749262646,1.62340000,4342.70000000,1.6315
1749262646,1.62330000,144.00000000,1.6315
1749262646,1.62300000,75.90000000,1.6315
1749262646,1.62290000,880.20000000,1.6315
1749262646,1.62260000,2013.00000000,1.6315
1749262646,1.62250000,217.70000000,1.6315
1749262646,1.62240000,963.40000000,1.6315
1749262646,1.62220000,79.60000000,1.6315
1749262646,1.62180000,638.40000000,1.6315
1749262646,1.62160000,736.20000000,1.6315
1749262646,1.62140000,595.90000000,1.6315
1749262646,1.62120000,22.60000000,1.6315
1749262646,1.62110000,613.50000000,1.6315
1749262646,1.62100000,5503.90000000,1.6315
1749262646,1.62080000,367.50000000,1.6315
1749262646,1.62070000,9.70000000,1.6315
1749262646,1.62040000,595.90000000,1.6315
1749262646,1.62030000,736.20000000,1.6315
1749262646,1.62020000,4.60000000,1.6315
1749262646,1.62000000,940.40000000,1.6315
1749262646,1.61980000,2227.50000000,1.6315
1749262646,1.61970000,913.20000000,1.6315
1749262646,1.61940000,600.50000000,1.6315
1749262646,1.61920000,367.50000000,1.6315
1749262646,1.61910000,613.50000000,1.6315
1749262646,1.61900000,740.10000000,1.6315
1749262948,1.63150000,48.00000000,1.6317
1749262948,1.63140000,153.20000000,1.6317
1749262948,1.63130000,48.00000000,1.6317
1749262948,1.63120000,148.60000000,1.6317
1749262948,1.63110000,3.40000000,1.6317
1749262948,1.63100000,199.70000000,1.6317
1749262948,1.63090000,200.00000000,1.6317
1749262948,1.63080000,420.90000000,1.6317
1749262948,1.63070000,1025.20000000,1.6317
1749262948,1.63060000,843.20000000,1.6317
1749262948,1.63050000,178.00000000,1.6317
1749262948,1.63040000,255.60000000,1.6317
1749262948,1.63030000,836.50000000,1.6317
1749262948,1.63020000,611.60000000,1.6317
1749262948,1.63010000,880.20000000,1.6317
1749262948,1.63000000,97.70000000,1.6317
1749262948,1.62990000,1179.40000000,1.6317
1749262948,1.62980000,3725.40000000,1.6317
1749262948,1.62970000,2560.00000000,1.6317
1749262948,1.62960000,8341.70000000,1.6317
1749262948,1.62950000,1880.50000000,1.6317
1749262948,1.62940000,3819.20000000,1.6317
1749262948,1.62930000,3311.70000000,1.6317
1749262948,1.62920000,2359.50000000,1.6317
1749262948,1.62910000,5270.60000000,1.6317
1749262948,1.62900000,857.50000000,1.6317
1749262948,1.62890000,394.90000000,1.6317
1749262948,1.62880000,1697.40000000,1.6317
1749262948,1.62870000,611.30000000,1.6317
1749262948,1.62860000,1077.70000000,1.6317
1749262948,1.62850000,92.10000000,1.6317
1749262948,1.62840000,152.10000000,1.6317
1749262948,1.62830000,1209.40000000,1.6317
1749262948,1.62820000,892.70000000,1.6317
1749262948,1.62800000,869.40000000,1.6317
1749262948,1.62790000,76.10000000,1.6317
1749262948,1.62780000,147.40000000,1.6317
1749262948,1.62760000,880.20000000,1.6317
1749262948,1.62740000,148.70000000,1.6317
1749262948,1.62730000,76.10000000,1.6317
1749262948,1.62720000,1356.80000000,1.6317
1749262948,1.62700000,880.20000000,1.6317
1749262948,1.62690000,1680.10000000,1.6317
1749262948,1.62680000,3.10000000,1.6317
1749262948,1.62670000,639.90000000,1.6317
1749262948,1.62660000,8.10000000,1.6317
1749262948,1.62650000,144.00000000,1.6317
1749262948,1.62640000,1363.40000000,1.6317
1749262948,1.62630000,144.00000000,1.6317
1749262948,1.62620000,689.60000000,1.6317
1749262948,1.62610000,144.00000000,1.6317
1749262948,1.62600000,113.20000000,1.6317
1749262948,1.62590000,7796.20000000,1.6317
1749262948,1.62580000,740.90000000,1.6317
1749262948,1.62570000,162.40000000,1.6317
1749262948,1.62550000,219.80000000,1.6317
1749262948,1.62540000,880.20000000,1.6317
1749262948,1.62530000,2347.20000000,1.6317
1749262948,1.62520000,613.50000000,1.6317
1749262948,1.62510000,1103.70000000,1.6317
1749262948,1.62500000,866.40000000,1.6317
1749262948,1.62490000,219.80000000,1.6317
1749262948,1.62470000,1335.00000000,1.6317
1749262948,1.62460000,135.50000000,1.6317
1749262948,1.62450000,144.00000000,1.6317
1749262948,1.62440000,1332.10000000,1.6317
1749262948,1.62430000,144.00000000,1.6317
1749262948,1.62420000,618.20000000,1.6317
1749262948,1.62410000,219.80000000,1.6317
1749262948,1.62400000,1190.00000000,1.6317
1749262948,1.62390000,3922.70000000,1.6317
1749262948,1.62380000,870.10000000,1.6317
1749262948,1.62370000,144.00000000,1.6317
1749262948,1.62360000,1647.90000000,1.6317
1749262948,1.62350000,144.00000000,1.6317
1749262948,1.62340000,676.50000000,1.6317
1749262948,1.62330000,144.00000000,1.6317
1749262948,1.62310000,320.10000000,1.6317
1749262948,1.62300000,3147.90000000,1.6317
1749262948,1.62290000,736.20000000,1.6317
1749262948,1.62260000,618.10000000,1.6317
1749262948,1.62250000,73.70000000,1.6317
1749262948,1.62240000,963.40000000,1.6317
1749262948,1.62230000,736.20000000,1.6317
1749262948,1.62220000,79.60000000,1.6317
1749262948,1.62210000,8.70000000,1.6317
1749262948,1.62180000,714.40000000,1.6317
1749262948,1.62160000,971.00000000,1.6317
1749262948,1.62140000,595.90000000,1.6317
1749262948,1.62120000,1823.30000000,1.6317
1749262948,1.62110000,613.50000000,1.6317
1749262948,1.62100000,4.60000000,1.6317
1749262948,1.62090000,736.20000000,1.6317
1749262948,1.62080000,443.50000000,1.6317
1749262948,1.62070000,9.70000000,1.6317
1749262948,1.62040000,595.90000000,1.6317
1749262948,1.62030000,4079.90000000,1.6317
1749262948,1.62020000,4.60000000,1.6317
1749262948,1.62010000,76.00000000,1.6317
1749262948,1.62000000,1011.20000000,1.6317
1749263254,1.63390000,19.60000000,1.6341
1749263254,1.63380000,3.10000000,1.6341
1749263254,1.63360000,4.60000000,1.6341
1749263254,1.63350000,147.40000000,1.6341
1749263254,1.63340000,4.60000000,1.6341
1749263254,1.63330000,144.00000000,1.6341
1749263254,1.63320000,8.00000000,1.6341
1749263254,1.63310000,387.00000000,1.6341
1749263254,1.63300000,1009.50000000,1.6341
1749263254,1.63290000,1342.50000000,1.6341
1749263254,1.63280000,771.60000000,1.6341
1749263254,1.63270000,353.70000000,1.6341
1749263254,1.63260000,728.80000000,1.6341
1749263254,1.63250000,144.00000000,1.6341
1749263254,1.63240000,311.90000000,1.6341
1749263254,1.63230000,1875.90000000,1.6341
1749263254,1.63220000,3289.90000000,1.6341
1749263254,1.63210000,1209.10000000,1.6341
1749263254,1.63200000,289.10000000,1.6341
1749263254,1.63190000,2849.50000000,1.6341
1749263254,1.63180000,7245.60000000,1.6341
1749263254,1.63170000,1951.80000000,1.6341
1749263254,1.63160000,3721.10000000,1.6341
1749263254,1.63150000,1868.50000000,1.6341
1749263254,1.63140000,861.00000000,1.6341
1749263254,1.63130000,1438.30000000,1.6341
1749263254,1.63120000,1090.00000000,1.6341
1749263254,1.63110000,1238.60000000,1.6341
1749263254,1.63100000,2346.40000000,1.6341
1749263254,1.63090000,736.20000000,1.6341
1749263254,1.63080000,152.00000000,1.6341
1749263254,1.63070000,75.90000000,1.6341
1749263254,1.63060000,153.20000000,1.6341
1749263254,1.63050000,16.10000000,1.6341
1749263254,1.63040000,1437.60000000,1.6341
1749263254,1.63030000,1322.90000000,1.6341
1749263254,1.63020000,3.40000000,1.6341
1749263254,1.63010000,1213.70000000,1.6341
1749263254,1.63000000,104.30000000,1.6341
1749263254,1.62990000,564.10000000,1.6341
1749263254,1.62980000,80.60000000,1.6341
1749263254,1.62970000,144.00000000,1.6341
1749263254,1.62960000,648.50000000,1.6341
1749263254,1.62950000,434.00000000,1.6341
1749263254,1.62940000,2483.70000000,1.6341
1749263254,1.62930000,1353.40000000,1.6341
1749263254,1.62910000,144.00000000,1.6341
1749263254,1.62900000,8.10000000,1.6341
1749263254,1.62890000,1740.50000000,1.6341
1749263254,1.62880000,736.20000000,1.6341
1749263254,1.62860000,177.60000000,1.6341
1749263254,1.62850000,7126.10000000,1.6341
1749263254,1.62840000,147.40000000,1.6341
1749263254,1.62830000,1844.70000000,1.6341
1749263254,1.62820000,888.00000000,1.6341
1749263254,1.62810000,1890.90000000,1.6341
1749263254,1.62800000,634.70000000,1.6341
1749263254,1.62790000,85.80000000,1.6341
1749263254,1.62780000,282.60000000,1.6341
1749263254,1.62760000,736.20000000,1.6341
1749263254,1.62750000,1585.70000000,1.6341
1749263254,1.62740000,148.70000000,1.6341
1749263254,1.62730000,76.10000000,1.6341
1749263254,1.62720000,1212.80000000,1.6341
1749263254,1.62700000,736.20000000,1.6341
1749263254,1.62690000,19.30000000,1.6341
1749263254,1.62680000,147.10000000,1.6341
1749263254,1.62670000,76.10000000,1.6341
1749263254,1.62660000,148.70000000,1.6341
1749263254,1.62640000,2173.80000000,1.6341
1749263254,1.62630000,133.70000000,1.6341
1749263254,1.62620000,4360.80000000,1.6341
1749263254,1.62600000,3146.20000000,1.6341
1749263254,1.62590000,595.90000000,1.6341
1749263254,1.62580000,740.90000000,1.6341
1749263254,1.62570000,18.40000000,1.6341
1749263254,1.62560000,144.00000000,1.6341
1749263254,1.62550000,75.80000000,1.6341
1749263254,1.62540000,1671.40000000,1.6341
1749263254,1.62520000,757.50000000,1.6341
1749263254,1.62510000,1103.70000000,1.6341
1749263254,1.62500000,893.20000000,1.6341
1749263254,1.62490000,75.80000000,1.6341
1749263254,1.62470000,8.20000000,1.6341
1749263254,1.62440000,1332.10000000,1.6341
1749263254,1.62420000,618.20000000,1.6341
1749263254,1.62410000,310.40000000,1.6341
1749263254,1.62400000,4121.50000000,1.6341
1749263254,1.62390000,95.70000000,1.6341
1749263254,1.62380000,2757.50000000,1.6341
1749263254,1.62360000,3.40000000,1.6341
1749263254,1.62340000,676.50000000,1.6341
1749263254,1.62300000,75.90000000,1.6341
1749263254,1.62290000,736.20000000,1.6341
1749263254,1.62260000,2786.30000000,1.6341
1749263254,1.62250000,73.70000000,1.6341
1749263254,1.62240000,963.40000000,1.6341
1749263254,1.62230000,736.20000000,1.6341
1749263254,1.62220000,79.60000000,1.6341
1749263254,1.62180000,714.40000000,1.6341
1749263561,1.62950000,48.00000000,1.6296
1749263561,1.62930000,195.40000000,1.6296
1749263561,1.62920000,4.70000000,1.6296
1749263561,1.62910000,144.00000000,1.6296
1749263561,1.62900000,12.70000000,1.6296
1749263561,1.62890000,166.40000000,1.6296
1749263561,1.62880000,4.60000000,1.6296
1749263561,1.62870000,347.40000000,1.6296
1749263561,1.62860000,4.60000000,1.6296
1749263561,1.62850000,147.40000000,1.6296
1749263561,1.62840000,69.20000000,1.6296
1749263561,1.62830000,255.20000000,1.6296
1749263561,1.62820000,905.30000000,1.6296
1749263561,1.62810000,147.40000000,1.6296
1749263561,1.62800000,1093.70000000,1.6296
1749263561,1.62790000,3672.40000000,1.6296
1749263561,1.62780000,8.10000000,1.6296
1749263561,1.62770000,366.30000000,1.6296
1749263561,1.62760000,740.90000000,1.6296
1749263561,1.62750000,579.70000000,1.6296
1749263561,1.62740000,1430.60000000,1.6296
1749263561,1.62730000,662.00000000,1.6296
1749263561,1.62720000,1519.90000000,1.6296
1749263561,1.62710000,1222.10000000,1.6296
1749263561,1.62700000,3209.50000000,1.6296
1749263561,1.62690000,1167.60000000,1.6296
1749263561,1.62680000,169.00000000,1.6296
1749263561,1.62670000,553.00000000,1.6296
1749263561,1.62660000,159.70000000,1.6296
1749263561,1.62650000,364.90000000,1.6296
1749263561,1.62640000,3302.20000000,1.6296
1749263561,1.62630000,6882.70000000,1.6296
1749263561,1.62620000,689.60000000,1.6296
1749263561,1.62610000,144.00000000,1.6296
1749263561,1.62600000,386.90000000,1.6296
1749263561,1.62590000,739.90000000,1.6296
1749263561,1.62580000,740.90000000,1.6296
1749263561,1.62570000,162.40000000,1.6296
1749263561,1.62560000,286.50000000,1.6296
1749263561,1.62550000,219.80000000,1.6296
1749263561,1.62540000,6.50000000,1.6296
1749263561,1.62530000,565.00000000,1.6296
1749263561,1.62520000,2191.70000000,1.6296
1749263561,1.62510000,1237.50000000,1.6296
1749263561,1.62500000,1522.40000000,1.6296
1749263561,1.62490000,219.80000000,1.6296
1749263561,1.62480000,3.40000000,1.6296
1749263561,1.62470000,267.50000000,1.6296
1749263561,1.62460000,1117.00000000,1.6296
1749263561,1.62450000,144.00000000,1.6296
1749263561,1.62440000,1652.30000000,1.6296
1749263561,1.62430000,144.00000000,1.6296
1749263561,1.62420000,621.60000000,1.6296
1749263561,1.62410000,253.40000000,1.6296
1749263561,1.62400000,3138.40000000,1.6296
1749263561,1.62390000,239.70000000,1.6296
1749263561,1.62380000,8358.00000000,1.6296
1749263561,1.62370000,144.00000000,1.6296
1749263561,1.62360000,3.40000000,1.6296
1749263561,1.62350000,195.00000000,1.6296
1749263561,1.62340000,676.50000000,1.6296
1749263561,1.62330000,144.00000000,1.6296
1749263561,1.62320000,4307.10000000,1.6296
1749263561,1.62310000,144.00000000,1.6296
1749263561,1.62290000,880.20000000,1.6296
1749263561,1.62270000,219.90000000,1.6296
1749263561,1.62260000,618.10000000,1.6296
1749263561,1.62250000,199.20000000,1.6296
1749263561,1.62240000,2162.40000000,1.6296
1749263561,1.62230000,736.20000000,1.6296
1749263561,1.62220000,3.70000000,1.6296
1749263561,1.62210000,152.80000000,1.6296
1749263561,1.62200000,1683.70000000,1.6296
1749263561,1.62190000,144.00000000,1.6296
1749263561,1.62180000,949.30000000,1.6296
1749263561,1.62160000,736.20000000,1.6296
1749263561,1.62150000,3665.20000000,1.6296
1749263561,1.62140000,671.90000000,1.6296
1749263561,1.62120000,3.10000000,1.6296
1749263561,1.62110000,2411.80000000,1.6296
1749263561,1.62100000,4.60000000,1.6296
1749263561,1.62090000,754.90000000,1.6296
1749263561,1.62080000,367.50000000,1.6296
1749263561,1.62070000,85.70000000,1.6296
1749263561,1.62040000,595.90000000,1.6296
1749263561,1.62030000,736.20000000,1.6296
1749263561,1.62020000,4.60000000,1.6296
1749263561,1.62000000,1038.10000000,1.6296
1749263561,1.61980000,3344.70000000,1.6296
1749263561,1.61970000,7866.10000000,1.6296
1749263561,1.61960000,4145.60000000,1.6296
1749263561,1.61940000,600.50000000,1.6296
1749263561,1.61920000,367.50000000,1.6296
1749263561,1.61910000,613.50000000,1.6296
1749263561,1.61900000,740.10000000,1.6296
1749263561,1.61860000,4.60000000,1.6296
1749263561,1.61850000,16.80000000,1.6296
1749263561,1.61840000,599.00000000,1.6296
1749263561,1.61820000,3.40000000,1.6296
1749263561,1.61800000,19.70000000,1.6296
1749263863,1.63390000,63.40000000,1.635
1749263863,1.63380000,191.70000000,1.635
1749263863,1.63360000,114.80000000,1.635
1749263863,1.63350000,357.20000000,1.635
1749263863,1.63340000,710.80000000,1.635
1749263863,1.63330000,144.00000000,1.635
1749263863,1.63320000,8.00000000,1.635
1749263863,1.63310000,147.10000000,1.635
1749263863,1.63300000,387.10000000,1.635
1749263863,1.63290000,853.60000000,1.635
1749263863,1.63280000,8.00000000,1.635
1749263863,1.63270000,235.30000000,1.635
1749263863,1.63260000,437.60000000,1.635
1749263863,1.63250000,1455.40000000,1.635
1749263863,1.63240000,1027.60000000,1.635
1749263863,1.63230000,1329.00000000,1.635
1749263863,1.63220000,1953.70000000,1.635
1749263863,1.63210000,1889.60000000,1.635
1749263863,1.63200000,3079.20000000,1.635
1749263863,1.63190000,7630.40000000,1.635
1749263863,1.63180000,5224.60000000,1.635
1749263863,1.63170000,1712.40000000,1.635
1749263863,1.63160000,627.20000000,1.635
1749263863,1.63150000,1759.10000000,1.635
1749263863,1.63140000,2845.40000000,1.635
1749263863,1.63130000,2052.80000000,1.635
1749263863,1.63120000,948.00000000,1.635
1749263863,1.63110000,1809.60000000,1.635
1749263863,1.63100000,3634.50000000,1.635
1749263863,1.63090000,1514.80000000,1.635
1749263863,1.63080000,644.40000000,1.635
1749263863,1.63070000,2581.80000000,1.635
1749263863,1.63060000,2636.20000000,1.635
1749263863,1.63050000,1413.10000000,1.635
1749263863,1.63040000,1306.00000000,1.635
1749263863,1.63030000,329.40000000,1.635
1749263863,1.63020000,458.50000000,1.635
1749263863,1.63000000,880.20000000,1.635
1749263863,1.62990000,76.00000000,1.635
1749263863,1.62980000,148.60000000,1.635
1749263863,1.62970000,422.70000000,1.635
1749263863,1.62960000,1180.30000000,1.635
1749263863,1.62950000,595.90000000,1.635
1749263863,1.62940000,1493.70000000,1.635
1749263863,1.62930000,290.00000000,1.635
1749263863,1.62920000,1667.40000000,1.635
1749263863,1.62910000,76.00000000,1.635
1749263863,1.62900000,152.10000000,1.635
1749263863,1.62880000,1156.80000000,1.635
1749263863,1.62870000,279.30000000,1.635
1749263863,1.62860000,127.20000000,1.635
1749263863,1.62850000,144.00000000,1.635
1749263863,1.62840000,98.70000000,1.635
1749263863,1.62830000,144.00000000,1.635
1749263863,1.62820000,2320.90000000,1.635
1749263863,1.62810000,177.70000000,1.635
1749263863,1.62800000,1842.00000000,1.635
1749263863,1.62790000,153.70000000,1.635
1749263863,1.62780000,3.40000000,1.635
1749263863,1.62770000,144.00000000,1.635
1749263863,1.62760000,7785.90000000,1.635
1749263863,1.62750000,1240.60000000,1.635
1749263863,1.62740000,4.70000000,1.635
1749263863,1.62730000,220.10000000,1.635
1749263863,1.62720000,740.20000000,1.635
1749263863,1.62710000,739.90000000,1.635
1749263863,1.62700000,736.20000000,1.635
1749263863,1.62690000,163.50000000,1.635
1749263863,1.62680000,3.10000000,1.635
1749263863,1.62670000,220.10000000,1.635
1749263863,1.62660000,875.40000000,1.635
1749263863,1.62650000,144.00000000,1.635
1749263863,1.62640000,736.20000000,1.635
1749263863,1.62630000,463.30000000,1.635
1749263863,1.62620000,689.60000000,1.635
1749263863,1.62610000,144.00000000,1.635
1749263863,1.62600000,3145.20000000,1.635
1749263863,1.62590000,739.90000000,1.635
1749263863,1.62580000,4417.90000000,1.635
1749263863,1.62570000,1837.70000000,1.635
1749263863,1.62560000,19.60000000,1.635
1749263863,1.62550000,219.80000000,1.635
1749263863,1.62540000,3.40000000,1.635
1749263863,1.62520000,613.50000000,1.635
1749263863,1.62510000,1237.50000000,1.635
1749263863,1.62500000,908.70000000,1.635
1749263863,1.62490000,75.80000000,1.635
1749263863,1.62480000,8.20000000,1.635
1749263863,1.62450000,18.90000000,1.635
1749263863,1.62440000,1566.60000000,1.635
1749263863,1.62420000,618.20000000,1.635
1749263863,1.62410000,75.80000000,1.635
1749263863,1.62400000,3.10000000,1.635
1749263863,1.62390000,2080.90000000,1.635
1749263863,1.62380000,736.20000000,1.635
1749263863,1.62370000,5353.50000000,1.635
1749263863,1.62360000,3.40000000,1.635
1749263863,1.62340000,676.50000000,1.635
1749263863,1.62300000,19.70000000,1.635
1749263863,1.62290000,736.20000000,1.635
1749264164,1.63530000,3.40000000,1.6354
1749264164,1.63520000,3.10000000,1.6354
1749264164,1.63500000,8.00000000,1.6354
1749264164,1.63480000,152.00000000,1.6354
1749264164,1.63470000,3.40000000,1.6354
1749264164,1.63460000,300.80000000,1.6354
1749264164,1.63450000,1237.60000000,1.6354
1749264164,1.63440000,1788.20000000,1.6354
1749264164,1.63420000,148.60000000,1.6354
1749264164,1.63410000,393.00000000,1.6354
1749264164,1.63400000,875.10000000,1.6354
1749264164,1.63390000,2533.50000000,1.6354
1749264164,1.63380000,7822.40000000,1.6354
1749264164,1.63370000,918.80000000,1.6354
1749264164,1.63360000,3105.50000000,1.6354
1749264164,1.63350000,1646.50000000,1.6354
1749264164,1.63340000,3421.00000000,1.6354
1749264164,1.63330000,2349.00000000,1.6354
1749264164,1.63320000,2619.20000000,1.6354
1749264164,1.63310000,3482.10000000,1.6354
1749264164,1.63300000,4700.90000000,1.6354
1749264164,1.63290000,1786.10000000,1.6354
1749264164,1.63280000,1670.30000000,1.6354
1749264164,1.63270000,1042.50000000,1.6354
1749264164,1.63260000,304.50000000,1.6354
1749264164,1.63250000,2146.20000000,1.6354
1749264164,1.63240000,739.30000000,1.6354
1749264164,1.63230000,75.90000000,1.6354
1749264164,1.63220000,486.30000000,1.6354
1749264164,1.63200000,198.40000000,1.6354
1749264164,1.63180000,755.80000000,1.6354
1749264164,1.63160000,639.20000000,1.6354
1749264164,1.63150000,595.90000000,1.6354
1749264164,1.63140000,1308.90000000,1.6354
1749264164,1.63130000,144.00000000,1.6354
1749264164,1.63120000,736.20000000,1.6354
1749264164,1.63110000,1672.00000000,1.6354
1749264164,1.63100000,3.10000000,1.6354
1749264164,1.63090000,144.00000000,1.6354
1749264164,1.63080000,3.40000000,1.6354
1749264164,1.63070000,220.00000000,1.6354
1749264164,1.63060000,1448.40000000,1.6354
1749264164,1.63050000,739.90000000,1.6354
1749264164,1.63040000,689.50000000,1.6354
1749264164,1.63030000,349.90000000,1.6354
1749264164,1.63020000,3.40000000,1.6354
1749264164,1.63000000,1235.30000000,1.6354
1749264164,1.62990000,220.00000000,1.6354
1749264164,1.62980000,4.60000000,1.6354
1749264164,1.62970000,7185.50000000,1.6354
1749264164,1.62960000,1520.10000000,1.6354
1749264164,1.62950000,739.90000000,1.6354
1749264164,1.62940000,4404.70000000,1.6354
1749264164,1.62930000,144.00000000,1.6354
1749264164,1.62920000,290.10000000,1.6354
1749264164,1.62910000,538.90000000,1.6354
1749264164,1.62900000,8.10000000,1.6354
1749264164,1.62890000,3796.80000000,1.6354
1749264164,1.62870000,1661.10000000,1.6354
1749264164,1.62860000,127.00000000,1.6354
1749264164,1.62850000,144.00000000,1.6354
1749264164,1.62840000,95.30000000,1.6354
1749264164,1.62830000,144.00000000,1.6354
1749264164,1.62820000,2317.80000000,1.6354
1749264164,1.62810000,4790.70000000,1.6354
1749264164,1.62800000,76.10000000,1.6354
1749264164,1.62790000,153.70000000,1.6354
1749264164,1.62770000,144.00000000,1.6354
1749264164,1.62760000,736.20000000,1.6354
1749264164,1.62750000,1799.40000000,1.6354
1749264164,1.62740000,4.70000000,1.6354
1749264164,1.62730000,220.10000000,1.6354
1749264164,1.62720000,624.60000000,1.6354
1749264164,1.62710000,739.90000000,1.6354
1749264164,1.62700000,993.10000000,1.6354
1749264164,1.62690000,397.80000000,1.6354
1749264164,1.62680000,1615.10000000,1.6354
1749264164,1.62670000,220.10000000,1.6354
1749264164,1.62660000,4.70000000,1.6354
1749264164,1.62640000,736.20000000,1.6354
1749264164,1.62630000,144.00000000,1.6354
1749264164,1.62620000,689.60000000,1.6354
1749264164,1.62610000,144.00000000,1.6354
1749264164,1.62600000,75.80000000,1.6354
1749264164,1.62590000,595.90000000,1.6354
1749264164,1.62580000,740.90000000,1.6354
1749264164,1.62570000,3332.50000000,1.6354
1749264164,1.62560000,19.60000000,1.6354
1749264164,1.62540000,3.40000000,1.6354
1749264164,1.62520000,613.50000000,1.6354
1749264164,1.62510000,1103.70000000,1.6354
1749264164,1.62500000,773.20000000,1.6354
1749264164,1.62490000,75.80000000,1.6354
1749264164,1.62480000,6810.00000000,1.6354
1749264164,1.62450000,18.90000000,1.6354
1749264164,1.62440000,1407.90000000,1.6354
1749264164,1.62420000,618.20000000,1.6354
1749264164,1.62400000,3.10000000,1.6354
1749264164,1.62380000,736.20000000,1.6354
1749264164,1.62370000,75.80000000,1.6354
1749264466,1.63140000,144.00000000,1.6308
1749264466,1.63130000,192.00000000,1.6308
1749264466,1.63120000,4.60000000,1.6308
1749264466,1.63110000,144.00000000,1.6308
1749264466,1.63100000,7.70000000,1.6308
1749264466,1.63090000,192.00000000,1.6308
1749264466,1.63080000,275.40000000,1.6308
1749264466,1.63060000,153.20000000,1.6308
1749264466,1.63050000,3.40000000,1.6308
1749264466,1.63040000,80.60000000,1.6308
1749264466,1.63030000,167.00000000,1.6308
1749264466,1.63020000,84.50000000,1.6308
1749264466,1.63010000,601.70000000,1.6308
1749264466,1.63000000,1897.80000000,1.6308
1749264466,1.62990000,595.30000000,1.6308
1749264466,1.62980000,1618.30000000,1.6308
1749264466,1.62970000,1142.10000000,1.6308
1749264466,1.62960000,1036.20000000,1.6308
1749264466,1.62950000,1849.00000000,1.6308
1749264466,1.62940000,4435.70000000,1.6308
1749264466,1.62930000,902.70000000,1.6308
1749264466,1.62920000,616.80000000,1.6308
1749264466,1.62910000,1947.40000000,1.6308
1749264466,1.62900000,571.50000000,1.6308
1749264466,1.62890000,1758.10000000,1.6308
1749264466,1.62880000,2770.40000000,1.6308
1749264466,1.62870000,7187.60000000,1.6308
1749264466,1.62860000,2690.90000000,1.6308
1749264466,1.62850000,3320.70000000,1.6308
1749264466,1.62840000,397.50000000,1.6308
1749264466,1.62830000,452.90000000,1.6308
1749264466,1.62820000,2336.90000000,1.6308
1749264466,1.62810000,280.80000000,1.6308
1749264466,1.62800000,444.80000000,1.6308
1749264466,1.62790000,153.70000000,1.6308
1749264466,1.62780000,6.50000000,1.6308
1749264466,1.62770000,144.00000000,1.6308
1749264466,1.62760000,736.20000000,1.6308
1749264466,1.62750000,144.00000000,1.6308
1749264466,1.62740000,4.70000000,1.6308
1749264466,1.62730000,833.00000000,1.6308
1749264466,1.62720000,903.90000000,1.6308
1749264466,1.62710000,1030.30000000,1.6308
1749264466,1.62700000,736.20000000,1.6308
1749264466,1.62690000,631.70000000,1.6308
1749264466,1.62680000,1615.10000000,1.6308
1749264466,1.62670000,527.20000000,1.6308
1749264466,1.62660000,1541.80000000,1.6308
1749264466,1.62650000,279.50000000,1.6308
1749264466,1.62640000,3806.20000000,1.6308
1749264466,1.62630000,144.00000000,1.6308
1749264466,1.62620000,825.00000000,1.6308
1749264466,1.62610000,144.00000000,1.6308
1749264466,1.62600000,79.20000000,1.6308
1749264466,1.62590000,773.60000000,1.6308
1749264466,1.62580000,1060.80000000,1.6308
1749264466,1.62570000,144.00000000,1.6308
1749264466,1.62560000,19.60000000,1.6308
1749264466,1.62550000,219.80000000,1.6308
1749264466,1.62540000,6.50000000,1.6308
1749264466,1.62530000,9400.50000000,1.6308
1749264466,1.62520000,1220.10000000,1.6308
1749264466,1.62510000,1103.70000000,1.6308
1749264466,1.62500000,773.20000000,1.6308
1749264466,1.62490000,219.80000000,1.6308
1749264466,1.62480000,3.40000000,1.6308
1749264466,1.62470000,144.00000000,1.6308
1749264466,1.62450000,1266.50000000,1.6308
1749264466,1.62440000,1407.90000000,1.6308
1749264466,1.62430000,267.50000000,1.6308
1749264466,1.62420000,618.20000000,1.6308
1749264466,1.62410000,3671.80000000,1.6308
1749264466,1.62400000,3.10000000,1.6308
1749264466,1.62390000,1158.50000000,1.6308
1749264466,1.62380000,736.20000000,1.6308
1749264466,1.62370000,75.80000000,1.6308
1749264466,1.62360000,4030.40000000,1.6308
1749264466,1.62350000,2114.00000000,1.6308
1749264466,1.62340000,600.60000000,1.6308
1749264466,1.62320000,76.00000000,1.6308
1749264466,1.62300000,19.70000000,1.6308
1749264466,1.62290000,2638.20000000,1.6308
1749264466,1.62280000,1843.50000000,1.6308
1749264466,1.62270000,75.90000000,1.6308
1749264466,1.62260000,618.10000000,1.6308
1749264466,1.62250000,131.10000000,1.6308
1749264466,1.62240000,963.40000000,1.6308
1749264466,1.62230000,736.20000000,1.6308
1749264466,1.62220000,12.70000000,1.6308
1749264466,1.62180000,83.90000000,1.6308
1749264466,1.62160000,736.20000000,1.6308
1749264466,1.62140000,595.90000000,1.6308
1749264466,1.62130000,18.90000000,1.6308
1749264466,1.62120000,3.10000000,1.6308
1749264466,1.62110000,689.50000000,1.6308
1749264466,1.62100000,3346.80000000,1.6308
1749264466,1.62090000,736.20000000,1.6308
1749264466,1.62080000,367.50000000,1.6308
1749264466,1.62070000,9.70000000,1.6308
1749264466,1.62030000,736.20000000,1.6308
1749264767,1.63670000,76.20000000,1.6368
1749264767,1.63660000,3.10000000,1.6368
1749264767,1.63650000,144.00000000,1.6368
1749264767,1.63640000,4.60000000,1.6368
1749264767,1.63620000,4.60000000,1.6368
1749264767,1.63610000,144.00000000,1.6368
1749264767,1.63600000,269.60000000,1.6368
1749264767,1.63590000,1324.10000000,1.6368
1749264767,1.63580000,791.40000000,1.6368
1749264767,1.63570000,678.50000000,1.6368
1749264767,1.63560000,1581.60000000,1.6368
1749264767,1.63550000,75.70000000,1.6368
1749264767,1.63540000,689.10000000,1.6368
1749264767,1.63530000,2256.20000000,1.6368
1749264767,1.63520000,1474.80000000,1.6368
1749264767,1.63510000,3384.90000000,1.6368
1749264767,1.63500000,2358.00000000,1.6368
1749264767,1.63490000,1954.80000000,1.6368
1749264767,1.63480000,309.70000000,1.6368
1749264767,1.63470000,965.00000000,1.6368
1749264767,1.63460000,1220.10000000,1.6368
1749264767,1.63450000,883.30000000,1.6368
1749264767,1.63440000,2576.10000000,1.6368
1749264767,1.63430000,7734.00000000,1.6368
1749264767,1.63420000,3781.90000000,1.6368
1749264767,1.63410000,1100.90000000,1.6368
1749264767,1.63400000,1125.00000000,1.6368
1749264767,1.63390000,1106.80000000,1.6368
1749264767,1.63380000,1436.90000000,1.6368
1749264767,1.63370000,5660.00000000,1.6368
1749264767,1.63360000,760.50000000,1.6368
1749264767,1.63350000,1276.30000000,1.6368
1749264767,1.63340000,2870.00000000,1.6368
1749264767,1.63330000,4807.20000000,1.6368
1749264767,1.63320000,8.00000000,1.6368
1749264767,1.63310000,219.80000000,1.6368
1749264767,1.63300000,9.20000000,1.6368
1749264767,1.63290000,75.80000000,1.6368
1749264767,1.63280000,508.20000000,1.6368
1749264767,1.63270000,613.50000000,1.6368
1749264767,1.63260000,1951.20000000,1.6368
1749264767,1.63250000,144.00000000,1.6368
1749264767,1.63240000,3.10000000,1.6368
1749264767,1.63220000,224.50000000,1.6368
1749264767,1.63200000,293.60000000,1.6368
1749264767,1.63190000,736.20000000,1.6368
1749264767,1.63180000,824.70000000,1.6368
1749264767,1.63170000,1031.90000000,1.6368
1749264767,1.63160000,739.90000000,1.6368
1749264767,1.63150000,1525.00000000,1.6368
1749264767,1.63140000,152.00000000,1.6368
1749264767,1.63130000,736.20000000,1.6368
1749264767,1.63120000,144.00000000,1.6368
1749264767,1.63110000,75.90000000,1.6368
1749264767,1.63100000,2292.70000000,1.6368
1749264767,1.63090000,365.70000000,1.6368
1749264767,1.63080000,214.80000000,1.6368
1749264767,1.63070000,8422.80000000,1.6368
1749264767,1.63060000,744.50000000,1.6368
1749264767,1.63040000,75.90000000,1.6368
1749264767,1.63030000,214.90000000,1.6368
1749264767,1.63020000,3.40000000,1.6368
1749264767,1.63010000,147.10000000,1.6368
1749264767,1.63000000,1103.70000000,1.6368
1749264767,1.62990000,220.00000000,1.6368
1749264767,1.62980000,4.60000000,1.6368
1749264767,1.62970000,283.00000000,1.6368
1749264767,1.62960000,4214.20000000,1.6368
1749264767,1.62950000,2041.70000000,1.6368
1749264767,1.62940000,3908.40000000,1.6368
1749264767,1.62910000,76.00000000,1.6368
1749264767,1.62900000,8.10000000,1.6368
1749264767,1.62890000,3671.80000000,1.6368
1749264767,1.62880000,154.20000000,1.6368
1749264767,1.62870000,1146.00000000,1.6368
1749264767,1.62860000,76.10000000,1.6368
1749264767,1.62840000,76.10000000,1.6368
1749264767,1.62830000,234.30000000,1.6368
1749264767,1.62820000,3972.90000000,1.6368
1749264767,1.62800000,3724.70000000,1.6368
1749264767,1.62790000,9.70000000,1.6368
1749264767,1.62770000,2017.40000000,1.6368
1749264767,1.62760000,2846.10000000,1.6368
1749264767,1.62750000,319.10000000,1.6368
1749264767,1.62740000,12.80000000,1.6368
1749264767,1.62730000,76.10000000,1.6368
1749264767,1.62720000,616.90000000,1.6368
1749264767,1.62710000,595.90000000,1.6368
1749264767,1.62700000,869.80000000,1.6368
1749264767,1.62690000,19.50000000,1.6368
1749264767,1.62680000,1615.10000000,1.6368
1749264767,1.62670000,76.10000000,1.6368
1749264767,1.62660000,4.70000000,1.6368
1749264767,1.62640000,736.20000000,1.6368
1749264767,1.62620000,689.60000000,1.6368
1749264767,1.62600000,75.80000000,1.6368
1749264767,1.62590000,614.90000000,1.6368
1749264767,1.62580000,740.90000000,1.6368
1749264767,1.62550000,75.80000000,1.6368
1749264767,1.62540000,3336.60000000,1.6368
1749265069,1.63650000,71.40000000,1.6377
1749265069,1.63620000,12.60000000,1.6377
1749265069,1.63610000,144.00000000,1.6377
1749265069,1.63600000,4.60000000,1.6377
1749265069,1.63590000,445.50000000,1.6377
1749265069,1.63580000,968.10000000,1.6377
1749265069,1.63570000,1139.70000000,1.6377
1749265069,1.63560000,607.30000000,1.6377
1749265069,1.63550000,1403.30000000,1.6377
1749265069,1.63540000,7465.40000000,1.6377
1749265069,1.63530000,1851.00000000,1.6377
1749265069,1.63520000,2388.80000000,1.6377
1749265069,1.63510000,1083.20000000,1.6377
1749265069,1.63500000,4390.00000000,1.6377
1749265069,1.63490000,2318.00000000,1.6377
1749265069,1.63480000,3070.80000000,1.6377
1749265069,1.63470000,4055.20000000,1.6377
1749265069,1.63460000,4943.30000000,1.6377
1749265069,1.63450000,5102.20000000,1.6377
1749265069,1.63440000,83.80000000,1.6377
1749265069,1.63430000,4177.30000000,1.6377
1749265069,1.63420000,855.90000000,1.6377
1749265069,1.63410000,1727.60000000,1.6377
1749265069,1.63400000,386.50000000,1.6377
1749265069,1.63390000,2002.60000000,1.6377
1749265069,1.63380000,460.90000000,1.6377
1749265069,1.63370000,664.00000000,1.6377
1749265069,1.63360000,739.90000000,1.6377
1749265069,1.63350000,788.80000000,1.6377
1749265069,1.63340000,144.00000000,1.6377
1749265069,1.63330000,736.20000000,1.6377
1749265069,1.63320000,758.20000000,1.6377
1749265069,1.63310000,96.30000000,1.6377
1749265069,1.63300000,148.60000000,1.6377
1749265069,1.63290000,365.20000000,1.6377
1749265069,1.63280000,144.00000000,1.6377
1749265069,1.63270000,613.50000000,1.6377
1749265069,1.63260000,4396.50000000,1.6377
1749265069,1.63250000,263.50000000,1.6377
1749265069,1.63240000,147.10000000,1.6377
1749265069,1.63230000,698.50000000,1.6377
1749265069,1.63220000,224.50000000,1.6377
1749265069,1.63210000,1519.40000000,1.6377
1749265069,1.63200000,549.50000000,1.6377
1749265069,1.63190000,736.20000000,1.6377
1749265069,1.63180000,511.50000000,1.6377
1749265069,1.63170000,748.60000000,1.6377
1749265069,1.63160000,595.90000000,1.6377
1749265069,1.63140000,504.50000000,1.6377
1749265069,1.63130000,7905.90000000,1.6377
1749265069,1.63120000,144.00000000,1.6377
1749265069,1.63110000,75.90000000,1.6377
1749265069,1.63100000,1842.40000000,1.6377
1749265069,1.63090000,75.90000000,1.6377
1749265069,1.63080000,214.80000000,1.6377
1749265069,1.63070000,1349.70000000,1.6377
1749265069,1.63060000,600.50000000,1.6377
1749265069,1.63040000,219.90000000,1.6377
1749265069,1.63030000,50.80000000,1.6377
1749265069,1.63020000,162.70000000,1.6377
1749265069,1.63000000,1204.70000000,1.6377
1749265069,1.62990000,76.00000000,1.6377
1749265069,1.62980000,3328.80000000,1.6377
1749265069,1.62970000,3.70000000,1.6377
1749265069,1.62960000,1485.80000000,1.6377
1749265069,1.62950000,595.90000000,1.6377
1749265069,1.62940000,1349.70000000,1.6377
1749265069,1.62920000,3655.00000000,1.6377
1749265069,1.62910000,76.00000000,1.6377
1749265069,1.62900000,8.10000000,1.6377
1749265069,1.62880000,19.00000000,1.6377
1749265069,1.62870000,1598.60000000,1.6377
1749265069,1.62860000,76.10000000,1.6377
1749265069,1.62850000,8.40000000,1.6377
1749265069,1.62840000,76.10000000,1.6377
1749265069,1.62820000,4208.10000000,1.6377
1749265069,1.62800000,1604.00000000,1.6377
1749265069,1.62790000,1742.40000000,1.6377
1749265069,1.62780000,908.60000000,1.6377
1749265069,1.62760000,4754.40000000,1.6377
1749265069,1.62740000,4.70000000,1.6377
1749265069,1.62720000,637.20000000,1.6377
1749265069,1.62710000,2301.30000000,1.6377
1749265069,1.62700000,2846.80000000,1.6377
1749265069,1.62680000,1615.10000000,1.6377
1749265069,1.62660000,4.70000000,1.6377
1749265069,1.62640000,736.20000000,1.6377
1749265069,1.62620000,613.50000000,1.6377
1749265069,1.62590000,614.90000000,1.6377
1749265069,1.62580000,2680.90000000,1.6377
1749265069,1.62540000,3.40000000,1.6377
1749265069,1.62520000,6096.00000000,1.6377
1749265069,1.62510000,1103.70000000,1.6377
1749265069,1.62500000,873.20000000,1.6377
1749265069,1.62490000,1440.20000000,1.6377
1749265069,1.62480000,6831.00000000,1.6377
1749265069,1.62440000,1332.10000000,1.6377
1749265069,1.62420000,618.20000000,1.6377
1749265069,1.62400000,23.20000000,1.6377
1749265069,1.62390000,588.90000000,1.6377
1749265374,1.63090000,144.00000000,1.631
1749265374,1.63080000,48.00000000,1.631
1749265374,1.63060000,148.60000000,1.631
1749265374,1.63040000,196.60000000,1.631
1749265374,1.63030000,3.10000000,1.631
1749265374,1.63020000,8.00000000,1.631
1749265374,1.63010000,144.00000000,1.631
1749265374,1.63000000,4.60000000,1.631
1749265374,1.62990000,203.40000000,1.631
1749265374,1.62980000,9.30000000,1.631
1749265374,1.62970000,229.10000000,1.631
1749265374,1.62960000,155.20000000,1.631
1749265374,1.62950000,76.00000000,1.631
1749265374,1.62940000,447.90000000,1.631
1749265374,1.62930000,2430.20000000,1.631
1749265374,1.62920000,1527.80000000,1.631
1749265374,1.62910000,2097.60000000,1.631
1749265374,1.62900000,4717.70000000,1.631
1749265374,1.62890000,7617.10000000,1.631
1749265374,1.62880000,2017.90000000,1.631
1749265374,1.62870000,1609.20000000,1.631
1749265374,1.62860000,2645.50000000,1.631
1749265374,1.62850000,888.00000000,1.631
1749265374,1.62840000,1800.90000000,1.631
1749265374,1.62830000,907.30000000,1.631
1749265374,1.62820000,2245.40000000,1.631
1749265374,1.62810000,3431.70000000,1.631
1749265374,1.62800000,530.60000000,1.631
1749265374,1.62790000,4838.60000000,1.631
1749265374,1.62780000,1035.50000000,1.631
1749265374,1.62770000,886.70000000,1.631
1749265374,1.62760000,756.90000000,1.631
1749265374,1.62750000,890.10000000,1.631
1749265374,1.62740000,1375.00000000,1.631
1749265374,1.62730000,367.50000000,1.631
1749265374,1.62720000,637.20000000,1.631
1749265374,1.62710000,1012.70000000,1.631
1749265374,1.62700000,736.20000000,1.631
1749265374,1.62680000,222.90000000,1.631
1749265374,1.62660000,1363.10000000,1.631
1749265374,1.62640000,945.70000000,1.631
1749265374,1.62630000,1537.60000000,1.631
1749265374,1.62620000,613.50000000,1.631
1749265374,1.62610000,135.40000000,1.631
1749265374,1.62600000,147.40000000,1.631
1749265374,1.62590000,690.70000000,1.631
1749265374,1.62580000,1159.70000000,1.631
1749265374,1.62560000,144.00000000,1.631
1749265374,1.62540000,733.00000000,1.631
1749265374,1.62520000,613.50000000,1.631
1749265374,1.62510000,1179.50000000,1.631
1749265374,1.62500000,806.90000000,1.631
1749265374,1.62490000,10134.00000000,1.631
1749265374,1.62480000,147.40000000,1.631
1749265374,1.62470000,1471.70000000,1.631
1749265374,1.62460000,219.80000000,1.631
1749265374,1.62440000,1332.10000000,1.631
1749265374,1.62430000,75.80000000,1.631
1749265374,1.62420000,618.20000000,1.631
1749265374,1.62410000,320.00000000,1.631
1749265374,1.62400000,3699.60000000,1.631
1749265374,1.62390000,4998.70000000,1.631
1749265374,1.62380000,736.20000000,1.631
1749265374,1.62360000,79.20000000,1.631
1749265374,1.62350000,2081.40000000,1.631
1749265374,1.62340000,600.60000000,1.631
1749265374,1.62320000,1444.20000000,1.631
1749265374,1.62310000,235.30000000,1.631
1749265374,1.62290000,736.20000000,1.631
1749265374,1.62280000,18.90000000,1.631
1749265374,1.62270000,1680.90000000,1.631
1749265374,1.62260000,80.40000000,1.631
1749265374,1.62250000,55.20000000,1.631
1749265374,1.62240000,367.50000000,1.631
1749265374,1.62230000,812.00000000,1.631
1749265374,1.62220000,617.20000000,1.631
1749265374,1.62180000,8.00000000,1.631
1749265374,1.62170000,1769.20000000,1.631
1749265374,1.62160000,736.20000000,1.631
1749265374,1.62150000,2193.70000000,1.631
1749265374,1.62140000,595.90000000,1.631
1749265374,1.62130000,9.70000000,1.631
1749265374,1.62120000,3.10000000,1.631
1749265374,1.62110000,20.20000000,1.631
1749265374,1.62100000,4.60000000,1.631
1749265374,1.62090000,736.20000000,1.631
1749265374,1.62080000,367.50000000,1.631
1749265374,1.62070000,9.70000000,1.631
1749265374,1.62020000,618.10000000,1.631
1749265374,1.62010000,7450.90000000,1.631
1749265374,1.62000000,1057.40000000,1.631
1749265374,1.61940000,4.60000000,1.631
1749265374,1.61930000,76.10000000,1.631
1749265374,1.61920000,2395.50000000,1.631
1749265374,1.61910000,1948.00000000,1.631
1749265374,1.61860000,4.60000000,1.631
1749265374,1.61850000,16.80000000,1.631
1749265374,1.61840000,4649.50000000,1.631
1749265374,1.61830000,19.40000000,1.631
1749265374,1.61820000,1788.20000000,1.631
1749265675,1.63910000,144.00000000,1.6403
1749265675,1.63900000,4.60000000,1.6403
1749265675,1.63880000,196.60000000,1.6403
1749265675,1.63870000,242.10000000,1.6403
1749265675,1.63860000,796.80000000,1.6403
1749265675,1.63850000,395.00000000,1.6403
1749265675,1.63840000,686.50000000,1.6403
1749265675,1.63830000,2463.20000000,1.6403
1749265675,1.63820000,1674.20000000,1.6403
1749265675,1.63810000,289.10000000,1.6403
1749265675,1.63800000,1146.20000000,1.6403
1749265675,1.63790000,1253.00000000,1.6403
1749265675,1.63780000,2240.80000000,1.6403
1749265675,1.63770000,2560.60000000,1.6403
1749265675,1.63760000,1338.40000000,1.6403
1749265675,1.63750000,2438.40000000,1.6403
1749265675,1.63740000,1953.60000000,1.6403
1749265675,1.63730000,3.10000000,1.6403
1749265675,1.63720000,363.20000000,1.6403
1749265675,1.63710000,1848.00000000,1.6403
1749265675,1.63700000,1621.20000000,1.6403
1749265675,1.63690000,7744.70000000,1.6403
1749265675,1.63680000,3672.70000000,1.6403
1749265675,1.63670000,1794.60000000,1.6403
1749265675,1.63660000,151.70000000,1.6403
1749265675,1.63650000,465.40000000,1.6403
1749265675,1.63640000,4072.50000000,1.6403
1749265675,1.63630000,2529.90000000,1.6403
1749265675,1.63620000,656.10000000,1.6403
1749265675,1.63610000,2085.80000000,1.6403
1749265675,1.63600000,1688.00000000,1.6403
1749265675,1.63590000,456.10000000,1.6403
1749265675,1.63580000,4.60000000,1.6403
1749265675,1.63570000,144.00000000,1.6403
1749265675,1.63560000,83.70000000,1.6403
1749265675,1.63550000,880.20000000,1.6403
1749265675,1.63540000,55.30000000,1.6403
1749265675,1.63530000,147.40000000,1.6403
1749265675,1.63520000,616.60000000,1.6403
1749265675,1.63510000,671.60000000,1.6403
1749265675,1.63500000,583.90000000,1.6403
1749265675,1.63490000,364.60000000,1.6403
1749265675,1.63480000,511.50000000,1.6403
1749265675,1.63470000,736.20000000,1.6403
1749265675,1.63460000,148.60000000,1.6403
1749265675,1.63440000,1521.80000000,1.6403
1749265675,1.63430000,305.70000000,1.6403
1749265675,1.63420000,613.50000000,1.6403
1749265675,1.63410000,1408.00000000,1.6403
1749265675,1.63400000,177.70000000,1.6403
1749265675,1.63390000,75.90000000,1.6403
1749265675,1.63380000,155.10000000,1.6403
1749265675,1.63370000,50.90000000,1.6403
1749265675,1.63360000,144.00000000,1.6403
1749265675,1.63340000,1045.80000000,1.6403
1749265675,1.63320000,616.90000000,1.6403
1749265675,1.63310000,671.80000000,1.6403
1749265675,1.63300000,224.50000000,1.6403
1749265675,1.63290000,367.50000000,1.6403
1749265675,1.63280000,736.20000000,1.6403
1749265675,1.63270000,3665.60000000,1.6403
1749265675,1.63260000,7032.50000000,1.6403
1749265675,1.63250000,75.80000000,1.6403
1749265675,1.63240000,3.10000000,1.6403
1749265675,1.63220000,1354.30000000,1.6403
1749265675,1.63210000,718.80000000,1.6403
1749265675,1.63180000,210.80000000,1.6403
1749265675,1.63170000,1096.50000000,1.6403
1749265675,1.63160000,744.00000000,1.6403
1749265675,1.63140000,1671.30000000,1.6403
1749265675,1.63120000,689.40000000,1.6403
1749265675,1.63110000,595.90000000,1.6403
1749265675,1.63100000,3423.50000000,1.6403
1749265675,1.63090000,1046.50000000,1.6403
1749265675,1.63080000,1078.30000000,1.6403
1749265675,1.63060000,4.60000000,1.6403
1749265675,1.63050000,75.90000000,1.6403
1749265675,1.63040000,19.40000000,1.6403
1749265675,1.63030000,2611.50000000,1.6403
1749265675,1.63020000,613.50000000,1.6403
1749265675,1.63010000,914.30000000,1.6403
1749265675,1.63000000,1963.10000000,1.6403
1749265675,1.62980000,4.60000000,1.6403
1749265675,1.62970000,79.70000000,1.6403
1749265675,1.62960000,3.10000000,1.6403
1749265675,1.62950000,76.00000000,1.6403
1749265675,1.62940000,736.20000000,1.6403
1749265675,1.62920000,613.50000000,1.6403
1749265675,1.62910000,595.90000000,1.6403
1749265675,1.62900000,141.60000000,1.6403
1749265675,1.62880000,1123.10000000,1.6403
1749265675,1.62870000,76.00000000,1.6403
1749265675,1.62850000,76.00000000,1.6403
1749265675,1.62820000,1354.40000000,1.6403
1749265675,1.62810000,3923.50000000,1.6403
1749265675,1.62800000,76.10000000,1.6403
1749265675,1.62790000,9.70000000,1.6403
1749265675,1.62780000,4017.60000000,1.6403
1749265675,1.62760000,736.20000000,1.6403
1749265675,1.62740000,4.70000000,1.6403
1749265977,1.64980000,48.00000000,1.6495
1749265977,1.64960000,52.60000000,1.6495
1749265977,1.64950000,1.40000000,1.6495
1749265977,1.64940000,148.60000000,1.6495
1749265977,1.64920000,7.70000000,1.6495
1749265977,1.64910000,203.40000000,1.6495
1749265977,1.64900000,61.20000000,1.6495
1749265977,1.64890000,723.60000000,1.6495
1749265977,1.64880000,2113.40000000,1.6495
1749265977,1.64870000,1566.20000000,1.6495
1749265977,1.64860000,79.70000000,1.6495
1749265977,1.64850000,150.50000000,1.6495
1749265977,1.64840000,600.00000000,1.6495
1749265977,1.64830000,688.80000000,1.6495
1749265977,1.64820000,801.60000000,1.6495
1749265977,1.64810000,2091.70000000,1.6495
1749265977,1.64800000,832.60000000,1.6495
1749265977,1.64790000,1089.20000000,1.6495
1749265977,1.64780000,1645.90000000,1.6495
1749265977,1.64770000,2791.30000000,1.6495
1749265977,1.64760000,6806.10000000,1.6495
1749265977,1.64750000,1139.20000000,1.6495
1749265977,1.64740000,1375.20000000,1.6495
1749265977,1.64730000,2559.40000000,1.6495
1749265977,1.64720000,2749.90000000,1.6495
1749265977,1.64710000,1887.20000000,1.6495
1749265977,1.64700000,3727.80000000,1.6495
1749265977,1.64690000,2577.10000000,1.6495
1749265977,1.64680000,4.60000000,1.6495
1749265977,1.64670000,2573.90000000,1.6495
1749265977,1.64660000,4126.50000000,1.6495
1749265977,1.64640000,1671.90000000,1.6495
1749265977,1.64630000,1566.60000000,1.6495
1749265977,1.64620000,219.20000000,1.6495
1749265977,1.64610000,1679.60000000,1.6495
1749265977,1.64600000,219.20000000,1.6495
1749265977,1.64590000,367.50000000,1.6495
1749265977,1.64580000,375.20000000,1.6495
1749265977,1.64570000,736.20000000,1.6495
1749265977,1.64560000,144.00000000,1.6495
1749265977,1.64550000,19.90000000,1.6495
1749265977,1.64540000,163.30000000,1.6495
1749265977,1.64530000,75.20000000,1.6495
1749265977,1.64520000,3.40000000,1.6495
1749265977,1.64510000,1332.10000000,1.6495
1749265977,1.64500000,227.00000000,1.6495
1749265977,1.64480000,613.50000000,1.6495
1749265977,1.64470000,144.00000000,1.6495
1749265977,1.64460000,1021.30000000,1.6495
1749265977,1.64440000,2026.40000000,1.6495
1749265977,1.64430000,7715.50000000,1.6495
1749265977,1.64420000,148.60000000,1.6495
1749265977,1.64410000,671.20000000,1.6495
1749265977,1.64400000,200.50000000,1.6495
1749265977,1.64390000,75.30000000,1.6495
1749265977,1.64380000,1319.80000000,1.6495
1749265977,1.64370000,736.20000000,1.6495
1749265977,1.64360000,147.10000000,1.6495
1749265977,1.64350000,75.30000000,1.6495
1749265977,1.64340000,8.00000000,1.6495
1749265977,1.64330000,3182.00000000,1.6495
1749265977,1.64310000,595.90000000,1.6495
1749265977,1.64290000,880.20000000,1.6495
1749265977,1.64280000,613.50000000,1.6495
1749265977,1.64270000,3671.90000000,1.6495
1749265977,1.64260000,591.50000000,1.6495
1749265977,1.64230000,745.90000000,1.6495
1749265977,1.64220000,219.40000000,1.6495
1749265977,1.64210000,595.90000000,1.6495
1749265977,1.64200000,144.00000000,1.6495
1749265977,1.64190000,94.40000000,1.6495
1749265977,1.64180000,762.10000000,1.6495
1749265977,1.64170000,736.20000000,1.6495
1749265977,1.64160000,147.40000000,1.6495
1749265977,1.64150000,75.40000000,1.6495
1749265977,1.64140000,233.20000000,1.6495
1749265977,1.64130000,144.00000000,1.6495
1749265977,1.64110000,739.90000000,1.6495
1749265977,1.64100000,2064.30000000,1.6495
1749265977,1.64090000,511.50000000,1.6495
1749265977,1.64080000,1352.80000000,1.6495
1749265977,1.64070000,1829.30000000,1.6495
1749265977,1.64060000,2021.00000000,1.6495
1749265977,1.64050000,144.00000000,1.6495
1749265977,1.64040000,75.50000000,1.6495
1749265977,1.64030000,144.00000000,1.6495
1749265977,1.64020000,740.80000000,1.6495
1749265977,1.64010000,739.90000000,1.6495
1749265977,1.64000000,209.80000000,1.6495
1749265977,1.63990000,144.00000000,1.6495
1749265977,1.63980000,3.40000000,1.6495
1749265977,1.63960000,144.00000000,1.6495
1749265977,1.63950000,1369.90000000,1.6495
1749265977,1.63940000,1412.30000000,1.6495
1749265977,1.63920000,144.00000000,1.6495
1749265977,1.63910000,595.90000000,1.6495
1749265977,1.63900000,144.00000000,1.6495
1749265977,1.63890000,2009.20000000,1.6495
1749265977,1.63880000,219.60000000,1.6495
1749265977,1.63870000,1240.20000000,1.6495
1749266283,1.64860000,579.70000000,1.6485
1749266283,1.64850000,3.10000000,1.6485
1749266283,1.64840000,130.40000000,1.6485
1749266283,1.64830000,1162.00000000,1.6485
1749266283,1.64820000,1828.40000000,1.6485
1749266283,1.64810000,324.20000000,1.6485
1749266283,1.64800000,800.50000000,1.6485
1749266283,1.64790000,144.00000000,1.6485
1749266283,1.64780000,331.80000000,1.6485
1749266283,1.64770000,880.20000000,1.6485
1749266283,1.64760000,80.00000000,1.6485
1749266283,1.64750000,147.40000000,1.6485
1749266283,1.64740000,114.90000000,1.6485
1749266283,1.64730000,217.00000000,1.6485
1749266283,1.64720000,566.20000000,1.6485
1749266283,1.64710000,1143.80000000,1.6485
1749266283,1.64700000,1877.10000000,1.6485
1749266283,1.64690000,766.50000000,1.6485
1749266283,1.64680000,310.50000000,1.6485
1749266283,1.64670000,977.70000000,1.6485
1749266283,1.64660000,9.20000000,1.6485
1749266283,1.64640000,151.70000000,1.6485
1749266283,1.64620000,80.00000000,1.6485
1749266283,1.64610000,16.00000000,1.6485
1749266283,1.64600000,391.70000000,1.6485
1749266283,1.64590000,2464.00000000,1.6485
1749266283,1.64580000,7134.00000000,1.6485
1749266283,1.64570000,1992.00000000,1.6485
1749266283,1.64560000,50.70000000,1.6485
1749266283,1.64550000,324.60000000,1.6485
1749266283,1.64540000,367.50000000,1.6485
1749266283,1.64520000,609.80000000,1.6485
1749266283,1.64500000,7.70000000,1.6485
1749266283,1.64490000,613.50000000,1.6485
1749266283,1.64480000,75.40000000,1.6485
1749266283,1.64470000,736.20000000,1.6485
1749266283,1.64460000,3150.80000000,1.6485
1749266283,1.64450000,595.90000000,1.6485
1749266283,1.64440000,496.40000000,1.6485
1749266283,1.64430000,3.10000000,1.6485
1749266283,1.64420000,4.60000000,1.6485
1749266283,1.64390000,194.70000000,1.6485
1749266283,1.64380000,613.50000000,1.6485
1749266283,1.64370000,75.40000000,1.6485
1749266283,1.64360000,739.30000000,1.6485
1749266283,1.64350000,739.90000000,1.6485
1749266283,1.64340000,8.00000000,1.6485
1749266283,1.64330000,381.90000000,1.6485
1749266283,1.64320000,7001.90000000,1.6485
1749266283,1.64310000,736.60000000,1.6485
1749266283,1.64300000,75.40000000,1.6485
1749266283,1.64290000,916.70000000,1.6485
1749266283,1.64280000,616.90000000,1.6485
1749266283,1.64270000,1515.00000000,1.6485
1749266283,1.64260000,516.10000000,1.6485
1749266283,1.64250000,3669.90000000,1.6485
1749266283,1.64240000,144.00000000,1.6485
1749266283,1.64230000,745.90000000,1.6485
1749266283,1.64220000,225.90000000,1.6485
1749266283,1.64210000,3635.90000000,1.6485
1749266283,1.64200000,876.90000000,1.6485
1749266283,1.64190000,78.80000000,1.6485
1749266283,1.64180000,762.10000000,1.6485
1749266283,1.64170000,736.20000000,1.6485
1749266283,1.64160000,147.40000000,1.6485
1749266283,1.64150000,75.40000000,1.6485
1749266283,1.64130000,380.70000000,1.6485
1749266283,1.64110000,739.90000000,1.6485
1749266283,1.64100000,83.50000000,1.6485
1749266283,1.64090000,511.50000000,1.6485
1749266283,1.64080000,1352.80000000,1.6485
1749266283,1.64070000,144.00000000,1.6485
1749266283,1.64060000,19.40000000,1.6485
1749266283,1.64050000,144.00000000,1.6485
1749266283,1.64040000,1766.60000000,1.6485
1749266283,1.64030000,144.00000000,1.6485
1749266283,1.64020000,740.80000000,1.6485
1749266283,1.64010000,746.20000000,1.6485
1749266283,1.64000000,75.50000000,1.6485
1749266283,1.63990000,144.00000000,1.6485
1749266283,1.63980000,308.10000000,1.6485
1749266283,1.63970000,144.00000000,1.6485
1749266283,1.63950000,1369.90000000,1.6485
1749266283,1.63940000,80.10000000,1.6485
1749266283,1.63930000,144.00000000,1.6485
1749266283,1.63920000,3.40000000,1.6485
1749266283,1.63910000,739.90000000,1.6485
1749266283,1.63890000,736.20000000,1.6485
1749266283,1.63880000,392.90000000,1.6485
1749266283,1.63870000,144.00000000,1.6485
1749266283,1.63860000,8.00000000,1.6485
1749266283,1.63850000,1879.40000000,1.6485
1749266283,1.63830000,880.20000000,1.6485
1749266283,1.63820000,75.60000000,1.6485
1749266283,1.63810000,739.90000000,1.6485
1749266283,1.63800000,236.10000000,1.6485
1749266283,1.63790000,432.50000000,1.6485
1749266283,1.63780000,4.60000000,1.6485
1749266283,1.63770000,4044.30000000,1.6485
1749266283,1.63750000,266.60000000,1.6485
1749266585,1.64430000,257.90000000,1.6443
1749266585,1.64420000,64.00000000,1.6443
1749266585,1.64410000,78.40000000,1.6443
1749266585,1.64400000,716.40000000,1.6443
1749266585,1.64390000,771.60000000,1.6443
1749266585,1.64380000,716.40000000,1.6443
1749266585,1.64370000,1065.00000000,1.6443
1749266585,1.64360000,67.10000000,1.6443
1749266585,1.64350000,721.00000000,1.6443
1749266585,1.64340000,929.00000000,1.6443
1749266585,1.64330000,721.00000000,1.6443
1749266585,1.64320000,791.80000000,1.6443
1749266585,1.64310000,148.60000000,1.6443
1749266585,1.64300000,232.20000000,1.6443
1749266585,1.64290000,743.60000000,1.6443
1749266585,1.64280000,1124.30000000,1.6443
1749266585,1.64270000,179.00000000,1.6443
1749266585,1.64260000,35.00000000,1.6443
1749266585,1.64250000,152.00000000,1.6443
1749266585,1.64240000,181.20000000,1.6443
1749266585,1.64230000,634.30000000,1.6443
1749266585,1.64220000,201.20000000,1.6443
1749266585,1.64210000,1158.40000000,1.6443
1749266585,1.64200000,3123.50000000,1.6443
1749266585,1.64190000,579.40000000,1.6443
1749266585,1.64180000,977.50000000,1.6443
1749266585,1.64170000,1209.40000000,1.6443
1749266585,1.64160000,723.40000000,1.6443
1749266585,1.64150000,316.70000000,1.6443
1749266585,1.64140000,9338.90000000,1.6443
1749266585,1.64130000,848.00000000,1.6443
1749266585,1.64120000,1439.70000000,1.6443
1749266585,1.64110000,848.90000000,1.6443
1749266585,1.64100000,895.60000000,1.6443
1749266585,1.64090000,415.90000000,1.6443
1749266585,1.64080000,1331.00000000,1.6443
1749266585,1.64070000,667.80000000,1.6443
1749266585,1.64060000,174.40000000,1.6443
1749266585,1.64050000,85.60000000,1.6443
1749266585,1.64040000,222.90000000,1.6443
1749266585,1.64030000,322.80000000,1.6443
1749266585,1.64020000,1480.70000000,1.6443
1749266585,1.64010000,3160.60000000,1.6443
1749266585,1.64000000,2906.50000000,1.6443
1749266585,1.63980000,78.90000000,1.6443
1749266585,1.63970000,144.00000000,1.6443
1749266585,1.63960000,613.50000000,1.6443
1749266585,1.63950000,880.20000000,1.6443
1749266585,1.63940000,89.30000000,1.6443
1749266585,1.63930000,527.30000000,1.6443
1749266585,1.63920000,3.40000000,1.6443
1749266585,1.63910000,61.70000000,1.6443
1749266585,1.63900000,2198.90000000,1.6443
1749266585,1.63890000,736.20000000,1.6443
1749266585,1.63870000,144.00000000,1.6443
1749266585,1.63860000,8.00000000,1.6443
1749266585,1.63850000,613.50000000,1.6443
1749266585,1.63840000,75.60000000,1.6443
1749266585,1.63830000,880.20000000,1.6443
1749266585,1.63820000,400.90000000,1.6443
1749266585,1.63810000,144.00000000,1.6443
1749266585,1.63800000,979.00000000,1.6443
1749266585,1.63790000,144.00000000,1.6443
1749266585,1.63780000,4.60000000,1.6443
1749266585,1.63770000,6529.20000000,1.6443
1749266585,1.63750000,144.00000000,1.6443
1749266585,1.63740000,30.40000000,1.6443
1749266585,1.63730000,836.80000000,1.6443
1749266585,1.63710000,144.00000000,1.6443
1749266585,1.63700000,1336.70000000,1.6443
1749266585,1.63690000,7228.50000000,1.6443
1749266585,1.63670000,3790.80000000,1.6443
1749266585,1.63660000,391.60000000,1.6443
1749266585,1.63650000,511.50000000,1.6443
1749266585,1.63640000,736.20000000,1.6443
1749266585,1.63630000,757.50000000,1.6443
1749266585,1.63620000,8.00000000,1.6443
1749266585,1.63610000,2213.50000000,1.6443
1749266585,1.63600000,4318.00000000,1.6443
1749266585,1.63590000,403.70000000,1.6443
1749266585,1.63580000,1578.90000000,1.6443
1749266585,1.63560000,234.10000000,1.6443
1749266585,1.63550000,1169.10000000,1.6443
1749266585,1.63540000,322.10000000,1.6443
1749266585,1.63530000,151.00000000,1.6443
1749266585,1.63520000,259.20000000,1.6443
1749266585,1.63510000,229.00000000,1.6443
1749266585,1.63490000,219.30000000,1.6443
1749266585,1.63480000,395.20000000,1.6443
1749266585,1.63470000,880.20000000,1.6443
1749266585,1.63460000,4.60000000,1.6443
1749266585,1.63450000,423.50000000,1.6443
1749266585,1.63440000,201.50000000,1.6443
1749266585,1.63430000,757.50000000,1.6443
1749266585,1.63420000,2832.70000000,1.6443
1749266585,1.63410000,767.80000000,1.6443
1749266585,1.63400000,75.40000000,1.6443
1749266585,1.63380000,4.60000000,1.6443
1749266585,1.63350000,27.50000000,1.6443
1749266585,1.63340000,811.60000000,1.6443
1749266887,1.64160000,3.40000000,1.6412
1749266887,1.64150000,3.10000000,1.6412
1749266887,1.64130000,8.00000000,1.6412
1749266887,1.64120000,144.00000000,1.6412
1749266887,1.64110000,4.60000000,1.6412
1749266887,1.64100000,147.70000000,1.6412
1749266887,1.64090000,4.60000000,1.6412
1749266887,1.64080000,409.20000000,1.6412
1749266887,1.64070000,1246.20000000,1.6412
1749266887,1.64060000,1242.00000000,1.6412
1749266887,1.64050000,630.80000000,1.6412
1749266887,1.64040000,2277.00000000,1.6412
1749266887,1.64030000,2261.20000000,1.6412
1749266887,1.64020000,2283.40000000,1.6412
1749266887,1.64010000,1150.30000000,1.6412
1749266887,1.64000000,1777.70000000,1.6412
1749266887,1.63990000,1232.90000000,1.6412
1749266887,1.63980000,2364.00000000,1.6412
1749266887,1.63970000,6680.40000000,1.6412
1749266887,1.63960000,3112.50000000,1.6412
1749266887,1.63950000,5306.00000000,1.6412
1749266887,1.63940000,1716.90000000,1.6412
1749266887,1.63930000,1944.70000000,1.6412
1749266887,1.63920000,2405.20000000,1.6412
1749266887,1.63910000,768.50000000,1.6412
1749266887,1.63900000,2305.10000000,1.6412
1749266887,1.63890000,1378.90000000,1.6412
1749266887,1.63880000,50.60000000,1.6412
1749266887,1.63870000,144.00000000,1.6412
1749266887,1.63860000,312.90000000,1.6412
1749266887,1.63850000,892.10000000,1.6412
1749266887,1.63840000,75.60000000,1.6412
1749266887,1.63830000,880.20000000,1.6412
1749266887,1.63820000,367.50000000,1.6412
1749266887,1.63810000,3298.20000000,1.6412
1749266887,1.63800000,1006.20000000,1.6412
1749266887,1.63790000,144.00000000,1.6412
1749266887,1.63780000,4.60000000,1.6412
1749266887,1.63770000,880.20000000,1.6412
1749266887,1.63760000,1362.20000000,1.6412
1749266887,1.63750000,5653.00000000,1.6412
1749266887,1.63740000,1528.00000000,1.6412
1749266887,1.63730000,836.80000000,1.6412
1749266887,1.63720000,288.60000000,1.6412
1749266887,1.63710000,317.30000000,1.6412
1749266887,1.63700000,1336.70000000,1.6412
1749266887,1.63690000,219.70000000,1.6412
1749266887,1.63680000,3.40000000,1.6412
1749266887,1.63670000,7150.70000000,1.6412
1749266887,1.63660000,3.10000000,1.6412
1749266887,1.63650000,511.50000000,1.6412
1749266887,1.63640000,1286.90000000,1.6412
1749266887,1.63630000,1075.30000000,1.6412
1749266887,1.63620000,8.00000000,1.6412
1749266887,1.63610000,281.40000000,1.6412
1749266887,1.63600000,595.90000000,1.6412
1749266887,1.63590000,3387.10000000,1.6412
1749266887,1.63570000,144.00000000,1.6412
1749266887,1.63550000,880.20000000,1.6412
1749266887,1.63540000,4.60000000,1.6412
1749266887,1.63530000,1998.50000000,1.6412
1749266887,1.63520000,78.40000000,1.6412
1749266887,1.63510000,434.10000000,1.6412
1749266887,1.63500000,134.70000000,1.6412
1749266887,1.63490000,246.40000000,1.6412
1749266887,1.63480000,500.50000000,1.6412
1749266887,1.63470000,880.20000000,1.6412
1749266887,1.63460000,2013.70000000,1.6412
1749266887,1.63450000,397.60000000,1.6412
1749266887,1.63440000,3.40000000,1.6412
1749266887,1.63430000,757.50000000,1.6412
1749266887,1.63420000,2280.40000000,1.6412
1749266887,1.63410000,843.20000000,1.6412
1749266887,1.63400000,2102.30000000,1.6412
1749266887,1.63390000,144.00000000,1.6412
1749266887,1.63380000,4.60000000,1.6412
1749266887,1.63370000,219.40000000,1.6412
1749266887,1.63360000,271.60000000,1.6412
1749266887,1.63350000,144.00000000,1.6412
1749266887,1.63340000,4372.40000000,1.6412
1749266887,1.63330000,219.40000000,1.6412
1749266887,1.63320000,905.60000000,1.6412
1749266887,1.63310000,276.50000000,1.6412
1749266887,1.63300000,80.10000000,1.6412
1749266887,1.63290000,1697.40000000,1.6412
1749266887,1.63280000,970.90000000,1.6412
1749266887,1.63260000,3.40000000,1.6412
1749266887,1.63240000,616.60000000,1.6412
1749266887,1.63220000,1336.70000000,1.6412
1749266887,1.63170000,6.70000000,1.6412
1749266887,1.63160000,811.70000000,1.6412
1749266887,1.63150000,1652.30000000,1.6412
1749266887,1.63140000,4.60000000,1.6412
1749266887,1.63100000,1007.10000000,1.6412
1749266887,1.63080000,3.40000000,1.6412
1749266887,1.63060000,4.60000000,1.6412
1749266887,1.63040000,613.50000000,1.6412
1749266887,1.63030000,764.50000000,1.6412
1749266887,1.63020000,595.90000000,1.6412
1749266887,1.63000000,1226.90000000,1.6412
1749267188,1.63220000,42.00000000,1.6322
1749267188,1.63210000,4.60000000,1.6322
1749267188,1.63200000,64.00000000,1.6322
1749267188,1.63190000,323.70000000,1.6322
1749267188,1.63180000,954.00000000,1.6322
1749267188,1.63170000,343.10000000,1.6322
1749267188,1.63160000,1888.70000000,1.6322
1749267188,1.63150000,2735.60000000,1.6322
1749267188,1.63140000,1451.40000000,1.6322
1749267188,1.63130000,2062.30000000,1.6322
1749267188,1.63120000,144.00000000,1.6322
1749267188,1.63110000,373.60000000,1.6322
1749267188,1.63100000,1242.20000000,1.6322
1749267188,1.63090000,1748.80000000,1.6322
1749267188,1.63080000,1910.60000000,1.6322
1749267188,1.63070000,348.60000000,1.6322
1749267188,1.63060000,4.60000000,1.6322
1749267188,1.63050000,412.00000000,1.6322
1749267188,1.63040000,8031.80000000,1.6322
1749267188,1.63030000,2579.20000000,1.6322
1749267188,1.63020000,2666.20000000,1.6322
1749267188,1.63010000,1112.00000000,1.6322
1749267188,1.63000000,3948.60000000,1.6322
1749267188,1.62990000,1030.00000000,1.6322
1749267188,1.62980000,2437.90000000,1.6322
1749267188,1.62970000,904.40000000,1.6322
1749267188,1.62960000,3132.50000000,1.6322
1749267188,1.62950000,148.60000000,1.6322
1749267188,1.62940000,1027.10000000,1.6322
1749267188,1.62930000,8.00000000,1.6322
1749267188,1.62910000,3995.10000000,1.6322
1749267188,1.62900000,771.10000000,1.6322
1749267188,1.62890000,148.60000000,1.6322
1749267188,1.62880000,443.20000000,1.6322
1749267188,1.62870000,434.10000000,1.6322
1749267188,1.62860000,81.50000000,1.6322
1749267188,1.62850000,219.70000000,1.6322
1749267188,1.62840000,2148.30000000,1.6322
1749267188,1.62830000,756.60000000,1.6322
1749267188,1.62820000,7.80000000,1.6322
1749267188,1.62810000,144.00000000,1.6322
1749267188,1.62790000,418.00000000,1.6322
1749267188,1.62780000,2643.00000000,1.6322
1749267188,1.62770000,1332.10000000,1.6322
1749267188,1.62750000,219.70000000,1.6322
1749267188,1.62740000,33.70000000,1.6322
1749267188,1.62730000,511.50000000,1.6322
1749267188,1.62720000,3.40000000,1.6322
1749267188,1.62710000,177.60000000,1.6322
1749267188,1.62700000,869.80000000,1.6322
1749267188,1.62690000,195.00000000,1.6322
1749267188,1.62680000,3829.50000000,1.6322
1749267188,1.62670000,144.00000000,1.6322
1749267188,1.62660000,793.40000000,1.6322
1749267188,1.62650000,267.40000000,1.6322
1749267188,1.62640000,1425.40000000,1.6322
1749267188,1.62630000,144.00000000,1.6322
1749267188,1.62600000,278.00000000,1.6322
1749267188,1.62590000,144.00000000,1.6322
1749267188,1.62580000,80.50000000,1.6322
1749267188,1.62570000,739.90000000,1.6322
1749267188,1.62560000,7056.10000000,1.6322
1749267188,1.62550000,2003.10000000,1.6322
1749267188,1.62540000,112.10000000,1.6322
1749267188,1.62530000,880.20000000,1.6322
1749267188,1.62520000,289.70000000,1.6322
1749267188,1.62510000,511.50000000,1.6322
1749267188,1.62500000,4388.60000000,1.6322
1749267188,1.62490000,144.00000000,1.6322
1749267188,1.62480000,7371.10000000,1.6322
1749267188,1.62470000,1348.60000000,1.6322
1749267188,1.62450000,144.00000000,1.6322
1749267188,1.62440000,613.50000000,1.6322
1749267188,1.62430000,144.00000000,1.6322
1749267188,1.62420000,108.70000000,1.6322
1749267188,1.62410000,880.20000000,1.6322
1749267188,1.62400000,78.90000000,1.6322
1749267188,1.62390000,1355.70000000,1.6322
1749267188,1.62360000,3.40000000,1.6322
1749267188,1.62340000,4.70000000,1.6322
1749267188,1.62320000,311.80000000,1.6322
1749267188,1.62310000,757.50000000,1.6322
1749267188,1.62280000,1723.50000000,1.6322
1749267188,1.62270000,153.90000000,1.6322
1749267188,1.62260000,34.50000000,1.6322
1749267188,1.62250000,275.10000000,1.6322
1749267188,1.62240000,367.50000000,1.6322
1749267188,1.62230000,144.00000000,1.6322
1749267188,1.62220000,2028.30000000,1.6322
1749267188,1.62210000,757.50000000,1.6322
1749267188,1.62190000,2038.80000000,1.6322
1749267188,1.62180000,8.00000000,1.6322
1749267188,1.62170000,144.00000000,1.6322
1749267188,1.62160000,75.90000000,1.6322
1749267188,1.62150000,763.70000000,1.6322
1749267188,1.62120000,2198.00000000,1.6322
1749267188,1.62110000,2249.30000000,1.6322
1749267188,1.62100000,4.60000000,1.6322
1749267188,1.62080000,367.50000000,1.6322
1749267188,1.62070000,9.70000000,1.6322
1749267495,1.63800000,32.30000000,1.6383
1749267495,1.63790000,3.40000000,1.6383
1749267495,1.63770000,152.00000000,1.6383
1749267495,1.63750000,148.60000000,1.6383
1749267495,1.63740000,3.40000000,1.6383
1749267495,1.63730000,7.70000000,1.6383
1749267495,1.63710000,281.00000000,1.6383
1749267495,1.63700000,740.80000000,1.6383
1749267495,1.63690000,148.60000000,1.6383
1749267495,1.63680000,667.80000000,1.6383
1749267495,1.63670000,618.10000000,1.6383
1749267495,1.63660000,147.10000000,1.6383
1749267495,1.63650000,1294.80000000,1.6383
1749267495,1.63640000,1726.70000000,1.6383
1749267495,1.63630000,2182.20000000,1.6383
1749267495,1.63620000,869.20000000,1.6383
1749267495,1.63610000,7171.70000000,1.6383
1749267495,1.63600000,4020.70000000,1.6383
1749267495,1.63590000,656.70000000,1.6383
1749267495,1.63580000,1722.40000000,1.6383
1749267495,1.63570000,1953.80000000,1.6383
1749267495,1.63560000,1608.80000000,1.6383
1749267495,1.63550000,5275.60000000,1.6383
1749267495,1.63540000,435.20000000,1.6383
1749267495,1.63530000,422.00000000,1.6383
1749267495,1.63520000,1429.20000000,1.6383
1749267495,1.63500000,864.70000000,1.6383
1749267495,1.63490000,880.20000000,1.6383
1749267495,1.63480000,937.00000000,1.6383
1749267495,1.63470000,337.60000000,1.6383
1749267495,1.63460000,645.40000000,1.6383
1749267495,1.63450000,613.50000000,1.6383
1749267495,1.63440000,718.70000000,1.6383
1749267495,1.63430000,2255.90000000,1.6383
1749267495,1.63420000,279.00000000,1.6383
1749267495,1.63410000,367.50000000,1.6383
1749267495,1.63400000,75.80000000,1.6383
1749267495,1.63390000,739.90000000,1.6383
1749267495,1.63380000,7039.20000000,1.6383
1749267495,1.63370000,848.60000000,1.6383
1749267495,1.63360000,433.30000000,1.6383
1749267495,1.63350000,643.50000000,1.6383
1749267495,1.63340000,75.80000000,1.6383
1749267495,1.63330000,144.00000000,1.6383
1749267495,1.63320000,3.40000000,1.6383
1749267495,1.63310000,736.20000000,1.6383
1749267495,1.63300000,372.10000000,1.6383
1749267495,1.63290000,739.90000000,1.6383
1749267495,1.63280000,824.00000000,1.6383
1749267495,1.63270000,144.00000000,1.6383
1749267495,1.63260000,138.30000000,1.6383
1749267495,1.63250000,1349.70000000,1.6383
1749267495,1.63240000,147.10000000,1.6383
1749267495,1.63230000,568.30000000,1.6383
1749267495,1.63220000,224.50000000,1.6383
1749267495,1.63210000,133.20000000,1.6383
1749267495,1.63200000,219.90000000,1.6383
1749267495,1.63190000,1115.90000000,1.6383
1749267495,1.63180000,171.90000000,1.6383
1749267495,1.63160000,144.00000000,1.6383
1749267495,1.63150000,1378.20000000,1.6383
1749267495,1.63140000,148.60000000,1.6383
1749267495,1.63130000,736.20000000,1.6383
1749267495,1.63120000,144.00000000,1.6383
1749267495,1.63110000,680.00000000,1.6383
1749267495,1.63100000,1955.80000000,1.6383
1749267495,1.63090000,2101.70000000,1.6383
1749267495,1.63080000,3747.10000000,1.6383
1749267495,1.63070000,144.00000000,1.6383
1749267495,1.63060000,4.60000000,1.6383
1749267495,1.63050000,219.90000000,1.6383
1749267495,1.63040000,4735.00000000,1.6383
1749267495,1.63030000,736.20000000,1.6383
1749267495,1.63020000,28.30000000,1.6383
1749267495,1.63010000,1107.40000000,1.6383
1749267495,1.63000000,1226.90000000,1.6383
1749267495,1.62990000,144.00000000,1.6383
1749267495,1.62980000,80.60000000,1.6383
1749267495,1.62970000,883.90000000,1.6383
1749267495,1.62960000,1402.20000000,1.6383
1749267495,1.62950000,144.00000000,1.6383
1749267495,1.62940000,613.50000000,1.6383
1749267495,1.62930000,144.00000000,1.6383
1749267495,1.62920000,5699.00000000,1.6383
1749267495,1.62910000,815.50000000,1.6383
1749267495,1.62900000,771.10000000,1.6383
1749267495,1.62890000,144.00000000,1.6383
1749267495,1.62880000,443.20000000,1.6383
1749267495,1.62870000,144.00000000,1.6383
1749267495,1.62850000,219.70000000,1.6383
1749267495,1.62840000,613.50000000,1.6383
1749267495,1.62820000,4.70000000,1.6383
1749267495,1.62790000,9.70000000,1.6383
1749267495,1.62780000,75.60000000,1.6383
1749267495,1.62770000,1332.10000000,1.6383
1749267495,1.62750000,75.70000000,1.6383
1749267495,1.62740000,647.20000000,1.6383
1749267495,1.62730000,367.50000000,1.6383
1749267495,1.62720000,3.40000000,1.6383
1749267495,1.62700000,736.20000000,1.6383
1749267797,1.64780000,122.30000000,1.6478
1749267797,1.64730000,148.60000000,1.6478
1749267797,1.64710000,7.70000000,1.6478
1749267797,1.64700000,147.40000000,1.6478
1749267797,1.64690000,299.40000000,1.6478
1749267797,1.64680000,1403.00000000,1.6478
1749267797,1.64670000,1607.40000000,1.6478
1749267797,1.64660000,1038.90000000,1.6478
1749267797,1.64650000,227.70000000,1.6478
1749267797,1.64640000,996.10000000,1.6478
1749267797,1.64630000,1558.10000000,1.6478
1749267797,1.64620000,1880.30000000,1.6478
1749267797,1.64610000,1130.10000000,1.6478
1749267797,1.64600000,1312.70000000,1.6478
1749267797,1.64590000,1736.70000000,1.6478
1749267797,1.64580000,1568.10000000,1.6478
1749267797,1.64570000,2095.10000000,1.6478
1749267797,1.64560000,7029.20000000,1.6478
1749267797,1.64550000,1700.30000000,1.6478
1749267797,1.64540000,2953.60000000,1.6478
1749267797,1.64530000,2874.50000000,1.6478
1749267797,1.64520000,2810.30000000,1.6478
1749267797,1.64510000,4050.30000000,1.6478
1749267797,1.64500000,1191.20000000,1.6478
1749267797,1.64490000,1736.60000000,1.6478
1749267797,1.64480000,1929.90000000,1.6478
1749267797,1.64470000,884.80000000,1.6478
1749267797,1.64460000,446.20000000,1.6478
1749267797,1.64450000,144.00000000,1.6478
1749267797,1.64440000,613.50000000,1.6478
