timestamp,price,volume,current_price
1749258385,0.43390000,655.70000000,0.4339
1749258385,0.43380000,23.10000000,0.4339
1749258385,0.43370000,2709.80000000,0.4339
1749258385,0.43360000,9414.50000000,0.4339
1749258385,0.43350000,6878.50000000,0.4339
1749258385,0.43340000,4309.40000000,0.4339
1749258385,0.43330000,10110.20000000,0.4339
1749258385,0.43320000,3121.50000000,0.4339
1749258385,0.43310000,6710.90000000,0.4339
1749258385,0.43300000,4764.40000000,0.4339
1749258385,0.43290000,3615.10000000,0.4339
1749258385,0.43280000,3550.60000000,0.4339
1749258385,0.43270000,4657.90000000,0.4339
1749258385,0.43260000,4942.90000000,0.4339
1749258385,0.43250000,490.10000000,0.4339
1749258385,0.43240000,1873.30000000,0.4339
1749258385,0.43230000,6887.40000000,0.4339
1749258385,0.43220000,1276.70000000,0.4339
1749258385,0.43210000,2742.70000000,0.4339
1749258385,0.43200000,3312.00000000,0.4339
1749258385,0.43190000,5774.10000000,0.4339
1749258385,0.43180000,1925.70000000,0.4339
1749258385,0.43170000,710.80000000,0.4339
1749258385,0.43160000,1412.60000000,0.4339
1749258385,0.43150000,1118.00000000,0.4339
1749258385,0.43140000,710.80000000,0.4339
1749258385,0.43130000,2866.30000000,0.4339
1749258385,0.43120000,1118.00000000,0.4339
1749258385,0.43110000,1470.10000000,0.4339
1749258385,0.43100000,1412.60000000,0.4339
1749258385,0.43090000,6371.10000000,0.4339
1749258385,0.43080000,1470.20000000,0.4339
1749258385,0.43070000,1720.00000000,0.4339
1749258385,0.43060000,1877.30000000,0.4339
1749258385,0.43050000,4582.40000000,0.4339
1749258385,0.43040000,1432.40000000,0.4339
1749258385,0.43030000,23.30000000,0.4339
1749258385,0.43020000,479.40000000,0.4339
1749258385,0.43010000,177978.90000000,0.4339
1749258385,0.43000000,1504.00000000,0.4339
1749258385,0.42990000,23.30000000,0.4339
1749258385,0.42980000,23.30000000,0.4339
1749258385,0.42970000,2569.50000000,0.4339
1749258385,0.42960000,23.30000000,0.4339
1749258385,0.42950000,840.30000000,0.4339
1749258385,0.42940000,104.50000000,0.4339
1749258385,0.42930000,783.60000000,0.4339
1749258385,0.42920000,1084.30000000,0.4339
1749258385,0.42910000,112.40000000,0.4339
1749258385,0.42900000,103.40000000,0.4339
1749258385,0.42890000,785.30000000,0.4339
1749258385,0.42880000,1627.00000000,0.4339
1749258385,0.42870000,2399.60000000,0.4339
1749258385,0.42860000,23.40000000,0.4339
1749258385,0.42850000,23.40000000,0.4339
1749258385,0.42840000,23.40000000,0.4339
1749258385,0.42830000,23.40000000,0.4339
1749258385,0.42820000,23.40000000,0.4339
1749258385,0.42810000,1201.00000000,0.4339
1749258385,0.42800000,1710.00000000,0.4339
1749258385,0.42790000,23.40000000,0.4339
1749258385,0.42780000,23.40000000,0.4339
1749258385,0.42770000,327.80000000,0.4339
1749258385,0.42760000,9739.50000000,0.4339
1749258385,0.42750000,23.40000000,0.4339
1749258385,0.42740000,23.10000000,0.4339
1749258385,0.42730000,23.10000000,0.4339
1749258385,0.42720000,23.10000000,0.4339
1749258385,0.42710000,23.10000000,0.4339
1749258385,0.42700000,24013.10000000,0.4339
1749258385,0.42690000,178028.20000000,0.4339
1749258385,0.42680000,23.10000000,0.4339
1749258385,0.42670000,42.90000000,0.4339
1749258385,0.42660000,23.10000000,0.4339
1749258385,0.42650000,23.10000000,0.4339
1749258385,0.42640000,23.10000000,0.4339
1749258385,0.42620000,178181.90000000,0.4339
1749258385,0.42610000,178223.80000000,0.4339
1749258385,0.42600000,80.00000000,0.4339
1749258385,0.42590000,22.40000000,0.4339
1749258385,0.42570000,80.40000000,0.4339
1749258385,0.42560000,13.90000000,0.4339
1749258385,0.42520000,6673.60000000,0.4339
1749258385,0.42500000,327.80000000,0.4339
1749258385,0.42450000,1206.70000000,0.4339
1749258385,0.42440000,20.90000000,0.4339
1749258385,0.42430000,14.20000000,0.4339
1749258385,0.42420000,79.70000000,0.4339
1749258385,0.42400000,90.00000000,0.4339
1749258385,0.42390000,2277.50000000,0.4339
1749258385,0.42360000,1024.00000000,0.4339
1749258385,0.42350000,128.00000000,0.4339
1749258385,0.42320000,47.50000000,0.4339
1749258385,0.42300000,109.80000000,0.4339
1749258385,0.42260000,60.50000000,0.4339
1749258385,0.42200000,90.00000000,0.4339
1749258385,0.42100000,99.00000000,0.4339
1749258385,0.42090000,352.60000000,0.4339
1749258385,0.42080000,25.30000000,0.4339
1749258385,0.42050000,515.60000000,0.4339
1749258701,0.43350000,746.60000000,0.4335
1749258701,0.43340000,1143.90000000,0.4335
1749258701,0.43330000,2380.50000000,0.4335
1749258701,0.43320000,6661.20000000,0.4335
1749258701,0.43310000,5951.70000000,0.4335
1749258701,0.43300000,4623.90000000,0.4335
1749258701,0.43290000,11328.00000000,0.4335
1749258701,0.43280000,7029.40000000,0.4335
1749258701,0.43270000,3965.10000000,0.4335
1749258701,0.43260000,2773.40000000,0.4335
1749258701,0.43250000,7984.50000000,0.4335
1749258701,0.43240000,1873.30000000,0.4335
1749258701,0.43230000,4683.90000000,0.4335
1749258701,0.43220000,1226.10000000,0.4335
1749258701,0.43210000,1589.40000000,0.4335
1749258701,0.43200000,3254.50000000,0.4335
1749258701,0.43190000,5831.70000000,0.4335
1749258701,0.43180000,8778.90000000,0.4335
1749258701,0.43170000,653.30000000,0.4335
1749258701,0.43160000,1436.40000000,0.4335
1749258701,0.43150000,1136.20000000,0.4335
1749258701,0.43140000,653.30000000,0.4335
1749258701,0.43130000,2866.30000000,0.4335
1749258701,0.43120000,1175.60000000,0.4335
1749258701,0.43110000,1412.60000000,0.4335
1749258701,0.43100000,1412.60000000,0.4335
1749258701,0.43090000,6371.10000000,0.4335
1749258701,0.43080000,1412.60000000,0.4335
1749258701,0.43070000,653.30000000,0.4335
1749258701,0.43060000,1877.30000000,0.4335
1749258701,0.43050000,5707.20000000,0.4335
1749258701,0.43040000,1432.40000000,0.4335
1749258701,0.43030000,23.30000000,0.4335
1749258701,0.43020000,1109.40000000,0.4335
1749258701,0.43010000,177978.90000000,0.4335
1749258701,0.43000000,1504.00000000,0.4335
1749258701,0.42990000,23.30000000,0.4335
1749258701,0.42980000,80.90000000,0.4335
1749258701,0.42970000,2569.50000000,0.4335
1749258701,0.42960000,23.30000000,0.4335
1749258701,0.42950000,1470.30000000,0.4335
1749258701,0.42940000,104.50000000,0.4335
1749258701,0.42930000,1413.60000000,0.4335
1749258701,0.42920000,1084.30000000,0.4335
1749258701,0.42910000,170.00000000,0.4335
1749258701,0.42900000,103.40000000,0.4335
1749258701,0.42890000,785.30000000,0.4335
1749258701,0.42880000,23.40000000,0.4335
1749258701,0.42870000,2399.60000000,0.4335
1749258701,0.42860000,23.40000000,0.4335
1749258701,0.42850000,23.40000000,0.4335
1749258701,0.42840000,81.00000000,0.4335
1749258701,0.42830000,23.40000000,0.4335
1749258701,0.42820000,23.40000000,0.4335
1749258701,0.42810000,1201.00000000,0.4335
1749258701,0.42800000,1710.00000000,0.4335
1749258701,0.42790000,1630.40000000,0.4335
1749258701,0.42780000,23.40000000,0.4335
1749258701,0.42770000,188.10000000,0.4335
1749258701,0.42760000,9739.50000000,0.4335
1749258701,0.42750000,23.40000000,0.4335
1749258701,0.42740000,23.10000000,0.4335
1749258701,0.42730000,23.10000000,0.4335
1749258701,0.42720000,23.10000000,0.4335
1749258701,0.42710000,480.70000000,0.4335
1749258701,0.42700000,201422.50000000,0.4335
1749258701,0.42690000,138.40000000,0.4335
1749258701,0.42680000,23.10000000,0.4335
1749258701,0.42670000,42.90000000,0.4335
1749258701,0.42660000,23.10000000,0.4335
1749258701,0.42650000,23.10000000,0.4335
1749258701,0.42640000,322.80000000,0.4335
1749258701,0.42630000,80.70000000,0.4335
1749258701,0.42620000,178205.00000000,0.4335
1749258701,0.42610000,178246.90000000,0.4335
1749258701,0.42600000,103.10000000,0.4335
1749258701,0.42590000,22.40000000,0.4335
1749258701,0.42570000,80.40000000,0.4335
1749258701,0.42560000,13.90000000,0.4335
1749258701,0.42520000,6673.60000000,0.4335
1749258701,0.42500000,327.80000000,0.4335
1749258701,0.42440000,20.90000000,0.4335
1749258701,0.42430000,14.20000000,0.4335
1749258701,0.42420000,79.70000000,0.4335
1749258701,0.42400000,1285.20000000,0.4335
1749258701,0.42360000,1024.00000000,0.4335
1749258701,0.42350000,128.00000000,0.4335
1749258701,0.42320000,47.50000000,0.4335
1749258701,0.42300000,109.80000000,0.4335
1749258701,0.42260000,60.50000000,0.4335
1749258701,0.42200000,90.00000000,0.4335
1749258701,0.42100000,99.00000000,0.4335
1749258701,0.42090000,44.40000000,0.4335
1749258701,0.42080000,25.30000000,0.4335
1749258701,0.42050000,824.10000000,0.4335
1749258701,0.42010000,87.90000000,0.4335
1749258701,0.42000000,354.50000000,0.4335
1749258701,0.41990000,99.00000000,0.4335
1749258701,0.41980000,91.60000000,0.4335
1749258701,0.41920000,14.20000000,0.4335
1749259002,0.43370000,253.70000000,0.4338
1749259002,0.43360000,1253.10000000,0.4338
1749259002,0.43350000,1691.10000000,0.4338
1749259002,0.43340000,6276.00000000,0.4338
1749259002,0.43330000,7819.40000000,0.4338
1749259002,0.43320000,3707.20000000,0.4338
1749259002,0.43310000,2296.40000000,0.4338
1749259002,0.43300000,4859.00000000,0.4338
1749259002,0.43290000,4077.60000000,0.4338
1749259002,0.43280000,4580.40000000,0.4338
1749259002,0.43270000,5416.60000000,0.4338
1749259002,0.43260000,1888.60000000,0.4338
1749259002,0.43250000,5590.00000000,0.4338
1749259002,0.43240000,1873.30000000,0.4338
1749259002,0.43230000,653.30000000,0.4338
1749259002,0.43220000,2850.60000000,0.4338
1749259002,0.43210000,6809.70000000,0.4338
1749259002,0.43200000,3254.50000000,0.4338
1749259002,0.43190000,5852.30000000,0.4338
1749259002,0.43180000,1877.30000000,0.4338
1749259002,0.43170000,677.10000000,0.4338
1749259002,0.43160000,1436.40000000,0.4338
1749259002,0.43150000,1136.20000000,0.4338
1749259002,0.43140000,653.30000000,0.4338
1749259002,0.43130000,2866.30000000,0.4338
1749259002,0.43120000,1175.60000000,0.4338
1749259002,0.43110000,1412.60000000,0.4338
1749259002,0.43100000,1412.60000000,0.4338
1749259002,0.43090000,7437.40000000,0.4338
1749259002,0.43080000,3723.90000000,0.4338
1749259002,0.43070000,653.30000000,0.4338
1749259002,0.43060000,1877.30000000,0.4338
1749259002,0.43050000,2327.00000000,0.4338
1749259002,0.43040000,1432.40000000,0.4338
1749259002,0.43030000,23.30000000,0.4338
1749259002,0.43020000,1109.40000000,0.4338
1749259002,0.43010000,177978.90000000,0.4338
1749259002,0.43000000,1504.00000000,0.4338
1749259002,0.42990000,23.30000000,0.4338
1749259002,0.42980000,80.90000000,0.4338
1749259002,0.42970000,1939.50000000,0.4338
1749259002,0.42960000,23.30000000,0.4338
1749259002,0.42950000,840.30000000,0.4338
1749259002,0.42940000,104.50000000,0.4338
1749259002,0.42930000,783.60000000,0.4338
1749259002,0.42920000,784.50000000,0.4338
1749259002,0.42910000,170.00000000,0.4338
1749259002,0.42900000,103.40000000,0.4338
1749259002,0.42890000,785.30000000,0.4338
1749259002,0.42880000,23.40000000,0.4338
1749259002,0.42870000,2399.60000000,0.4338
1749259002,0.42860000,23.40000000,0.4338
1749259002,0.42850000,23.40000000,0.4338
1749259002,0.42840000,81.00000000,0.4338
1749259002,0.42830000,23.40000000,0.4338
1749259002,0.42820000,323.90000000,0.4338
1749259002,0.42810000,1201.00000000,0.4338
1749259002,0.42800000,1710.00000000,0.4338
1749259002,0.42790000,1630.40000000,0.4338
1749259002,0.42780000,23.40000000,0.4338
1749259002,0.42770000,188.10000000,0.4338
1749259002,0.42760000,9739.50000000,0.4338
1749259002,0.42750000,23.40000000,0.4338
1749259002,0.42740000,23.10000000,0.4338
1749259002,0.42730000,23.10000000,0.4338
1749259002,0.42720000,368.30000000,0.4338
1749259002,0.42710000,145.30000000,0.4338
1749259002,0.42700000,178008.80000000,0.4338
1749259002,0.42690000,138.40000000,0.4338
1749259002,0.42680000,23.10000000,0.4338
1749259002,0.42670000,42.90000000,0.4338
1749259002,0.42660000,23.10000000,0.4338
1749259002,0.42650000,23.10000000,0.4338
1749259002,0.42640000,322.80000000,0.4338
1749259002,0.42630000,23436.80000000,0.4338
1749259002,0.42620000,178205.00000000,0.4338
1749259002,0.42610000,178223.80000000,0.4338
1749259002,0.42600000,80.00000000,0.4338
1749259002,0.42590000,22.40000000,0.4338
1749259002,0.42570000,80.40000000,0.4338
1749259002,0.42560000,13.90000000,0.4338
1749259002,0.42520000,6673.60000000,0.4338
1749259002,0.42500000,327.80000000,0.4338
1749259002,0.42440000,20.90000000,0.4338
1749259002,0.42430000,14.20000000,0.4338
1749259002,0.42420000,79.70000000,0.4338
1749259002,0.42400000,1288.00000000,0.4338
1749259002,0.42360000,1024.00000000,0.4338
1749259002,0.42350000,128.00000000,0.4338
1749259002,0.42320000,47.50000000,0.4338
1749259002,0.42300000,109.80000000,0.4338
1749259002,0.42260000,60.50000000,0.4338
1749259002,0.42200000,90.00000000,0.4338
1749259002,0.42100000,99.00000000,0.4338
1749259002,0.42090000,44.40000000,0.4338
1749259002,0.42080000,333.60000000,0.4338
1749259002,0.42050000,515.60000000,0.4338
1749259002,0.42010000,87.90000000,0.4338
1749259002,0.42000000,354.50000000,0.4338
1749259002,0.41990000,99.00000000,0.4338
