timestamp,price,volume,current_price
1749260753,0.05297000,377.00000000,0.05299
1749260753,0.05296000,5433.00000000,0.05299
1749260753,0.05295000,19095.00000000,0.05299
1749260753,0.05294000,558.00000000,0.05299
1749260753,0.05293000,9161.00000000,0.05299
1749260753,0.05292000,477.00000000,0.05299
1749260753,0.05291000,4220.00000000,0.05299
1749260753,0.05290000,42125.00000000,0.05299
1749260753,0.05289000,2446.00000000,0.05299
1749260753,0.05288000,41517.00000000,0.05299
1749260753,0.05287000,11455.00000000,0.05299
1749260753,0.05286000,36553.00000000,0.05299
1749260753,0.05285000,424778.00000000,0.05299
1749260753,0.05284000,6129.00000000,0.05299
1749260753,0.05283000,3361.00000000,0.05299
1749260753,0.05282000,20997.00000000,0.05299
1749260753,0.05280000,4327.00000000,0.05299
1749260753,0.05279000,1891.00000000,0.05299
1749260753,0.05278000,257264.00000000,0.05299
1749260753,0.05277000,9335.00000000,0.05299
1749260753,0.05276000,6572.00000000,0.05299
1749260753,0.05274000,9337.00000000,0.05299
1749260753,0.05273000,23991.00000000,0.05299
1749260753,0.05271000,1881.00000000,0.05299
1749260753,0.05270000,63980.00000000,0.05299
1749260753,0.05269000,7444.00000000,0.05299
1749260753,0.05268000,5629.00000000,0.05299
1749260753,0.05266000,247437.00000000,0.05299
1749260753,0.05265000,567492.00000000,0.05299
1749260753,0.05264000,5628.00000000,0.05299
1749260753,0.05263000,254234.00000000,0.05299
1749260753,0.05262000,7444.00000000,0.05299
1749260753,0.05259000,1885.00000000,0.05299
1749260753,0.05258000,3743.00000000,0.05299
1749260753,0.05257000,1886.00000000,0.05299
1749260753,0.05256000,7444.00000000,0.05299
1749260753,0.05255000,8444.00000000,0.05299
1749260753,0.05254000,3743.00000000,0.05299
1749260753,0.05250000,11187.00000000,0.05299
1749260753,0.05248000,7444.00000000,0.05299
1749260753,0.05245000,3743.00000000,0.05299
1749260753,0.05243000,7444.00000000,0.05299
1749260753,0.05241000,11187.00000000,0.05299
1749260753,0.05240000,726.00000000,0.05299
1749260753,0.05236000,7444.00000000,0.05299
1749260753,0.05235000,2274933.00000000,0.05299
1749260753,0.05233000,44571.00000000,0.05299
1749260753,0.05232000,2459.00000000,0.05299
1749260753,0.05230000,114.00000000,0.05299
1749260753,0.05229000,14888.00000000,0.05299
1749260753,0.05228000,3743.00000000,0.05299
1749260753,0.05225000,114.00000000,0.05299
1749260753,0.05223000,14888.00000000,0.05299
1749260753,0.05221000,3743.00000000,0.05299
1749260753,0.05220000,114.00000000,0.05299
1749260753,0.05218000,42420.00000000,0.05299
1749260753,0.05214000,44805.00000000,0.05299
1749260753,0.05210000,115.00000000,0.05299
1749260753,0.05207000,4883.00000000,0.05299
1749260753,0.05206000,1535420.00000000,0.05299
1749260753,0.05200000,12922.00000000,0.05299
1749260753,0.05199000,343216.00000000,0.05299
1749260753,0.05196000,3743.00000000,0.05299
1749260753,0.05190000,115.00000000,0.05299
1749260753,0.05189000,3743.00000000,0.05299
1749260753,0.05188000,2409.00000000,0.05299
1749260753,0.05185000,3858.00000000,0.05299
1749260753,0.05180000,115.00000000,0.05299
1749260753,0.05178000,3743.00000000,0.05299
1749260753,0.05175000,115.00000000,0.05299
1749260753,0.05170000,229.00000000,0.05299
1749260753,0.05160000,116.00000000,0.05299
1749260753,0.05151000,90514.00000000,0.05299
1749260753,0.05150000,76670.00000000,0.05299
1749260753,0.05147000,117.00000000,0.05299
1749260753,0.05145000,116.00000000,0.05299
1749260753,0.05140000,116.00000000,0.05299
1749260753,0.05135000,116.00000000,0.05299
1749260753,0.05130000,214.00000000,0.05299
1749260753,0.05128000,416157.00000000,0.05299
1749260753,0.05125000,117.00000000,0.05299
1749260753,0.05120000,117.00000000,0.05299
1749260753,0.05115000,117.00000000,0.05299
1749260753,0.05111000,643.00000000,0.05299
1749260753,0.05110000,117.00000000,0.05299
1749260753,0.05108000,446.00000000,0.05299
1749260753,0.05105000,117.00000000,0.05299
1749260753,0.05100000,3377.00000000,0.05299
1749260753,0.05095000,117.00000000,0.05299
1749260753,0.05093000,115.00000000,0.05299
1749260753,0.05090000,117.00000000,0.05299
1749260753,0.05085000,117.00000000,0.05299
1749260753,0.05080000,118.00000000,0.05299
1749260753,0.05077000,117.00000000,0.05299
1749260753,0.05075000,118.00000000,0.05299
1749260753,0.05070000,176.00000000,0.05299
1749260753,0.05050000,1980.00000000,0.05299
1749260753,0.05047000,477500.00000000,0.05299
1749260753,0.05043000,991.00000000,0.05299
1749260753,0.05020000,2026.00000000,0.05299
1749261074,0.05304000,308.00000000,0.05305
1749261074,0.05303000,377.00000000,0.05305
1749261074,0.05302000,481.00000000,0.05305
1749261074,0.05301000,12535.00000000,0.05305
1749261074,0.05300000,45271.00000000,0.05305
1749261074,0.05299000,27494.00000000,0.05305
1749261074,0.05298000,540.00000000,0.05305
1749261074,0.05297000,15341.00000000,0.05305
1749261074,0.05296000,71764.00000000,0.05305
1749261074,0.05295000,57172.00000000,0.05305
1749261074,0.05294000,1886.00000000,0.05305
1749261074,0.05293000,476.00000000,0.05305
1749261074,0.05292000,9807.00000000,0.05305
1749261074,0.05291000,48020.00000000,0.05305
1749261074,0.05290000,7444.00000000,0.05305
1749261074,0.05289000,395941.00000000,0.05305
1749261074,0.05288000,3358.00000000,0.05305
1749261074,0.05287000,2361.00000000,0.05305
1749261074,0.05286000,24734.00000000,0.05305
1749261074,0.05284000,1890.00000000,0.05305
1749261074,0.05283000,245869.00000000,0.05305
1749261074,0.05282000,20521.00000000,0.05305
1749261074,0.05279000,8489.00000000,0.05305
1749261074,0.05278000,11187.00000000,0.05305
1749261074,0.05277000,9335.00000000,0.05305
1749261074,0.05276000,1892.00000000,0.05305
1749261074,0.05274000,9325.00000000,0.05305
1749261074,0.05273000,60984.00000000,0.05305
1749261074,0.05272000,1883.00000000,0.05305
1749261074,0.05270000,24337.00000000,0.05305
1749261074,0.05269000,7444.00000000,0.05305
1749261074,0.05268000,3743.00000000,0.05305
1749261074,0.05267000,1883.00000000,0.05305
1749261074,0.05266000,813067.00000000,0.05305
1749261074,0.05265000,1884.00000000,0.05305
1749261074,0.05264000,5627.00000000,0.05305
1749261074,0.05263000,7444.00000000,0.05305
1749261074,0.05262000,7444.00000000,0.05305
1749261074,0.05260000,246953.00000000,0.05305
1749261074,0.05258000,3743.00000000,0.05305
1749261074,0.05256000,7444.00000000,0.05305
1749261074,0.05255000,8444.00000000,0.05305
1749261074,0.05254000,3743.00000000,0.05305
1749261074,0.05250000,11187.00000000,0.05305
1749261074,0.05248000,7444.00000000,0.05305
1749261074,0.05245000,3743.00000000,0.05305
1749261074,0.05243000,9898.00000000,0.05305
1749261074,0.05241000,11187.00000000,0.05305
1749261074,0.05240000,726.00000000,0.05305
1749261074,0.05238000,2261300.00000000,0.05305
1749261074,0.05236000,7444.00000000,0.05305
1749261074,0.05235000,55872.00000000,0.05305
1749261074,0.05233000,41380.00000000,0.05305
1749261074,0.05230000,114.00000000,0.05305
1749261074,0.05229000,14888.00000000,0.05305
1749261074,0.05228000,3743.00000000,0.05305
1749261074,0.05225000,114.00000000,0.05305
1749261074,0.05223000,14888.00000000,0.05305
1749261074,0.05221000,345509.00000000,0.05305
1749261074,0.05220000,114.00000000,0.05305
1749261074,0.05214000,44805.00000000,0.05305
1749261074,0.05210000,115.00000000,0.05305
1749261074,0.05207000,4883.00000000,0.05305
1749261074,0.05206000,1535274.00000000,0.05305
1749261074,0.05200000,12922.00000000,0.05305
1749261074,0.05196000,3743.00000000,0.05305
1749261074,0.05190000,115.00000000,0.05305
1749261074,0.05189000,3743.00000000,0.05305
1749261074,0.05188000,2409.00000000,0.05305
1749261074,0.05185000,3858.00000000,0.05305
1749261074,0.05180000,115.00000000,0.05305
1749261074,0.05178000,7598.00000000,0.05305
1749261074,0.05175000,115.00000000,0.05305
1749261074,0.05170000,229.00000000,0.05305
1749261074,0.05160000,116.00000000,0.05305
1749261074,0.05151000,90514.00000000,0.05305
1749261074,0.05150000,76670.00000000,0.05305
1749261074,0.05147000,117.00000000,0.05305
1749261074,0.05145000,116.00000000,0.05305
1749261074,0.05140000,116.00000000,0.05305
1749261074,0.05135000,116.00000000,0.05305
1749261074,0.05130000,214.00000000,0.05305
1749261074,0.05128000,416157.00000000,0.05305
1749261074,0.05125000,117.00000000,0.05305
1749261074,0.05120000,117.00000000,0.05305
1749261074,0.05115000,117.00000000,0.05305
1749261074,0.05111000,643.00000000,0.05305
1749261074,0.05110000,117.00000000,0.05305
1749261074,0.05108000,446.00000000,0.05305
1749261074,0.05105000,117.00000000,0.05305
1749261074,0.05100000,3377.00000000,0.05305
1749261074,0.05095000,117.00000000,0.05305
1749261074,0.05093000,115.00000000,0.05305
1749261074,0.05090000,117.00000000,0.05305
1749261074,0.05085000,117.00000000,0.05305
1749261074,0.05080000,118.00000000,0.05305
1749261074,0.05077000,117.00000000,0.05305
1749261074,0.05075000,118.00000000,0.05305
1749261074,0.05070000,176.00000000,0.05305
1749261074,0.05050000,1980.00000000,0.05305
1749261388,0.05300000,9362.00000000,0.05302
1749261388,0.05299000,4240.00000000,0.05302
1749261388,0.05298000,19457.00000000,0.05302
1749261388,0.05297000,34415.00000000,0.05302
1749261388,0.05296000,39269.00000000,0.05302
1749261388,0.05295000,4242.00000000,0.05302
1749261388,0.05294000,84723.00000000,0.05302
1749261388,0.05293000,2385.00000000,0.05302
1749261388,0.05292000,20037.00000000,0.05302
1749261388,0.05291000,34573.00000000,0.05302
1749261388,0.05290000,12845.00000000,0.05302
1749261388,0.05289000,40741.00000000,0.05302
1749261388,0.05288000,2364.00000000,0.05302
1749261388,0.05287000,395890.00000000,0.05302
1749261388,0.05286000,15330.00000000,0.05302
1749261388,0.05285000,1886.00000000,0.05302
1749261388,0.05284000,9096.00000000,0.05302
1749261388,0.05283000,2386.00000000,0.05302
1749261388,0.05282000,18631.00000000,0.05302
1749261388,0.05280000,1886.00000000,0.05302
1749261388,0.05279000,246972.00000000,0.05302
1749261388,0.05278000,16851.00000000,0.05302
1749261388,0.05277000,7444.00000000,0.05302
1749261388,0.05275000,1886.00000000,0.05302
1749261388,0.05274000,21198.00000000,0.05302
1749261388,0.05273000,11187.00000000,0.05302
1749261388,0.05271000,1886.00000000,0.05302
1749261388,0.05270000,45392.00000000,0.05302
1749261388,0.05269000,24032.00000000,0.05302
1749261388,0.05268000,3743.00000000,0.05302
1749261388,0.05267000,1886.00000000,0.05302
1749261388,0.05266000,813082.00000000,0.05302
1749261388,0.05265000,1886.00000000,0.05302
1749261388,0.05264000,5629.00000000,0.05302
1749261388,0.05263000,7444.00000000,0.05302
1749261388,0.05262000,9330.00000000,0.05302
1749261388,0.05260000,246953.00000000,0.05302
1749261388,0.05258000,3743.00000000,0.05302
1749261388,0.05256000,7444.00000000,0.05302
1749261388,0.05255000,8444.00000000,0.05302
1749261388,0.05254000,3743.00000000,0.05302
1749261388,0.05250000,11187.00000000,0.05302
1749261388,0.05248000,7444.00000000,0.05302
1749261388,0.05245000,3743.00000000,0.05302
1749261388,0.05243000,9898.00000000,0.05302
1749261388,0.05241000,11187.00000000,0.05302
1749261388,0.05240000,726.00000000,0.05302
1749261388,0.05237000,2262695.00000000,0.05302
1749261388,0.05236000,7444.00000000,0.05302
1749261388,0.05235000,11301.00000000,0.05302
1749261388,0.05230000,44685.00000000,0.05302
1749261388,0.05229000,14888.00000000,0.05302
1749261388,0.05228000,3743.00000000,0.05302
1749261388,0.05225000,114.00000000,0.05302
1749261388,0.05223000,14888.00000000,0.05302
1749261388,0.05221000,3743.00000000,0.05302
1749261388,0.05220000,114.00000000,0.05302
1749261388,0.05218000,42149.00000000,0.05302
1749261388,0.05214000,44805.00000000,0.05302
1749261388,0.05210000,115.00000000,0.05302
1749261388,0.05207000,5824.00000000,0.05302
1749261388,0.05206000,1535274.00000000,0.05302
1749261388,0.05204000,342829.00000000,0.05302
1749261388,0.05200000,12922.00000000,0.05302
1749261388,0.05196000,3743.00000000,0.05302
1749261388,0.05190000,115.00000000,0.05302
1749261388,0.05189000,3743.00000000,0.05302
1749261388,0.05188000,2409.00000000,0.05302
1749261388,0.05185000,3858.00000000,0.05302
1749261388,0.05180000,115.00000000,0.05302
1749261388,0.05178000,3743.00000000,0.05302
1749261388,0.05175000,115.00000000,0.05302
1749261388,0.05170000,229.00000000,0.05302
1749261388,0.05160000,116.00000000,0.05302
1749261388,0.05151000,90514.00000000,0.05302
1749261388,0.05150000,76670.00000000,0.05302
1749261388,0.05147000,117.00000000,0.05302
1749261388,0.05145000,116.00000000,0.05302
1749261388,0.05140000,116.00000000,0.05302
1749261388,0.05135000,116.00000000,0.05302
1749261388,0.05130000,214.00000000,0.05302
1749261388,0.05128000,416157.00000000,0.05302
1749261388,0.05125000,117.00000000,0.05302
1749261388,0.05120000,117.00000000,0.05302
1749261388,0.05115000,117.00000000,0.05302
1749261388,0.05111000,643.00000000,0.05302
1749261388,0.05110000,117.00000000,0.05302
1749261388,0.05108000,446.00000000,0.05302
1749261388,0.05105000,117.00000000,0.05302
1749261388,0.05100000,3377.00000000,0.05302
1749261388,0.05095000,117.00000000,0.05302
1749261388,0.05093000,115.00000000,0.05302
1749261388,0.05090000,117.00000000,0.05302
1749261388,0.05085000,117.00000000,0.05302
1749261388,0.05080000,118.00000000,0.05302
1749261388,0.05077000,117.00000000,0.05302
1749261388,0.05075000,118.00000000,0.05302
1749261388,0.05070000,176.00000000,0.05302
1749261388,0.05050000,1980.00000000,0.05302
1749261388,0.05047000,477500.00000000,0.05302
1749261690,0.05298000,376.00000000,0.05301
1749261690,0.05295000,3699.00000000,0.05301
1749261690,0.05294000,62785.00000000,0.05301
1749261690,0.05293000,41467.00000000,0.05301
1749261690,0.05292000,2185.00000000,0.05301
1749261690,0.05291000,54894.00000000,0.05301
1749261690,0.05290000,40447.00000000,0.05301
1749261690,0.05289000,5596.00000000,0.05301
1749261690,0.05288000,1875.00000000,0.05301
1749261690,0.05287000,45014.00000000,0.05301
1749261690,0.05286000,13068.00000000,0.05301
1749261690,0.05284000,458.00000000,0.05301
1749261690,0.05283000,14781.00000000,0.05301
1749261690,0.05282000,407015.00000000,0.05301
1749261690,0.05281000,1885.00000000,0.05301
1749261690,0.05280000,5738.00000000,0.05301
1749261690,0.05279000,941.00000000,0.05301
1749261690,0.05278000,28954.00000000,0.05301
1749261690,0.05277000,253568.00000000,0.05301
1749261690,0.05276000,5303.00000000,0.05301
1749261690,0.05275000,1879.00000000,0.05301
1749261690,0.05274000,9323.00000000,0.05301
1749261690,0.05273000,11187.00000000,0.05301
1749261690,0.05272000,1887.00000000,0.05301
1749261690,0.05271000,37939.00000000,0.05301
1749261690,0.05270000,7444.00000000,0.05301
1749261690,0.05269000,9325.00000000,0.05301
1749261690,0.05268000,5629.00000000,0.05301
1749261690,0.05267000,266454.00000000,0.05301
1749261690,0.05266000,1881.00000000,0.05301
1749261690,0.05265000,564075.00000000,0.05301
1749261690,0.05264000,3743.00000000,0.05301
1749261690,0.05263000,9329.00000000,0.05301
1749261690,0.05262000,9329.00000000,0.05301
1749261690,0.05261000,246883.00000000,0.05301
1749261690,0.05258000,3743.00000000,0.05301
1749261690,0.05256000,7444.00000000,0.05301
1749261690,0.05255000,8444.00000000,0.05301
1749261690,0.05254000,3743.00000000,0.05301
1749261690,0.05250000,11283.00000000,0.05301
1749261690,0.05248000,7444.00000000,0.05301
1749261690,0.05245000,3743.00000000,0.05301
1749261690,0.05243000,9898.00000000,0.05301
1749261690,0.05241000,3743.00000000,0.05301
1749261690,0.05240000,726.00000000,0.05301
1749261690,0.05236000,44571.00000000,0.05301
1749261690,0.05235000,46121.00000000,0.05301
1749261690,0.05232000,2261097.00000000,0.05301
1749261690,0.05230000,114.00000000,0.05301
1749261690,0.05228000,3743.00000000,0.05301
1749261690,0.05225000,114.00000000,0.05301
1749261690,0.05221000,3743.00000000,0.05301
1749261690,0.05220000,42255.00000000,0.05301
1749261690,0.05219000,941.00000000,0.05301
1749261690,0.05214000,3743.00000000,0.05301
1749261690,0.05211000,27393.00000000,0.05301
1749261690,0.05210000,115.00000000,0.05301
1749261690,0.05209000,342509.00000000,0.05301
1749261690,0.05207000,4883.00000000,0.05301
1749261690,0.05206000,1535420.00000000,0.05301
1749261690,0.05205000,38207.00000000,0.05301
1749261690,0.05200000,12922.00000000,0.05301
1749261690,0.05196000,3743.00000000,0.05301
1749261690,0.05193000,3844.00000000,0.05301
1749261690,0.05190000,115.00000000,0.05301
1749261690,0.05189000,3743.00000000,0.05301
1749261690,0.05188000,2409.00000000,0.05301
1749261690,0.05185000,3858.00000000,0.05301
1749261690,0.05180000,115.00000000,0.05301
1749261690,0.05178000,3743.00000000,0.05301
1749261690,0.05175000,115.00000000,0.05301
1749261690,0.05170000,229.00000000,0.05301
1749261690,0.05160000,116.00000000,0.05301
1749261690,0.05155000,90514.00000000,0.05301
1749261690,0.05154000,414254.00000000,0.05301
1749261690,0.05150000,76670.00000000,0.05301
1749261690,0.05147000,117.00000000,0.05301
1749261690,0.05145000,116.00000000,0.05301
1749261690,0.05140000,116.00000000,0.05301
1749261690,0.05135000,116.00000000,0.05301
1749261690,0.05130000,214.00000000,0.05301
1749261690,0.05125000,117.00000000,0.05301
1749261690,0.05120000,117.00000000,0.05301
1749261690,0.05115000,117.00000000,0.05301
1749261690,0.05111000,643.00000000,0.05301
1749261690,0.05110000,117.00000000,0.05301
1749261690,0.05108000,446.00000000,0.05301
1749261690,0.05105000,117.00000000,0.05301
1749261690,0.05100000,3377.00000000,0.05301
1749261690,0.05095000,117.00000000,0.05301
1749261690,0.05093000,115.00000000,0.05301
1749261690,0.05090000,117.00000000,0.05301
1749261690,0.05085000,117.00000000,0.05301
1749261690,0.05080000,118.00000000,0.05301
1749261690,0.05077000,474783.00000000,0.05301
1749261690,0.05075000,118.00000000,0.05301
1749261690,0.05070000,176.00000000,0.05301
1749261690,0.05050000,1980.00000000,0.05301
1749261690,0.05043000,991.00000000,0.05301
1749261690,0.05020000,2026.00000000,0.05301
1749261992,0.05269000,470.00000000,0.0527
1749261992,0.05268000,2869.00000000,0.0527
1749261992,0.05267000,3091.00000000,0.0527
1749261992,0.05266000,2859.00000000,0.0527
1749261992,0.05265000,461.00000000,0.0527
1749261992,0.05264000,22989.00000000,0.0527
1749261992,0.05263000,1200.00000000,0.0527
1749261992,0.05262000,7984.00000000,0.0527
1749261992,0.05261000,7823.00000000,0.0527
1749261992,0.05260000,2351.00000000,0.0527
1749261992,0.05259000,7909.00000000,0.0527
1749261992,0.05258000,13348.00000000,0.0527
1749261992,0.05257000,4387.00000000,0.0527
1749261992,0.05256000,23086.00000000,0.0527
1749261992,0.05255000,7444.00000000,0.0527
1749261992,0.05254000,3743.00000000,0.0527
1749261992,0.05253000,9863.00000000,0.0527
1749261992,0.05252000,390452.00000000,0.0527
1749261992,0.05251000,249248.00000000,0.0527
1749261992,0.05250000,11187.00000000,0.0527
1749261992,0.05249000,11990.00000000,0.0527
1749261992,0.05248000,9334.00000000,0.0527
1749261992,0.05247000,38114.00000000,0.0527
1749261992,0.05245000,5633.00000000,0.0527
1749261992,0.05244000,13822.00000000,0.0527
1749261992,0.05243000,7444.00000000,0.0527
1749261992,0.05242000,1892.00000000,0.0527
1749261992,0.05241000,11187.00000000,0.0527
1749261992,0.05240000,17329.00000000,0.0527
1749261992,0.05237000,249534.00000000,0.0527
1749261992,0.05236000,7444.00000000,0.0527
1749261992,0.05235000,5751.00000000,0.0527
1749261992,0.05234000,7444.00000000,0.0527
1749261992,0.05232000,1894.00000000,0.0527
1749261992,0.05231000,567535.00000000,0.0527
1749261992,0.05230000,250366.00000000,0.0527
1749261992,0.05229000,7444.00000000,0.0527
1749261992,0.05228000,5639.00000000,0.0527
1749261992,0.05227000,7444.00000000,0.0527
1749261992,0.05226000,498.00000000,0.0527
1749261992,0.05225000,114.00000000,0.0527
1749261992,0.05222000,7444.00000000,0.0527
1749261992,0.05221000,3743.00000000,0.0527
1749261992,0.05220000,7558.00000000,0.0527
1749261992,0.05218000,1007.00000000,0.0527
1749261992,0.05217000,1339.00000000,0.0527
1749261992,0.05216000,14888.00000000,0.0527
1749261992,0.05214000,3743.00000000,0.0527
1749261992,0.05210000,2585.00000000,0.0527
1749261992,0.05209000,14888.00000000,0.0527
1749261992,0.05207000,4883.00000000,0.0527
1749261992,0.05206000,44571.00000000,0.0527
1749261992,0.05205000,80428.00000000,0.0527
1749261992,0.05202000,2276228.00000000,0.0527
1749261992,0.05200000,12922.00000000,0.0527
1749261992,0.05196000,3743.00000000,0.0527
1749261992,0.05192000,343597.00000000,0.0527
1749261992,0.05190000,115.00000000,0.0527
1749261992,0.05189000,3743.00000000,0.0527
1749261992,0.05188000,2409.00000000,0.0527
1749261992,0.05185000,3858.00000000,0.0527
1749261992,0.05182000,286.00000000,0.0527
1749261992,0.05180000,1543251.00000000,0.0527
1749261992,0.05178000,3743.00000000,0.0527
1749261992,0.05175000,115.00000000,0.0527
1749261992,0.05170000,229.00000000,0.0527
1749261992,0.05162000,9669.00000000,0.0527
1749261992,0.05160000,116.00000000,0.0527
1749261992,0.05151000,3875.00000000,0.0527
1749261992,0.05150000,116.00000000,0.0527
1749261992,0.05147000,117.00000000,0.0527
1749261992,0.05145000,116.00000000,0.0527
1749261992,0.05140000,116.00000000,0.0527
1749261992,0.05135000,1263.00000000,0.0527
1749261992,0.05132000,973.00000000,0.0527
1749261992,0.05131000,90514.00000000,0.0527
1749261992,0.05130000,416060.00000000,0.0527
1749261992,0.05125000,117.00000000,0.0527
1749261992,0.05120000,117.00000000,0.0527
1749261992,0.05118000,76946.00000000,0.0527
1749261992,0.05115000,117.00000000,0.0527
1749261992,0.05111000,643.00000000,0.0527
1749261992,0.05110000,117.00000000,0.0527
1749261992,0.05108000,446.00000000,0.0527
1749261992,0.05105000,117.00000000,0.0527
1749261992,0.05100000,3377.00000000,0.0527
1749261992,0.05095000,117.00000000,0.0527
1749261992,0.05093000,115.00000000,0.0527
1749261992,0.05090000,117.00000000,0.0527
1749261992,0.05085000,117.00000000,0.0527
1749261992,0.05080000,118.00000000,0.0527
1749261992,0.05077000,117.00000000,0.0527
1749261992,0.05075000,118.00000000,0.0527
1749261992,0.05070000,176.00000000,0.0527
1749261992,0.05050000,1980.00000000,0.0527
1749261992,0.05043000,991.00000000,0.0527
1749261992,0.05026000,479428.00000000,0.0527
1749261992,0.05020000,2026.00000000,0.0527
1749261992,0.05008000,1980.00000000,0.0527
1749261992,0.05006000,338.00000000,0.0527
1749262293,0.05293000,739.00000000,0.05295
1749262293,0.05292000,844.00000000,0.05295
1749262293,0.05291000,465.00000000,0.05295
1749262293,0.05290000,14646.00000000,0.05295
1749262293,0.05289000,8098.00000000,0.05295
1749262293,0.05288000,19315.00000000,0.05295
1749262293,0.05287000,6242.00000000,0.05295
1749262293,0.05286000,6101.00000000,0.05295
1749262293,0.05285000,25130.00000000,0.05295
1749262293,0.05284000,2359.00000000,0.05295
1749262293,0.05283000,8066.00000000,0.05295
1749262293,0.05282000,40328.00000000,0.05295
1749262293,0.05281000,41596.00000000,0.05295
1749262293,0.05280000,23398.00000000,0.05295
1749262293,0.05279000,25344.00000000,0.05295
1749262293,0.05278000,398779.00000000,0.05295
1749262293,0.05277000,8843.00000000,0.05295
1749262293,0.05276000,11473.00000000,0.05295
1749262293,0.05275000,7912.00000000,0.05295
1749262293,0.05274000,6512.00000000,0.05295
1749262293,0.05273000,11187.00000000,0.05295
1749262293,0.05272000,252141.00000000,0.05295
1749262293,0.05271000,7444.00000000,0.05295
1749262293,0.05270000,12205.00000000,0.05295
1749262293,0.05269000,7444.00000000,0.05295
1749262293,0.05268000,6581.00000000,0.05295
1749262293,0.05267000,7444.00000000,0.05295
1749262293,0.05266000,11077.00000000,0.05295
1749262293,0.05265000,7444.00000000,0.05295
1749262293,0.05264000,5640.00000000,0.05295
1749262293,0.05263000,45438.00000000,0.05295
1749262293,0.05262000,1898.00000000,0.05295
1749262293,0.05261000,19338.00000000,0.05295
1749262293,0.05260000,18497.00000000,0.05295
1749262293,0.05259000,7444.00000000,0.05295
1749262293,0.05258000,3743.00000000,0.05295
1749262293,0.05257000,568440.00000000,0.05295
1749262293,0.05256000,9333.00000000,0.05295
1749262293,0.05255000,7444.00000000,0.05295
1749262293,0.05254000,253079.00000000,0.05295
1749262293,0.05253000,1887.00000000,0.05295
1749262293,0.05250000,11187.00000000,0.05295
1749262293,0.05248000,7444.00000000,0.05295
1749262293,0.05246000,247607.00000000,0.05295
1749262293,0.05245000,3743.00000000,0.05295
1749262293,0.05243000,7444.00000000,0.05295
1749262293,0.05241000,11187.00000000,0.05295
1749262293,0.05240000,726.00000000,0.05295
1749262293,0.05236000,7444.00000000,0.05295
1749262293,0.05235000,3857.00000000,0.05295
1749262293,0.05234000,7444.00000000,0.05295
1749262293,0.05231000,306.00000000,0.05295
1749262293,0.05230000,114.00000000,0.05295
1749262293,0.05229000,7444.00000000,0.05295
1749262293,0.05228000,3934.00000000,0.05295
1749262293,0.05227000,2273856.00000000,0.05295
1749262293,0.05225000,114.00000000,0.05295
1749262293,0.05222000,7444.00000000,0.05295
1749262293,0.05221000,50778.00000000,0.05295
1749262293,0.05220000,7558.00000000,0.05295
1749262293,0.05218000,1007.00000000,0.05295
1749262293,0.05216000,14888.00000000,0.05295
1749262293,0.05214000,3743.00000000,0.05295
1749262293,0.05210000,115.00000000,0.05295
1749262293,0.05209000,14888.00000000,0.05295
1749262293,0.05207000,4883.00000000,0.05295
1749262293,0.05205000,80428.00000000,0.05295
1749262293,0.05200000,1549936.00000000,0.05295
1749262293,0.05196000,3743.00000000,0.05295
1749262293,0.05192000,343597.00000000,0.05295
1749262293,0.05190000,115.00000000,0.05295
1749262293,0.05189000,3743.00000000,0.05295
1749262293,0.05185000,3858.00000000,0.05295
1749262293,0.05180000,9750.00000000,0.05295
1749262293,0.05178000,3743.00000000,0.05295
1749262293,0.05175000,115.00000000,0.05295
1749262293,0.05170000,229.00000000,0.05295
1749262293,0.05160000,116.00000000,0.05295
1749262293,0.05152000,969.00000000,0.05295
1749262293,0.05151000,1134.00000000,0.05295
1749262293,0.05150000,116.00000000,0.05295
1749262293,0.05147000,117.00000000,0.05295
1749262293,0.05145000,116.00000000,0.05295
1749262293,0.05140000,116.00000000,0.05295
1749262293,0.05135000,116.00000000,0.05295
1749262293,0.05131000,90514.00000000,0.05295
1749262293,0.05130000,416060.00000000,0.05295
1749262293,0.05125000,117.00000000,0.05295
1749262293,0.05120000,117.00000000,0.05295
1749262293,0.05118000,76946.00000000,0.05295
1749262293,0.05115000,117.00000000,0.05295
1749262293,0.05111000,643.00000000,0.05295
1749262293,0.05110000,117.00000000,0.05295
1749262293,0.05108000,446.00000000,0.05295
1749262293,0.05107000,23456.00000000,0.05295
1749262293,0.05105000,117.00000000,0.05295
1749262293,0.05100000,3377.00000000,0.05295
1749262293,0.05095000,117.00000000,0.05295
1749262293,0.05093000,115.00000000,0.05295
1749262293,0.05090000,117.00000000,0.05295
1749262595,0.05301000,1305.00000000,0.05298
1749262595,0.05300000,4901.00000000,0.05298
1749262595,0.05299000,8044.00000000,0.05298
1749262595,0.05298000,18887.00000000,0.05298
1749262595,0.05297000,566.00000000,0.05298
1749262595,0.05296000,46328.00000000,0.05298
1749262595,0.05295000,11608.00000000,0.05298
1749262595,0.05294000,18188.00000000,0.05298
1749262595,0.05293000,1157.00000000,0.05298
1749262595,0.05292000,20075.00000000,0.05298
1749262595,0.05291000,30760.00000000,0.05298
1749262595,0.05290000,32111.00000000,0.05298
1749262595,0.05289000,2312.00000000,0.05298
1749262595,0.05288000,26246.00000000,0.05298
1749262595,0.05287000,29697.00000000,0.05298
1749262595,0.05286000,24367.00000000,0.05298
1749262595,0.05285000,392060.00000000,0.05298
1749262595,0.05284000,1890.00000000,0.05298
1749262595,0.05283000,7873.00000000,0.05298
1749262595,0.05282000,13516.00000000,0.05298
1749262595,0.05281000,4339.00000000,0.05298
1749262595,0.05280000,1891.00000000,0.05298
1749262595,0.05279000,7444.00000000,0.05298
1749262595,0.05278000,251711.00000000,0.05298
1749262595,0.05277000,47487.00000000,0.05298
1749262595,0.05276000,6521.00000000,0.05298
1749262595,0.05275000,7444.00000000,0.05298
1749262595,0.05274000,5929.00000000,0.05298
1749262595,0.05273000,11187.00000000,0.05298
1749262595,0.05272000,1895.00000000,0.05298
1749262595,0.05271000,7444.00000000,0.05298
1749262595,0.05270000,39844.00000000,0.05298
1749262595,0.05269000,19331.00000000,0.05298
1749262595,0.05268000,5638.00000000,0.05298
1749262595,0.05267000,7444.00000000,0.05298
1749262595,0.05266000,18748.00000000,0.05298
1749262595,0.05265000,7444.00000000,0.05298
1749262595,0.05264000,5640.00000000,0.05298
1749262595,0.05263000,7444.00000000,0.05298
1749262595,0.05262000,568205.00000000,0.05298
1749262595,0.05261000,7444.00000000,0.05298
1749262595,0.05260000,1885.00000000,0.05298
1749262595,0.05259000,7444.00000000,0.05298
1749262595,0.05258000,3743.00000000,0.05298
1749262595,0.05256000,254560.00000000,0.05298
1749262595,0.05255000,7444.00000000,0.05298
1749262595,0.05254000,253079.00000000,0.05298
1749262595,0.05250000,11187.00000000,0.05298
1749262595,0.05248000,7444.00000000,0.05298
1749262595,0.05245000,3743.00000000,0.05298
1749262595,0.05243000,7444.00000000,0.05298
1749262595,0.05241000,11187.00000000,0.05298
1749262595,0.05240000,726.00000000,0.05298
1749262595,0.05236000,7444.00000000,0.05298
1749262595,0.05235000,3857.00000000,0.05298
1749262595,0.05234000,7444.00000000,0.05298
1749262595,0.05230000,2263746.00000000,0.05298
1749262595,0.05229000,7444.00000000,0.05298
1749262595,0.05228000,48620.00000000,0.05298
1749262595,0.05227000,7444.00000000,0.05298
1749262595,0.05225000,114.00000000,0.05298
1749262595,0.05222000,7444.00000000,0.05298
1749262595,0.05221000,6207.00000000,0.05298
1749262595,0.05220000,48970.00000000,0.05298
1749262595,0.05218000,1007.00000000,0.05298
1749262595,0.05216000,7444.00000000,0.05298
1749262595,0.05214000,3743.00000000,0.05298
1749262595,0.05213000,342247.00000000,0.05298
1749262595,0.05210000,115.00000000,0.05298
1749262595,0.05209000,7444.00000000,0.05298
1749262595,0.05207000,4883.00000000,0.05298
1749262595,0.05200000,1549936.00000000,0.05298
1749262595,0.05196000,3743.00000000,0.05298
1749262595,0.05190000,115.00000000,0.05298
1749262595,0.05189000,3743.00000000,0.05298
1749262595,0.05185000,3858.00000000,0.05298
1749262595,0.05180000,115.00000000,0.05298
1749262595,0.05178000,3743.00000000,0.05298
1749262595,0.05175000,115.00000000,0.05298
1749262595,0.05170000,229.00000000,0.05298
1749262595,0.05160000,1258.00000000,0.05298
1749262595,0.05150000,116.00000000,0.05298
1749262595,0.05147000,117.00000000,0.05298
1749262595,0.05145000,116.00000000,0.05298
1749262595,0.05140000,116.00000000,0.05298
1749262595,0.05135000,116.00000000,0.05298
1749262595,0.05131000,114649.00000000,0.05298
1749262595,0.05130000,416060.00000000,0.05298
1749262595,0.05129000,194.00000000,0.05298
1749262595,0.05125000,117.00000000,0.05298
1749262595,0.05120000,117.00000000,0.05298
1749262595,0.05118000,76946.00000000,0.05298
1749262595,0.05115000,117.00000000,0.05298
1749262595,0.05111000,643.00000000,0.05298
1749262595,0.05110000,117.00000000,0.05298
1749262595,0.05108000,446.00000000,0.05298
1749262595,0.05105000,117.00000000,0.05298
1749262595,0.05100000,3377.00000000,0.05298
1749262595,0.05095000,117.00000000,0.05298
1749262595,0.05093000,115.00000000,0.05298
1749262902,0.05294000,377.00000000,0.05295
1749262902,0.05292000,7585.00000000,0.05295
1749262902,0.05291000,19013.00000000,0.05295
1749262902,0.05290000,67247.00000000,0.05295
1749262902,0.05289000,389.00000000,0.05295
1749262902,0.05288000,736.00000000,0.05295
1749262902,0.05287000,26010.00000000,0.05295
1749262902,0.05286000,59933.00000000,0.05295
1749262902,0.05285000,8181.00000000,0.05295
1749262902,0.05284000,1890.00000000,0.05295
1749262902,0.05283000,7444.00000000,0.05295
1749262902,0.05282000,13077.00000000,0.05295
1749262902,0.05281000,5467.00000000,0.05295
1749262902,0.05280000,2288.00000000,0.05295
1749262902,0.05279000,11185.00000000,0.05295
1749262902,0.05278000,7843.00000000,0.05295
1749262902,0.05277000,431720.00000000,0.05295
1749262902,0.05276000,11003.00000000,0.05295
1749262902,0.05275000,16224.00000000,0.05295
1749262902,0.05274000,5929.00000000,0.05295
1749262902,0.05273000,15052.00000000,0.05295
1749262902,0.05272000,1895.00000000,0.05295
1749262902,0.05271000,8385.00000000,0.05295
1749262902,0.05270000,260248.00000000,0.05295
1749262902,0.05269000,7444.00000000,0.05295
1749262902,0.05268000,5626.00000000,0.05295
1749262902,0.05267000,7444.00000000,0.05295
1749262902,0.05266000,1884.00000000,0.05295
1749262902,0.05265000,7444.00000000,0.05295
1749262902,0.05264000,43616.00000000,0.05295
1749262902,0.05263000,7444.00000000,0.05295
1749262902,0.05262000,247746.00000000,0.05295
1749262902,0.05261000,7444.00000000,0.05295
1749262902,0.05260000,18372.00000000,0.05295
1749262902,0.05259000,7444.00000000,0.05295
1749262902,0.05258000,3743.00000000,0.05295
1749262902,0.05257000,1887.00000000,0.05295
1749262902,0.05256000,820742.00000000,0.05295
1749262902,0.05255000,7444.00000000,0.05295
1749262902,0.05254000,3743.00000000,0.05295
1749262902,0.05253000,1888.00000000,0.05295
1749262902,0.05252000,1888.00000000,0.05295
1749262902,0.05251000,1008.00000000,0.05295
1749262902,0.05250000,11187.00000000,0.05295
1749262902,0.05248000,7444.00000000,0.05295
1749262902,0.05245000,3743.00000000,0.05295
1749262902,0.05243000,7444.00000000,0.05295
1749262902,0.05241000,11187.00000000,0.05295
1749262902,0.05240000,726.00000000,0.05295
1749262902,0.05236000,7444.00000000,0.05295
1749262902,0.05235000,3857.00000000,0.05295
1749262902,0.05234000,7444.00000000,0.05295
1749262902,0.05232000,2459.00000000,0.05295
1749262902,0.05230000,2309103.00000000,0.05295
1749262902,0.05229000,7444.00000000,0.05295
1749262902,0.05228000,3743.00000000,0.05295
1749262902,0.05227000,7444.00000000,0.05295
1749262902,0.05225000,114.00000000,0.05295
1749262902,0.05222000,7444.00000000,0.05295
1749262902,0.05221000,3743.00000000,0.05295
1749262902,0.05220000,41526.00000000,0.05295
1749262902,0.05214000,3743.00000000,0.05295
1749262902,0.05213000,342247.00000000,0.05295
1749262902,0.05210000,115.00000000,0.05295
1749262902,0.05207000,4883.00000000,0.05295
1749262902,0.05200000,12922.00000000,0.05295
1749262902,0.05199000,1202.00000000,0.05295
1749262902,0.05198000,1537596.00000000,0.05295
1749262902,0.05196000,3743.00000000,0.05295
1749262902,0.05190000,115.00000000,0.05295
1749262902,0.05189000,3743.00000000,0.05295
1749262902,0.05185000,3858.00000000,0.05295
1749262902,0.05180000,115.00000000,0.05295
1749262902,0.05178000,3743.00000000,0.05295
1749262902,0.05175000,115.00000000,0.05295
1749262902,0.05170000,229.00000000,0.05295
1749262902,0.05160000,116.00000000,0.05295
1749262902,0.05151000,90514.00000000,0.05295
1749262902,0.05150000,76263.00000000,0.05295
1749262902,0.05147000,117.00000000,0.05295
1749262902,0.05145000,116.00000000,0.05295
1749262902,0.05140000,116.00000000,0.05295
1749262902,0.05135000,310.00000000,0.05295
1749262902,0.05131000,789.00000000,0.05295
1749262902,0.05130000,416060.00000000,0.05295
1749262902,0.05125000,117.00000000,0.05295
1749262902,0.05120000,117.00000000,0.05295
1749262902,0.05115000,117.00000000,0.05295
1749262902,0.05111000,643.00000000,0.05295
1749262902,0.05110000,117.00000000,0.05295
1749262902,0.05108000,446.00000000,0.05295
1749262902,0.05105000,117.00000000,0.05295
1749262902,0.05100000,3377.00000000,0.05295
1749262902,0.05095000,117.00000000,0.05295
1749262902,0.05093000,115.00000000,0.05295
1749262902,0.05090000,117.00000000,0.05295
1749262902,0.05085000,117.00000000,0.05295
1749262902,0.05080000,118.00000000,0.05295
1749262902,0.05077000,117.00000000,0.05295
1749262902,0.05075000,118.00000000,0.05295
1749263203,0.05299000,377.00000000,0.05301
1749263203,0.05298000,401.00000000,0.05301
1749263203,0.05297000,405.00000000,0.05301
1749263203,0.05296000,12352.00000000,0.05301
1749263203,0.05295000,25984.00000000,0.05301
1749263203,0.05294000,5849.00000000,0.05301
1749263203,0.05293000,7973.00000000,0.05301
1749263203,0.05292000,22063.00000000,0.05301
1749263203,0.05291000,9888.00000000,0.05301
1749263203,0.05290000,7854.00000000,0.05301
1749263203,0.05289000,21382.00000000,0.05301
1749263203,0.05288000,68914.00000000,0.05301
1749263203,0.05287000,12367.00000000,0.05301
1749263203,0.05286000,33038.00000000,0.05301
1749263203,0.05285000,42527.00000000,0.05301
1749263203,0.05284000,14339.00000000,0.05301
1749263203,0.05283000,392384.00000000,0.05301
1749263203,0.05282000,18303.00000000,0.05301
1749263203,0.05281000,4262.00000000,0.05301
1749263203,0.05280000,247876.00000000,0.05301
1749263203,0.05279000,7444.00000000,0.05301
1749263203,0.05278000,5634.00000000,0.05301
1749263203,0.05277000,46544.00000000,0.05301
1749263203,0.05276000,2834.00000000,0.05301
1749263203,0.05275000,7444.00000000,0.05301
1749263203,0.05274000,5929.00000000,0.05301
1749263203,0.05273000,11187.00000000,0.05301
1749263203,0.05272000,1895.00000000,0.05301
1749263203,0.05271000,57272.00000000,0.05301
1749263203,0.05269000,9329.00000000,0.05301
1749263203,0.05268000,22455.00000000,0.05301
1749263203,0.05267000,7444.00000000,0.05301
1749263203,0.05266000,567199.00000000,0.05301
1749263203,0.05265000,254141.00000000,0.05301
1749263203,0.05264000,5628.00000000,0.05301
1749263203,0.05263000,7444.00000000,0.05301
1749263203,0.05262000,245860.00000000,0.05301
1749263203,0.05261000,7444.00000000,0.05301
1749263203,0.05259000,7444.00000000,0.05301
1749263203,0.05258000,3743.00000000,0.05301
1749263203,0.05256000,7444.00000000,0.05301
1749263203,0.05255000,7444.00000000,0.05301
1749263203,0.05254000,3743.00000000,0.05301
1749263203,0.05251000,1008.00000000,0.05301
1749263203,0.05250000,11187.00000000,0.05301
1749263203,0.05248000,7444.00000000,0.05301
1749263203,0.05245000,3743.00000000,0.05301
1749263203,0.05243000,7444.00000000,0.05301
1749263203,0.05241000,11187.00000000,0.05301
1749263203,0.05240000,726.00000000,0.05301
1749263203,0.05239000,2260468.00000000,0.05301
1749263203,0.05236000,7444.00000000,0.05301
1749263203,0.05235000,3857.00000000,0.05301
1749263203,0.05234000,7444.00000000,0.05301
1749263203,0.05230000,114.00000000,0.05301
1749263203,0.05229000,7444.00000000,0.05301
1749263203,0.05228000,3743.00000000,0.05301
1749263203,0.05227000,7444.00000000,0.05301
1749263203,0.05225000,114.00000000,0.05301
1749263203,0.05222000,7444.00000000,0.05301
1749263203,0.05221000,48314.00000000,0.05301
1749263203,0.05220000,41526.00000000,0.05301
1749263203,0.05214000,4607.00000000,0.05301
1749263203,0.05213000,342247.00000000,0.05301
1749263203,0.05210000,115.00000000,0.05301
1749263203,0.05209000,1534406.00000000,0.05301
1749263203,0.05207000,4883.00000000,0.05301
1749263203,0.05200000,12922.00000000,0.05301
1749263203,0.05196000,3743.00000000,0.05301
1749263203,0.05190000,115.00000000,0.05301
1749263203,0.05189000,3743.00000000,0.05301
1749263203,0.05185000,3858.00000000,0.05301
1749263203,0.05180000,115.00000000,0.05301
1749263203,0.05178000,3743.00000000,0.05301
1749263203,0.05175000,115.00000000,0.05301
1749263203,0.05170000,229.00000000,0.05301
1749263203,0.05160000,116.00000000,0.05301
1749263203,0.05151000,90514.00000000,0.05301
1749263203,0.05150000,76263.00000000,0.05301
1749263203,0.05147000,117.00000000,0.05301
1749263203,0.05145000,116.00000000,0.05301
1749263203,0.05140000,116.00000000,0.05301
1749263203,0.05135000,116.00000000,0.05301
1749263203,0.05131000,1991.00000000,0.05301
1749263203,0.05130000,416060.00000000,0.05301
1749263203,0.05125000,117.00000000,0.05301
1749263203,0.05120000,117.00000000,0.05301
1749263203,0.05115000,117.00000000,0.05301
1749263203,0.05111000,643.00000000,0.05301
1749263203,0.05110000,117.00000000,0.05301
1749263203,0.05108000,446.00000000,0.05301
1749263203,0.05105000,117.00000000,0.05301
1749263203,0.05100000,3377.00000000,0.05301
1749263203,0.05095000,117.00000000,0.05301
1749263203,0.05093000,115.00000000,0.05301
1749263203,0.05090000,117.00000000,0.05301
1749263203,0.05085000,117.00000000,0.05301
1749263203,0.05080000,118.00000000,0.05301
1749263203,0.05077000,117.00000000,0.05301
1749263203,0.05075000,118.00000000,0.05301
1749263509,0.05288000,315.00000000,0.05287
1749263509,0.05287000,248.00000000,0.05287
1749263509,0.05286000,8859.00000000,0.05287
1749263509,0.05285000,25142.00000000,0.05287
1749263509,0.05284000,20141.00000000,0.05287
1749263509,0.05283000,18900.00000000,0.05287
1749263509,0.05282000,42703.00000000,0.05287
1749263509,0.05281000,15027.00000000,0.05287
1749263509,0.05280000,1891.00000000,0.05287
1749263509,0.05279000,47244.00000000,0.05287
1749263509,0.05278000,11071.00000000,0.05287
1749263509,0.05277000,7444.00000000,0.05287
1749263509,0.05276000,2320.00000000,0.05287
1749263509,0.05275000,13330.00000000,0.05287
1749263509,0.05274000,6535.00000000,0.05287
1749263509,0.05273000,11611.00000000,0.05287
1749263509,0.05272000,6188.00000000,0.05287
1749263509,0.05271000,395997.00000000,0.05287
1749263509,0.05269000,9329.00000000,0.05287
1749263509,0.05268000,262235.00000000,0.05287
1749263509,0.05267000,7444.00000000,0.05287
1749263509,0.05266000,5926.00000000,0.05287
1749263509,0.05265000,7444.00000000,0.05287
1749263509,0.05264000,10053.00000000,0.05287
1749263509,0.05263000,7444.00000000,0.05287
1749263509,0.05262000,13800.00000000,0.05287
1749263509,0.05261000,45458.00000000,0.05287
1749263509,0.05259000,9330.00000000,0.05287
1749263509,0.05258000,20675.00000000,0.05287
1749263509,0.05256000,7444.00000000,0.05287
1749263509,0.05255000,7444.00000000,0.05287
1749263509,0.05254000,3743.00000000,0.05287
1749263509,0.05253000,249459.00000000,0.05287
1749263509,0.05252000,1886.00000000,0.05287
1749263509,0.05251000,248358.00000000,0.05287
1749263509,0.05250000,578191.00000000,0.05287
1749263509,0.05248000,7444.00000000,0.05287
1749263509,0.05245000,3743.00000000,0.05287
1749263509,0.05243000,7444.00000000,0.05287
1749263509,0.05241000,11187.00000000,0.05287
1749263509,0.05240000,726.00000000,0.05287
1749263509,0.05236000,7444.00000000,0.05287
1749263509,0.05235000,3857.00000000,0.05287
1749263509,0.05234000,7444.00000000,0.05287
1749263509,0.05232000,2459.00000000,0.05287
1749263509,0.05230000,114.00000000,0.05287
1749263509,0.05229000,7444.00000000,0.05287
1749263509,0.05228000,3743.00000000,0.05287
1749263509,0.05227000,7444.00000000,0.05287
1749263509,0.05225000,114.00000000,0.05287
1749263509,0.05222000,2319961.00000000,0.05287
1749263509,0.05221000,3743.00000000,0.05287
1749263509,0.05220000,41526.00000000,0.05287
1749263509,0.05214000,4607.00000000,0.05287
1749263509,0.05210000,115.00000000,0.05287
1749263509,0.05207000,4883.00000000,0.05287
1749263509,0.05202000,3382.00000000,0.05287
1749263509,0.05201000,1536870.00000000,0.05287
1749263509,0.05200000,12922.00000000,0.05287
1749263509,0.05196000,347025.00000000,0.05287
1749263509,0.05190000,115.00000000,0.05287
1749263509,0.05189000,3743.00000000,0.05287
1749263509,0.05185000,3858.00000000,0.05287
1749263509,0.05180000,115.00000000,0.05287
1749263509,0.05178000,3743.00000000,0.05287
1749263509,0.05175000,115.00000000,0.05287
1749263509,0.05170000,229.00000000,0.05287
1749263509,0.05160000,116.00000000,0.05287
1749263509,0.05151000,90514.00000000,0.05287
1749263509,0.05150000,76263.00000000,0.05287
1749263509,0.05147000,117.00000000,0.05287
1749263509,0.05145000,116.00000000,0.05287
1749263509,0.05140000,116.00000000,0.05287
1749263509,0.05135000,116.00000000,0.05287
1749263509,0.05131000,5027.00000000,0.05287
1749263509,0.05130000,416060.00000000,0.05287
1749263509,0.05125000,117.00000000,0.05287
1749263509,0.05120000,117.00000000,0.05287
1749263509,0.05115000,117.00000000,0.05287
1749263509,0.05111000,643.00000000,0.05287
1749263509,0.05110000,117.00000000,0.05287
1749263509,0.05108000,446.00000000,0.05287
1749263509,0.05105000,117.00000000,0.05287
1749263509,0.05100000,3377.00000000,0.05287
1749263509,0.05095000,117.00000000,0.05287
1749263509,0.05093000,115.00000000,0.05287
1749263509,0.05090000,117.00000000,0.05287
1749263509,0.05085000,117.00000000,0.05287
1749263509,0.05080000,118.00000000,0.05287
1749263509,0.05077000,117.00000000,0.05287
1749263509,0.05075000,118.00000000,0.05287
1749263509,0.05070000,176.00000000,0.05287
1749263509,0.05055000,476653.00000000,0.05287
1749263509,0.05050000,1980.00000000,0.05287
1749263509,0.05043000,991.00000000,0.05287
1749263509,0.05020000,2026.00000000,0.05287
1749263509,0.05008000,1980.00000000,0.05287
1749263509,0.05006000,338.00000000,0.05287
1749263509,0.05000000,38214.00000000,0.05287
1749263509,0.04988000,180.00000000,0.05287
1749263816,0.05299000,378.00000000,0.05298
1749263816,0.05298000,5423.00000000,0.05298
1749263816,0.05297000,449.00000000,0.05298
1749263816,0.05296000,7464.00000000,0.05298
1749263816,0.05295000,22809.00000000,0.05298
1749263816,0.05294000,7893.00000000,0.05298
1749263816,0.05293000,8635.00000000,0.05298
1749263816,0.05292000,59404.00000000,0.05298
1749263816,0.05291000,58090.00000000,0.05298
1749263816,0.05290000,31780.00000000,0.05298
1749263816,0.05289000,21622.00000000,0.05298
1749263816,0.05288000,2328.00000000,0.05298
1749263816,0.05287000,54100.00000000,0.05298
1749263816,0.05286000,41124.00000000,0.05298
1749263816,0.05285000,38921.00000000,0.05298
1749263816,0.05284000,7553.00000000,0.05298
1749263816,0.05283000,28974.00000000,0.05298
1749263816,0.05282000,31601.00000000,0.05298
1749263816,0.05281000,9334.00000000,0.05298
1749263816,0.05280000,386939.00000000,0.05298
1749263816,0.05279000,47244.00000000,0.05298
1749263816,0.05278000,251711.00000000,0.05298
1749263816,0.05277000,7444.00000000,0.05298
1749263816,0.05276000,1893.00000000,0.05298
1749263816,0.05275000,7444.00000000,0.05298
1749263816,0.05274000,2837.00000000,0.05298
1749263816,0.05273000,11187.00000000,0.05298
1749263816,0.05272000,9800.00000000,0.05298
1749263816,0.05271000,24168.00000000,0.05298
1749263816,0.05269000,9329.00000000,0.05298
1749263816,0.05268000,5627.00000000,0.05298
1749263816,0.05267000,45409.00000000,0.05298
1749263816,0.05266000,1884.00000000,0.05298
1749263816,0.05265000,7444.00000000,0.05298
1749263816,0.05264000,22579.00000000,0.05298
1749263816,0.05263000,573335.00000000,0.05298
1749263816,0.05262000,1890.00000000,0.05298
1749263816,0.05261000,7444.00000000,0.05298
1749263816,0.05259000,7444.00000000,0.05298
1749263816,0.05258000,3743.00000000,0.05298
1749263816,0.05256000,7444.00000000,0.05298
1749263816,0.05255000,7444.00000000,0.05298
1749263816,0.05254000,3743.00000000,0.05298
1749263816,0.05253000,247573.00000000,0.05298
1749263816,0.05251000,248358.00000000,0.05298
1749263816,0.05250000,11187.00000000,0.05298
1749263816,0.05248000,7444.00000000,0.05298
1749263816,0.05245000,3743.00000000,0.05298
1749263816,0.05243000,7444.00000000,0.05298
1749263816,0.05241000,11187.00000000,0.05298
1749263816,0.05240000,726.00000000,0.05298
1749263816,0.05236000,7444.00000000,0.05298
1749263816,0.05235000,3857.00000000,0.05298
1749263816,0.05234000,7444.00000000,0.05298
1749263816,0.05233000,2263826.00000000,0.05298
1749263816,0.05232000,2459.00000000,0.05298
1749263816,0.05230000,114.00000000,0.05298
1749263816,0.05229000,7444.00000000,0.05298
1749263816,0.05228000,3743.00000000,0.05298
1749263816,0.05227000,7444.00000000,0.05298
1749263816,0.05225000,114.00000000,0.05298
1749263816,0.05222000,7444.00000000,0.05298
1749263816,0.05221000,48314.00000000,0.05298
1749263816,0.05220000,41526.00000000,0.05298
1749263816,0.05214000,3743.00000000,0.05298
1749263816,0.05210000,115.00000000,0.05298
1749263816,0.05207000,4883.00000000,0.05298
1749263816,0.05202000,6443.00000000,0.05298
1749263816,0.05201000,1536870.00000000,0.05298
1749263816,0.05200000,12922.00000000,0.05298
1749263816,0.05196000,347025.00000000,0.05298
1749263816,0.05190000,115.00000000,0.05298
1749263816,0.05189000,3743.00000000,0.05298
1749263816,0.05185000,3858.00000000,0.05298
1749263816,0.05180000,115.00000000,0.05298
1749263816,0.05178000,3743.00000000,0.05298
1749263816,0.05175000,115.00000000,0.05298
1749263816,0.05170000,229.00000000,0.05298
1749263816,0.05160000,116.00000000,0.05298
1749263816,0.05151000,90514.00000000,0.05298
1749263816,0.05150000,76263.00000000,0.05298
1749263816,0.05147000,117.00000000,0.05298
1749263816,0.05145000,116.00000000,0.05298
1749263816,0.05140000,116.00000000,0.05298
1749263816,0.05135000,116.00000000,0.05298
1749263816,0.05130000,416060.00000000,0.05298
1749263816,0.05125000,117.00000000,0.05298
1749263816,0.05120000,117.00000000,0.05298
1749263816,0.05115000,117.00000000,0.05298
1749263816,0.05111000,643.00000000,0.05298
1749263816,0.05110000,117.00000000,0.05298
1749263816,0.05108000,446.00000000,0.05298
1749263816,0.05105000,117.00000000,0.05298
1749263816,0.05100000,3377.00000000,0.05298
1749263816,0.05095000,117.00000000,0.05298
1749263816,0.05093000,115.00000000,0.05298
1749263816,0.05090000,117.00000000,0.05298
1749263816,0.05085000,117.00000000,0.05298
1749263816,0.05080000,118.00000000,0.05298
1749263816,0.05077000,117.00000000,0.05298
1749264118,0.05291000,378.00000000,0.05292
1749264118,0.05290000,636.00000000,0.05292
1749264118,0.05289000,41090.00000000,0.05292
1749264118,0.05288000,23647.00000000,0.05292
1749264118,0.05287000,18971.00000000,0.05292
1749264118,0.05286000,49705.00000000,0.05292
1749264118,0.05285000,59801.00000000,0.05292
1749264118,0.05284000,7910.00000000,0.05292
1749264118,0.05283000,7889.00000000,0.05292
1749264118,0.05282000,24392.00000000,0.05292
1749264118,0.05281000,7444.00000000,0.05292
1749264118,0.05280000,1891.00000000,0.05292
1749264118,0.05279000,47244.00000000,0.05292
1749264118,0.05278000,5634.00000000,0.05292
1749264118,0.05277000,10792.00000000,0.05292
1749264118,0.05276000,389526.00000000,0.05292
1749264118,0.05275000,17030.00000000,0.05292
1749264118,0.05274000,11007.00000000,0.05292
1749264118,0.05273000,11187.00000000,0.05292
1749264118,0.05272000,5762.00000000,0.05292
1749264118,0.05271000,7444.00000000,0.05292
1749264118,0.05270000,944.00000000,0.05292
1749264118,0.05269000,14401.00000000,0.05292
1749264118,0.05268000,5626.00000000,0.05292
1749264118,0.05267000,254033.00000000,0.05292
1749264118,0.05266000,1884.00000000,0.05292
1749264118,0.05265000,7444.00000000,0.05292
1749264118,0.05264000,9673.00000000,0.05292
1749264118,0.05263000,57352.00000000,0.05292
1749264118,0.05262000,1886.00000000,0.05292
1749264118,0.05261000,7444.00000000,0.05292
1749264118,0.05260000,1887.00000000,0.05292
1749264118,0.05259000,7444.00000000,0.05292
1749264118,0.05258000,20624.00000000,0.05292
1749264118,0.05257000,1887.00000000,0.05292
1749264118,0.05256000,9331.00000000,0.05292
1749264118,0.05255000,7444.00000000,0.05292
1749264118,0.05254000,3743.00000000,0.05292
1749264118,0.05253000,1890.00000000,0.05292
1749264118,0.05252000,815058.00000000,0.05292
1749264118,0.05251000,1008.00000000,0.05292
1749264118,0.05250000,11187.00000000,0.05292
1749264118,0.05249000,1891.00000000,0.05292
1749264118,0.05248000,7444.00000000,0.05292
1749264118,0.05246000,247583.00000000,0.05292
1749264118,0.05245000,3743.00000000,0.05292
1749264118,0.05243000,7444.00000000,0.05292
1749264118,0.05241000,11187.00000000,0.05292
1749264118,0.05240000,726.00000000,0.05292
1749264118,0.05236000,7444.00000000,0.05292
1749264118,0.05235000,3857.00000000,0.05292
1749264118,0.05234000,7444.00000000,0.05292
1749264118,0.05232000,2459.00000000,0.05292
1749264118,0.05230000,114.00000000,0.05292
1749264118,0.05229000,7444.00000000,0.05292
1749264118,0.05228000,3743.00000000,0.05292
1749264118,0.05227000,7444.00000000,0.05292
1749264118,0.05225000,114.00000000,0.05292
1749264118,0.05223000,2267954.00000000,0.05292
1749264118,0.05222000,7444.00000000,0.05292
1749264118,0.05221000,48314.00000000,0.05292
1749264118,0.05220000,41526.00000000,0.05292
1749264118,0.05214000,3743.00000000,0.05292
1749264118,0.05210000,115.00000000,0.05292
1749264118,0.05207000,4883.00000000,0.05292
1749264118,0.05201000,1536724.00000000,0.05292
1749264118,0.05200000,355899.00000000,0.05292
1749264118,0.05196000,3743.00000000,0.05292
1749264118,0.05190000,115.00000000,0.05292
1749264118,0.05189000,3743.00000000,0.05292
1749264118,0.05185000,3858.00000000,0.05292
1749264118,0.05180000,115.00000000,0.05292
1749264118,0.05178000,3743.00000000,0.05292
1749264118,0.05175000,115.00000000,0.05292
1749264118,0.05170000,229.00000000,0.05292
1749264118,0.05160000,116.00000000,0.05292
1749264118,0.05151000,90514.00000000,0.05292
1749264118,0.05150000,76263.00000000,0.05292
1749264118,0.05147000,117.00000000,0.05292
1749264118,0.05145000,116.00000000,0.05292
1749264118,0.05140000,116.00000000,0.05292
1749264118,0.05135000,116.00000000,0.05292
1749264118,0.05131000,6423.00000000,0.05292
1749264118,0.05130000,416060.00000000,0.05292
1749264118,0.05125000,117.00000000,0.05292
1749264118,0.05120000,117.00000000,0.05292
1749264118,0.05115000,117.00000000,0.05292
1749264118,0.05111000,643.00000000,0.05292
1749264118,0.05110000,117.00000000,0.05292
1749264118,0.05108000,446.00000000,0.05292
1749264118,0.05105000,117.00000000,0.05292
1749264118,0.05100000,3377.00000000,0.05292
1749264118,0.05095000,117.00000000,0.05292
1749264118,0.05093000,115.00000000,0.05292
1749264118,0.05090000,117.00000000,0.05292
1749264118,0.05085000,117.00000000,0.05292
1749264118,0.05080000,118.00000000,0.05292
1749264118,0.05077000,117.00000000,0.05292
1749264118,0.05075000,118.00000000,0.05292
1749264118,0.05070000,176.00000000,0.05292
1749264424,0.05288000,1765.00000000,0.05291
1749264424,0.05287000,37052.00000000,0.05291
1749264424,0.05286000,2775.00000000,0.05291
1749264424,0.05285000,29586.00000000,0.05291
1749264424,0.05284000,22239.00000000,0.05291
1749264424,0.05283000,38662.00000000,0.05291
1749264424,0.05282000,45966.00000000,0.05291
1749264424,0.05281000,28238.00000000,0.05291
1749264424,0.05280000,2338.00000000,0.05291
1749264424,0.05279000,7903.00000000,0.05291
1749264424,0.05278000,6093.00000000,0.05291
1749264424,0.05277000,10055.00000000,0.05291
1749264424,0.05276000,448.00000000,0.05291
1749264424,0.05275000,17293.00000000,0.05291
1749264424,0.05274000,11466.00000000,0.05291
1749264424,0.05273000,11646.00000000,0.05291
1749264424,0.05272000,2346.00000000,0.05291
1749264424,0.05271000,639853.00000000,0.05291
1749264424,0.05270000,5391.00000000,0.05291
1749264424,0.05269000,9779.00000000,0.05291
1749264424,0.05268000,10393.00000000,0.05291
1749264424,0.05267000,7903.00000000,0.05291
1749264424,0.05266000,1884.00000000,0.05291
1749264424,0.05265000,8388.00000000,0.05291
1749264424,0.05264000,13545.00000000,0.05291
1749264424,0.05263000,7444.00000000,0.05291
1749264424,0.05262000,13795.00000000,0.05291
1749264424,0.05261000,7444.00000000,0.05291
1749264424,0.05260000,74280.00000000,0.05291
1749264424,0.05259000,7444.00000000,0.05291
1749264424,0.05258000,20627.00000000,0.05291
1749264424,0.05257000,1887.00000000,0.05291
1749264424,0.05256000,9331.00000000,0.05291
1749264424,0.05255000,7444.00000000,0.05291
1749264424,0.05254000,3743.00000000,0.05291
1749264424,0.05253000,1888.00000000,0.05291
1749264424,0.05252000,247860.00000000,0.05291
1749264424,0.05251000,1008.00000000,0.05291
1749264424,0.05250000,578150.00000000,0.05291
1749264424,0.05249000,1889.00000000,0.05291
1749264424,0.05248000,7444.00000000,0.05291
1749264424,0.05247000,1890.00000000,0.05291
1749264424,0.05246000,247583.00000000,0.05291
1749264424,0.05245000,3743.00000000,0.05291
1749264424,0.05243000,7444.00000000,0.05291
1749264424,0.05241000,11187.00000000,0.05291
1749264424,0.05240000,726.00000000,0.05291
1749264424,0.05236000,7444.00000000,0.05291
1749264424,0.05235000,3857.00000000,0.05291
1749264424,0.05234000,7444.00000000,0.05291
1749264424,0.05232000,2459.00000000,0.05291
1749264424,0.05230000,114.00000000,0.05291
1749264424,0.05229000,7444.00000000,0.05291
1749264424,0.05228000,3743.00000000,0.05291
1749264424,0.05227000,7444.00000000,0.05291
1749264424,0.05225000,114.00000000,0.05291
1749264424,0.05222000,7444.00000000,0.05291
1749264424,0.05221000,3743.00000000,0.05291
1749264424,0.05220000,2267946.00000000,0.05291
1749264424,0.05218000,44571.00000000,0.05291
1749264424,0.05214000,3743.00000000,0.05291
1749264424,0.05210000,115.00000000,0.05291
1749264424,0.05207000,4883.00000000,0.05291
1749264424,0.05205000,41802.00000000,0.05291
1749264424,0.05202000,4105.00000000,0.05291
1749264424,0.05200000,355899.00000000,0.05291
1749264424,0.05196000,3743.00000000,0.05291
1749264424,0.05191000,939.00000000,0.05291
1749264424,0.05190000,1540331.00000000,0.05291
1749264424,0.05189000,3743.00000000,0.05291
1749264424,0.05185000,3858.00000000,0.05291
1749264424,0.05180000,115.00000000,0.05291
1749264424,0.05178000,3743.00000000,0.05291
1749264424,0.05175000,115.00000000,0.05291
1749264424,0.05170000,229.00000000,0.05291
1749264424,0.05160000,116.00000000,0.05291
1749264424,0.05150000,76263.00000000,0.05291
1749264424,0.05147000,117.00000000,0.05291
1749264424,0.05145000,116.00000000,0.05291
1749264424,0.05140000,116.00000000,0.05291
1749264424,0.05135000,116.00000000,0.05291
1749264424,0.05131000,91716.00000000,0.05291
1749264424,0.05130000,416060.00000000,0.05291
1749264424,0.05125000,117.00000000,0.05291
1749264424,0.05120000,117.00000000,0.05291
1749264424,0.05115000,117.00000000,0.05291
1749264424,0.05111000,643.00000000,0.05291
1749264424,0.05110000,117.00000000,0.05291
1749264424,0.05108000,446.00000000,0.05291
1749264424,0.05105000,117.00000000,0.05291
1749264424,0.05100000,3377.00000000,0.05291
1749264424,0.05095000,117.00000000,0.05291
1749264424,0.05093000,115.00000000,0.05291
1749264424,0.05090000,117.00000000,0.05291
1749264424,0.05085000,117.00000000,0.05291
1749264424,0.05080000,118.00000000,0.05291
1749264424,0.05077000,117.00000000,0.05291
1749264424,0.05075000,118.00000000,0.05291
1749264424,0.05070000,176.00000000,0.05291
1749264424,0.05055000,476653.00000000,0.05291
1749264726,0.05289000,19739.00000000,0.0529
1749264726,0.05288000,852.00000000,0.0529
1749264726,0.05287000,474.00000000,0.0529
1749264726,0.05286000,46221.00000000,0.0529
1749264726,0.05285000,19872.00000000,0.0529
1749264726,0.05284000,40053.00000000,0.0529
1749264726,0.05283000,2362.00000000,0.0529
1749264726,0.05282000,51109.00000000,0.0529
1749264726,0.05281000,55618.00000000,0.0529
1749264726,0.05280000,8530.00000000,0.0529
1749264726,0.05279000,7903.00000000,0.0529
1749264726,0.05278000,4202.00000000,0.0529
1749264726,0.05277000,9335.00000000,0.0529
1749264726,0.05275000,12682.00000000,0.0529
1749264726,0.05274000,3441.00000000,0.0529
1749264726,0.05273000,21046.00000000,0.0529
1749264726,0.05272000,1895.00000000,0.0529
1749264726,0.05271000,7444.00000000,0.0529
1749264726,0.05270000,385819.00000000,0.0529
1749264726,0.05269000,22632.00000000,0.0529
1749264726,0.05268000,5626.00000000,0.0529
1749264726,0.05267000,11451.00000000,0.0529
1749264726,0.05266000,249464.00000000,0.0529
1749264726,0.05265000,7444.00000000,0.0529
1749264726,0.05264000,13545.00000000,0.0529
1749264726,0.05263000,7444.00000000,0.0529
1749264726,0.05262000,13985.00000000,0.0529
1749264726,0.05261000,7444.00000000,0.0529
1749264726,0.05260000,36263.00000000,0.0529
1749264726,0.05259000,7444.00000000,0.0529
1749264726,0.05258000,41966.00000000,0.0529
1749264726,0.05257000,1887.00000000,0.0529
1749264726,0.05256000,7444.00000000,0.0529
1749264726,0.05255000,9331.00000000,0.0529
1749264726,0.05254000,3743.00000000,0.0529
1749264726,0.05253000,1888.00000000,0.0529
1749264726,0.05252000,264612.00000000,0.0529
1749264726,0.05251000,1008.00000000,0.0529
1749264726,0.05250000,11187.00000000,0.0529
1749264726,0.05249000,569312.00000000,0.0529
1749264726,0.05248000,7444.00000000,0.0529
1749264726,0.05246000,247583.00000000,0.0529
1749264726,0.05245000,3743.00000000,0.0529
1749264726,0.05243000,7444.00000000,0.0529
1749264726,0.05241000,11187.00000000,0.0529
1749264726,0.05240000,726.00000000,0.0529
1749264726,0.05236000,7444.00000000,0.0529
1749264726,0.05235000,3857.00000000,0.0529
1749264726,0.05234000,7444.00000000,0.0529
1749264726,0.05232000,2841.00000000,0.0529
1749264726,0.05230000,114.00000000,0.0529
1749264726,0.05229000,7444.00000000,0.0529
1749264726,0.05228000,3743.00000000,0.0529
1749264726,0.05227000,7444.00000000,0.0529
1749264726,0.05225000,114.00000000,0.0529
1749264726,0.05222000,7444.00000000,0.0529
1749264726,0.05221000,3743.00000000,0.0529
1749264726,0.05220000,44685.00000000,0.0529
1749264726,0.05219000,2269808.00000000,0.0529
1749264726,0.05214000,3743.00000000,0.0529
1749264726,0.05210000,115.00000000,0.0529
1749264726,0.05208000,288.00000000,0.0529
1749264726,0.05207000,4883.00000000,0.0529
1749264726,0.05206000,41360.00000000,0.0529
1749264726,0.05202000,5812.00000000,0.0529
1749264726,0.05201000,1536870.00000000,0.0529
1749264726,0.05200000,355899.00000000,0.0529
1749264726,0.05196000,3743.00000000,0.0529
1749264726,0.05190000,115.00000000,0.0529
1749264726,0.05189000,3743.00000000,0.0529
1749264726,0.05185000,3858.00000000,0.0529
1749264726,0.05180000,115.00000000,0.0529
1749264726,0.05178000,3743.00000000,0.0529
1749264726,0.05175000,115.00000000,0.0529
1749264726,0.05170000,229.00000000,0.0529
1749264726,0.05160000,116.00000000,0.0529
1749264726,0.05150000,76263.00000000,0.0529
1749264726,0.05145000,116.00000000,0.0529
1749264726,0.05140000,116.00000000,0.0529
1749264726,0.05135000,116.00000000,0.0529
1749264726,0.05131000,91716.00000000,0.0529
1749264726,0.05130000,416060.00000000,0.0529
1749264726,0.05125000,117.00000000,0.0529
1749264726,0.05120000,117.00000000,0.0529
1749264726,0.05115000,117.00000000,0.0529
1749264726,0.05111000,643.00000000,0.0529
1749264726,0.05110000,117.00000000,0.0529
1749264726,0.05108000,446.00000000,0.0529
1749264726,0.05105000,117.00000000,0.0529
1749264726,0.05100000,3377.00000000,0.0529
1749264726,0.05095000,117.00000000,0.0529
1749264726,0.05093000,115.00000000,0.0529
1749264726,0.05090000,117.00000000,0.0529
1749264726,0.05085000,117.00000000,0.0529
1749264726,0.05080000,118.00000000,0.0529
1749264726,0.05077000,117.00000000,0.0529
1749264726,0.05075000,118.00000000,0.0529
1749264726,0.05070000,176.00000000,0.0529
1749264726,0.05055000,476653.00000000,0.0529
1749264726,0.05050000,1980.00000000,0.0529
1749265028,0.05322000,376.00000000,0.05324
1749265028,0.05321000,818.00000000,0.05324
1749265028,0.05320000,2470.00000000,0.05324
1749265028,0.05319000,1214.00000000,0.05324
1749265028,0.05318000,20640.00000000,0.05324
1749265028,0.05317000,9919.00000000,0.05324
1749265028,0.05316000,24292.00000000,0.05324
1749265028,0.05315000,7925.00000000,0.05324
1749265028,0.05314000,20413.00000000,0.05324
1749265028,0.05313000,37760.00000000,0.05324
1749265028,0.05312000,70277.00000000,0.05324
1749265028,0.05311000,28639.00000000,0.05324
1749265028,0.05310000,19959.00000000,0.05324
1749265028,0.05309000,387610.00000000,0.05324
1749265028,0.05308000,11163.00000000,0.05324
1749265028,0.05307000,18763.00000000,0.05324
1749265028,0.05306000,476.00000000,0.05324
1749265028,0.05305000,4245.00000000,0.05324
1749265028,0.05304000,250975.00000000,0.05324
1749265028,0.05303000,7540.00000000,0.05324
1749265028,0.05302000,9328.00000000,0.05324
1749265028,0.05301000,18690.00000000,0.05324
1749265028,0.05300000,6627.00000000,0.05324
1749265028,0.05299000,19292.00000000,0.05324
1749265028,0.05298000,9328.00000000,0.05324
1749265028,0.05296000,8194.00000000,0.05324
1749265028,0.05295000,11187.00000000,0.05324
1749265028,0.05294000,45222.00000000,0.05324
1749265028,0.05293000,1982.00000000,0.05324
1749265028,0.05292000,1888.00000000,0.05324
1749265028,0.05291000,16529.00000000,0.05324
1749265028,0.05290000,11187.00000000,0.05324
1749265028,0.05289000,18405.00000000,0.05324
1749265028,0.05287000,9333.00000000,0.05324
1749265028,0.05286000,260089.00000000,0.05324
1749265028,0.05285000,563866.00000000,0.05324
1749265028,0.05283000,255390.00000000,0.05324
1749265028,0.05282000,11187.00000000,0.05324
1749265028,0.05280000,1877.00000000,0.05324
1749265028,0.05279000,7444.00000000,0.05324
1749265028,0.05278000,3743.00000000,0.05324
1749265028,0.05277000,7444.00000000,0.05324
1749265028,0.05275000,7444.00000000,0.05324
1749265028,0.05273000,11283.00000000,0.05324
1749265028,0.05271000,7444.00000000,0.05324
1749265028,0.05269000,7444.00000000,0.05324
1749265028,0.05268000,3743.00000000,0.05324
1749265028,0.05267000,7444.00000000,0.05324
1749265028,0.05265000,7444.00000000,0.05324
1749265028,0.05264000,3743.00000000,0.05324
1749265028,0.05263000,7444.00000000,0.05324
1749265028,0.05262000,190.00000000,0.05324
1749265028,0.05261000,7444.00000000,0.05324
1749265028,0.05260000,34376.00000000,0.05324
1749265028,0.05259000,7444.00000000,0.05324
1749265028,0.05258000,2256790.00000000,0.05324
1749265028,0.05256000,7444.00000000,0.05324
1749265028,0.05255000,7444.00000000,0.05324
1749265028,0.05254000,3743.00000000,0.05324
1749265028,0.05251000,1008.00000000,0.05324
1749265028,0.05250000,3743.00000000,0.05324
1749265028,0.05245000,3743.00000000,0.05324
1749265028,0.05241000,3743.00000000,0.05324
1749265028,0.05240000,726.00000000,0.05324
1749265028,0.05239000,44571.00000000,0.05324
1749265028,0.05238000,41334.00000000,0.05324
1749265028,0.05235000,3857.00000000,0.05324
1749265028,0.05232000,2841.00000000,0.05324
1749265028,0.05230000,114.00000000,0.05324
1749265028,0.05228000,3743.00000000,0.05324
1749265028,0.05225000,2557.00000000,0.05324
1749265028,0.05224000,1529934.00000000,0.05324
1749265028,0.05222000,341719.00000000,0.05324
1749265028,0.05221000,3743.00000000,0.05324
1749265028,0.05220000,114.00000000,0.05324
1749265028,0.05214000,3743.00000000,0.05324
1749265028,0.05210000,115.00000000,0.05324
1749265028,0.05208000,288.00000000,0.05324
1749265028,0.05207000,4883.00000000,0.05324
1749265028,0.05202000,5812.00000000,0.05324
1749265028,0.05200000,12922.00000000,0.05324
1749265028,0.05196000,3743.00000000,0.05324
1749265028,0.05190000,115.00000000,0.05324
1749265028,0.05189000,3743.00000000,0.05324
1749265028,0.05185000,3858.00000000,0.05324
1749265028,0.05180000,115.00000000,0.05324
1749265028,0.05178000,4708.00000000,0.05324
1749265028,0.05175000,115.00000000,0.05324
1749265028,0.05170000,229.00000000,0.05324
1749265028,0.05160000,116.00000000,0.05324
1749265028,0.05157000,90514.00000000,0.05324
1749265028,0.05156000,413956.00000000,0.05324
1749265028,0.05150000,76263.00000000,0.05324
1749265028,0.05145000,116.00000000,0.05324
1749265028,0.05140000,116.00000000,0.05324
1749265028,0.05135000,116.00000000,0.05324
1749265028,0.05131000,1202.00000000,0.05324
1749265028,0.05130000,214.00000000,0.05324
1749265028,0.05125000,117.00000000,0.05324
1749265028,0.05120000,117.00000000,0.05324
1749265329,0.05299000,14172.00000000,0.05299
1749265329,0.05298000,38330.00000000,0.05299
1749265329,0.05297000,602.00000000,0.05299
1749265329,0.05296000,22571.00000000,0.05299
1749265329,0.05295000,522.00000000,0.05299
1749265329,0.05294000,28858.00000000,0.05299
1749265329,0.05293000,17837.00000000,0.05299
1749265329,0.05292000,1248.00000000,0.05299
1749265329,0.05291000,2508.00000000,0.05299
1749265329,0.05290000,11187.00000000,0.05299
1749265329,0.05289000,2413.00000000,0.05299
1749265329,0.05288000,597.00000000,0.05299
1749265329,0.05287000,9953.00000000,0.05299
1749265329,0.05286000,16438.00000000,0.05299
1749265329,0.05285000,522.00000000,0.05299
1749265329,0.05284000,596.00000000,0.05299
1749265329,0.05283000,10048.00000000,0.05299
1749265329,0.05282000,13067.00000000,0.05299
1749265329,0.05281000,399516.00000000,0.05299
1749265329,0.05280000,1878.00000000,0.05299
1749265329,0.05279000,13517.00000000,0.05299
1749265329,0.05278000,9850.00000000,0.05299
1749265329,0.05277000,11307.00000000,0.05299
1749265329,0.05276000,1975.00000000,0.05299
1749265329,0.05275000,257697.00000000,0.05299
1749265329,0.05274000,1976.00000000,0.05299
1749265329,0.05273000,23181.00000000,0.05299
1749265329,0.05272000,1881.00000000,0.05299
1749265329,0.05271000,7444.00000000,0.05299
1749265329,0.05269000,9326.00000000,0.05299
1749265329,0.05268000,326725.00000000,0.05299
1749265329,0.05267000,7444.00000000,0.05299
1749265329,0.05265000,9329.00000000,0.05299
1749265329,0.05264000,20393.00000000,0.05299
1749265329,0.05263000,9329.00000000,0.05299
1749265329,0.05262000,2076.00000000,0.05299
1749265329,0.05261000,572968.00000000,0.05299
1749265329,0.05259000,9329.00000000,0.05299
1749265329,0.05258000,3933.00000000,0.05299
1749265329,0.05257000,97.00000000,0.05299
1749265329,0.05256000,7444.00000000,0.05299
1749265329,0.05255000,7444.00000000,0.05299
1749265329,0.05254000,250953.00000000,0.05299
1749265329,0.05251000,1008.00000000,0.05299
1749265329,0.05250000,3743.00000000,0.05299
1749265329,0.05246000,190.00000000,0.05299
1749265329,0.05245000,3743.00000000,0.05299
1749265329,0.05244000,2443.00000000,0.05299
1749265329,0.05243000,2454.00000000,0.05299
1749265329,0.05241000,3743.00000000,0.05299
1749265329,0.05240000,726.00000000,0.05299
1749265329,0.05235000,3857.00000000,0.05299
1749265329,0.05232000,2262710.00000000,0.05299
1749265329,0.05230000,114.00000000,0.05299
1749265329,0.05228000,3743.00000000,0.05299
1749265329,0.05225000,1974.00000000,0.05299
1749265329,0.05224000,44571.00000000,0.05299
1749265329,0.05223000,41318.00000000,0.05299
1749265329,0.05221000,3743.00000000,0.05299
1749265329,0.05220000,114.00000000,0.05299
1749265329,0.05214000,3743.00000000,0.05299
1749265329,0.05211000,1533972.00000000,0.05299
1749265329,0.05210000,115.00000000,0.05299
1749265329,0.05208000,288.00000000,0.05299
1749265329,0.05207000,4883.00000000,0.05299
1749265329,0.05205000,342658.00000000,0.05299
1749265329,0.05202000,768.00000000,0.05299
1749265329,0.05200000,12922.00000000,0.05299
1749265329,0.05196000,3743.00000000,0.05299
1749265329,0.05190000,115.00000000,0.05299
1749265329,0.05189000,3743.00000000,0.05299
1749265329,0.05185000,3858.00000000,0.05299
1749265329,0.05180000,115.00000000,0.05299
1749265329,0.05178000,4708.00000000,0.05299
1749265329,0.05177000,3856.00000000,0.05299
1749265329,0.05175000,115.00000000,0.05299
1749265329,0.05170000,229.00000000,0.05299
1749265329,0.05160000,116.00000000,0.05299
1749265329,0.05157000,95622.00000000,0.05299
1749265329,0.05150000,76263.00000000,0.05299
1749265329,0.05145000,116.00000000,0.05299
1749265329,0.05140000,116.00000000,0.05299
1749265329,0.05135000,415585.00000000,0.05299
1749265329,0.05130000,214.00000000,0.05299
1749265329,0.05125000,117.00000000,0.05299
1749265329,0.05120000,117.00000000,0.05299
1749265329,0.05115000,117.00000000,0.05299
1749265329,0.05111000,643.00000000,0.05299
1749265329,0.05110000,117.00000000,0.05299
1749265329,0.05108000,446.00000000,0.05299
1749265329,0.05105000,117.00000000,0.05299
1749265329,0.05100000,3377.00000000,0.05299
1749265329,0.05095000,117.00000000,0.05299
1749265329,0.05093000,115.00000000,0.05299
1749265329,0.05090000,117.00000000,0.05299
1749265329,0.05085000,117.00000000,0.05299
1749265329,0.05080000,118.00000000,0.05299
1749265329,0.05077000,117.00000000,0.05299
1749265329,0.05075000,118.00000000,0.05299
1749265329,0.05070000,176.00000000,0.05299
1749265631,0.05300000,1548.00000000,0.05301
1749265631,0.05299000,981.00000000,0.05301
1749265631,0.05298000,5625.00000000,0.05301
1749265631,0.05297000,25010.00000000,0.05301
1749265631,0.05296000,524.00000000,0.05301
1749265631,0.05295000,19192.00000000,0.05301
1749265631,0.05294000,46738.00000000,0.05301
1749265631,0.05293000,18977.00000000,0.05301
1749265631,0.05292000,21695.00000000,0.05301
1749265631,0.05291000,45963.00000000,0.05301
1749265631,0.05290000,57130.00000000,0.05301
1749265631,0.05289000,602.00000000,0.05301
1749265631,0.05288000,1985.00000000,0.05301
1749265631,0.05287000,13551.00000000,0.05301
1749265631,0.05286000,14548.00000000,0.05301
1749265631,0.05285000,388963.00000000,0.05301
1749265631,0.05284000,4125.00000000,0.05301
1749265631,0.05283000,9526.00000000,0.05301
1749265631,0.05282000,26496.00000000,0.05301
1749265631,0.05281000,4955.00000000,0.05301
1749265631,0.05280000,247886.00000000,0.05301
1749265631,0.05279000,7444.00000000,0.05301
1749265631,0.05278000,9581.00000000,0.05301
1749265631,0.05277000,7444.00000000,0.05301
1749265631,0.05276000,2919.00000000,0.05301
1749265631,0.05275000,19444.00000000,0.05301
1749265631,0.05274000,1976.00000000,0.05301
1749265631,0.05273000,11283.00000000,0.05301
1749265631,0.05272000,1977.00000000,0.05301
1749265631,0.05271000,45382.00000000,0.05301
1749265631,0.05269000,25914.00000000,0.05301
1749265631,0.05268000,39713.00000000,0.05301
1749265631,0.05267000,9329.00000000,0.05301
1749265631,0.05266000,1884.00000000,0.05301
1749265631,0.05265000,7540.00000000,0.05301
1749265631,0.05264000,5630.00000000,0.05301
1749265631,0.05263000,7444.00000000,0.05301
1749265631,0.05262000,2171.00000000,0.05301
1749265631,0.05261000,7444.00000000,0.05301
1749265631,0.05259000,822337.00000000,0.05301
1749265631,0.05258000,3933.00000000,0.05301
1749265631,0.05257000,97.00000000,0.05301
1749265631,0.05256000,7444.00000000,0.05301
1749265631,0.05255000,7558.00000000,0.05301
1749265631,0.05254000,250953.00000000,0.05301
1749265631,0.05251000,1008.00000000,0.05301
1749265631,0.05250000,3743.00000000,0.05301
1749265631,0.05249000,7444.00000000,0.05301
1749265631,0.05248000,7444.00000000,0.05301
1749265631,0.05247000,101.00000000,0.05301
1749265631,0.05246000,190.00000000,0.05301
1749265631,0.05245000,3743.00000000,0.05301
1749265631,0.05242000,7444.00000000,0.05301
1749265631,0.05241000,3743.00000000,0.05301
1749265631,0.05240000,726.00000000,0.05301
1749265631,0.05235000,3857.00000000,0.05301
1749265631,0.05234000,2263205.00000000,0.05301
1749265631,0.05232000,44953.00000000,0.05301
1749265631,0.05231000,2460.00000000,0.05301
1749265631,0.05230000,114.00000000,0.05301
1749265631,0.05228000,3743.00000000,0.05301
1749265631,0.05227000,114.00000000,0.05301
1749265631,0.05225000,305.00000000,0.05301
1749265631,0.05223000,41318.00000000,0.05301
1749265631,0.05221000,3743.00000000,0.05301
1749265631,0.05220000,114.00000000,0.05301
1749265631,0.05215000,191.00000000,0.05301
1749265631,0.05214000,3743.00000000,0.05301
1749265631,0.05211000,3310.00000000,0.05301
1749265631,0.05210000,1534231.00000000,0.05301
1749265631,0.05208000,288.00000000,0.05301
1749265631,0.05207000,5075.00000000,0.05301
1749265631,0.05205000,342658.00000000,0.05301
1749265631,0.05202000,768.00000000,0.05301
1749265631,0.05200000,12922.00000000,0.05301
1749265631,0.05196000,3743.00000000,0.05301
1749265631,0.05190000,115.00000000,0.05301
1749265631,0.05189000,3743.00000000,0.05301
1749265631,0.05185000,3858.00000000,0.05301
1749265631,0.05180000,115.00000000,0.05301
1749265631,0.05178000,4708.00000000,0.05301
1749265631,0.05175000,3972.00000000,0.05301
1749265631,0.05170000,229.00000000,0.05301
1749265631,0.05160000,116.00000000,0.05301
1749265631,0.05151000,90514.00000000,0.05301
1749265631,0.05150000,76263.00000000,0.05301
1749265631,0.05145000,116.00000000,0.05301
1749265631,0.05140000,116.00000000,0.05301
1749265631,0.05136000,5006.00000000,0.05301
1749265631,0.05135000,415585.00000000,0.05301
1749265631,0.05131000,5836.00000000,0.05301
1749265631,0.05130000,214.00000000,0.05301
1749265631,0.05125000,117.00000000,0.05301
1749265631,0.05120000,117.00000000,0.05301
1749265631,0.05115000,117.00000000,0.05301
1749265631,0.05111000,643.00000000,0.05301
1749265631,0.05110000,117.00000000,0.05301
1749265631,0.05108000,446.00000000,0.05301
1749265631,0.05105000,117.00000000,0.05301
1749265631,0.05100000,3377.00000000,0.05301
1749265933,0.05316000,606.00000000,0.05317
1749265933,0.05315000,901.00000000,0.05317
1749265933,0.05314000,19561.00000000,0.05317
1749265933,0.05313000,4269.00000000,0.05317
1749265933,0.05312000,3203.00000000,0.05317
1749265933,0.05311000,38523.00000000,0.05317
1749265933,0.05310000,41829.00000000,0.05317
1749265933,0.05309000,51640.00000000,0.05317
1749265933,0.05308000,59106.00000000,0.05317
1749265933,0.05307000,7290.00000000,0.05317
1749265933,0.05306000,528.00000000,0.05317
1749265933,0.05305000,2500.00000000,0.05317
1749265933,0.05304000,47756.00000000,0.05317
1749265933,0.05303000,13169.00000000,0.05317
1749265933,0.05302000,2403.00000000,0.05317
1749265933,0.05301000,3909.00000000,0.05317
1749265933,0.05300000,10031.00000000,0.05317
1749265933,0.05299000,13554.00000000,0.05317
1749265933,0.05298000,2407.00000000,0.05317
1749265933,0.05297000,4670.00000000,0.05317
1749265933,0.05296000,247677.00000000,0.05317
1749265933,0.05295000,14984.00000000,0.05317
1749265933,0.05294000,12822.00000000,0.05317
1749265933,0.05293000,389917.00000000,0.05317
1749265933,0.05291000,9331.00000000,0.05317
1749265933,0.05290000,18141.00000000,0.05317
1749265933,0.05289000,192.00000000,0.05317
1749265933,0.05288000,6332.00000000,0.05317
1749265933,0.05287000,7540.00000000,0.05317
1749265933,0.05286000,23081.00000000,0.05317
1749265933,0.05285000,1985.00000000,0.05317
1749265933,0.05284000,96.00000000,0.05317
1749265933,0.05283000,9526.00000000,0.05317
1749265933,0.05282000,51020.00000000,0.05317
1749265933,0.05281000,16581.00000000,0.05317
1749265933,0.05280000,1976.00000000,0.05317
1749265933,0.05279000,7444.00000000,0.05317
1749265933,0.05278000,570080.00000000,0.05317
1749265933,0.05277000,7444.00000000,0.05317
1749265933,0.05276000,247274.00000000,0.05317
1749265933,0.05275000,7540.00000000,0.05317
1749265933,0.05274000,96.00000000,0.05317
1749265933,0.05273000,11283.00000000,0.05317
1749265933,0.05272000,96.00000000,0.05317
1749265933,0.05271000,7444.00000000,0.05317
1749265933,0.05270000,246584.00000000,0.05317
1749265933,0.05269000,7444.00000000,0.05317
1749265933,0.05268000,39713.00000000,0.05317
1749265933,0.05267000,7444.00000000,0.05317
1749265933,0.05265000,7540.00000000,0.05317
1749265933,0.05264000,3743.00000000,0.05317
1749265933,0.05263000,7444.00000000,0.05317
1749265933,0.05262000,286.00000000,0.05317
1749265933,0.05261000,7444.00000000,0.05317
1749265933,0.05260000,98.00000000,0.05317
1749265933,0.05259000,7444.00000000,0.05317
1749265933,0.05258000,3933.00000000,0.05317
1749265933,0.05257000,97.00000000,0.05317
1749265933,0.05256000,7444.00000000,0.05317
1749265933,0.05255000,7558.00000000,0.05317
1749265933,0.05254000,3743.00000000,0.05317
1749265933,0.05251000,1008.00000000,0.05317
1749265933,0.05250000,5388.00000000,0.05317
1749265933,0.05249000,7444.00000000,0.05317
1749265933,0.05248000,7444.00000000,0.05317
1749265933,0.05247000,101.00000000,0.05317
1749265933,0.05246000,190.00000000,0.05317
1749265933,0.05245000,2262539.00000000,0.05317
1749265933,0.05242000,52015.00000000,0.05317
1749265933,0.05241000,3743.00000000,0.05317
1749265933,0.05240000,726.00000000,0.05317
1749265933,0.05238000,41488.00000000,0.05317
1749265933,0.05235000,3857.00000000,0.05317
1749265933,0.05232000,382.00000000,0.05317
1749265933,0.05230000,114.00000000,0.05317
1749265933,0.05228000,3743.00000000,0.05317
1749265933,0.05227000,341467.00000000,0.05317
1749265933,0.05225000,305.00000000,0.05317
1749265933,0.05222000,1530654.00000000,0.05317
1749265933,0.05221000,3743.00000000,0.05317
1749265933,0.05220000,114.00000000,0.05317
1749265933,0.05215000,191.00000000,0.05317
1749265933,0.05214000,3743.00000000,0.05317
1749265933,0.05211000,4366.00000000,0.05317
1749265933,0.05210000,115.00000000,0.05317
1749265933,0.05208000,288.00000000,0.05317
1749265933,0.05207000,5075.00000000,0.05317
1749265933,0.05202000,768.00000000,0.05317
1749265933,0.05200000,12922.00000000,0.05317
1749265933,0.05196000,3743.00000000,0.05317
1749265933,0.05190000,115.00000000,0.05317
1749265933,0.05189000,3743.00000000,0.05317
1749265933,0.05185000,3858.00000000,0.05317
1749265933,0.05180000,115.00000000,0.05317
1749265933,0.05178000,4708.00000000,0.05317
1749265933,0.05175000,115.00000000,0.05317
1749265933,0.05170000,229.00000000,0.05317
1749265933,0.05160000,116.00000000,0.05317
1749265933,0.05151000,90514.00000000,0.05317
1749265933,0.05150000,76263.00000000,0.05317
1749266234,0.05333000,374.00000000,0.05335
1749266234,0.05332000,532.00000000,0.05335
1749266234,0.05331000,532.00000000,0.05335
1749266234,0.05330000,6195.00000000,0.05335
1749266234,0.05329000,1261.00000000,0.05335
1749266234,0.05328000,22143.00000000,0.05335
1749266234,0.05327000,533.00000000,0.05335
1749266234,0.05326000,19164.00000000,0.05335
1749266234,0.05325000,23411.00000000,0.05335
1749266234,0.05324000,13866.00000000,0.05335
1749266234,0.05323000,13760.00000000,0.05335
1749266234,0.05322000,30631.00000000,0.05335
1749266234,0.05321000,29439.00000000,0.05335
1749266234,0.05320000,1877.00000000,0.05335
1749266234,0.05319000,430.00000000,0.05335
1749266234,0.05318000,404307.00000000,0.05335
1749266234,0.05317000,12052.00000000,0.05335
1749266234,0.05316000,1877.00000000,0.05335
1749266234,0.05315000,244394.00000000,0.05335
1749266234,0.05314000,16765.00000000,0.05335
1749266234,0.05313000,3838.00000000,0.05335
1749266234,0.05312000,1879.00000000,0.05335
1749266234,0.05310000,1880.00000000,0.05335
1749266234,0.05309000,14984.00000000,0.05335
1749266234,0.05308000,16544.00000000,0.05335
1749266234,0.05307000,1881.00000000,0.05335
1749266234,0.05306000,46935.00000000,0.05335
1749266234,0.05305000,18459.00000000,0.05335
1749266234,0.05304000,9328.00000000,0.05335
1749266234,0.05303000,48991.00000000,0.05335
1749266234,0.05302000,1884.00000000,0.05335
1749266234,0.05301000,807435.00000000,0.05335
1749266234,0.05300000,9506.00000000,0.05335
1749266234,0.05299000,11187.00000000,0.05335
1749266234,0.05296000,1872.00000000,0.05335
1749266234,0.05295000,14984.00000000,0.05335
1749266234,0.05294000,3743.00000000,0.05335
1749266234,0.05293000,96.00000000,0.05335
1749266234,0.05291000,9318.00000000,0.05335
1749266234,0.05290000,256801.00000000,0.05335
1749266234,0.05289000,192.00000000,0.05335
1749266234,0.05288000,96.00000000,0.05335
1749266234,0.05287000,7540.00000000,0.05335
1749266234,0.05286000,11187.00000000,0.05335
1749266234,0.05285000,96.00000000,0.05335
1749266234,0.05284000,96.00000000,0.05335
1749266234,0.05283000,7636.00000000,0.05335
1749266234,0.05282000,11283.00000000,0.05335
1749266234,0.05281000,96.00000000,0.05335
1749266234,0.05280000,98.00000000,0.05335
1749266234,0.05279000,7444.00000000,0.05335
1749266234,0.05278000,3839.00000000,0.05335
1749266234,0.05277000,7444.00000000,0.05335
1749266234,0.05276000,96.00000000,0.05335
1749266234,0.05275000,9077.00000000,0.05335
1749266234,0.05274000,96.00000000,0.05335
1749266234,0.05273000,11283.00000000,0.05335
1749266234,0.05272000,96.00000000,0.05335
1749266234,0.05271000,7444.00000000,0.05335
1749266234,0.05270000,96.00000000,0.05335
1749266234,0.05268000,2291672.00000000,0.05335
1749266234,0.05265000,96.00000000,0.05335
1749266234,0.05264000,3743.00000000,0.05335
1749266234,0.05262000,286.00000000,0.05335
1749266234,0.05260000,98.00000000,0.05335
1749266234,0.05258000,3933.00000000,0.05335
1749266234,0.05257000,97.00000000,0.05335
1749266234,0.05255000,2562.00000000,0.05335
1749266234,0.05254000,3743.00000000,0.05335
1749266234,0.05251000,1008.00000000,0.05335
1749266234,0.05250000,56501.00000000,0.05335
1749266234,0.05249000,339933.00000000,0.05335
1749266234,0.05248000,1523202.00000000,0.05335
1749266234,0.05247000,101.00000000,0.05335
1749266234,0.05246000,190.00000000,0.05335
1749266234,0.05245000,3743.00000000,0.05335
1749266234,0.05241000,3743.00000000,0.05335
1749266234,0.05240000,726.00000000,0.05335
1749266234,0.05235000,3857.00000000,0.05335
1749266234,0.05234000,2836.00000000,0.05335
1749266234,0.05232000,382.00000000,0.05335
1749266234,0.05230000,114.00000000,0.05335
1749266234,0.05228000,3743.00000000,0.05335
1749266234,0.05227000,114.00000000,0.05335
1749266234,0.05225000,305.00000000,0.05335
1749266234,0.05221000,3743.00000000,0.05335
1749266234,0.05220000,114.00000000,0.05335
1749266234,0.05215000,4019.00000000,0.05335
1749266234,0.05214000,3743.00000000,0.05335
1749266234,0.05211000,1921.00000000,0.05335
1749266234,0.05210000,115.00000000,0.05335
1749266234,0.05208000,288.00000000,0.05335
1749266234,0.05207000,5075.00000000,0.05335
1749266234,0.05202000,768.00000000,0.05335
1749266234,0.05200000,12922.00000000,0.05335
1749266234,0.05196000,3743.00000000,0.05335
1749266234,0.05190000,115.00000000,0.05335
1749266234,0.05189000,3743.00000000,0.05335
1749266234,0.05185000,3858.00000000,0.05335
1749266234,0.05183000,90514.00000000,0.05335
1749266536,0.05314000,376.00000000,0.05317
1749266536,0.05313000,16982.00000000,0.05317
1749266536,0.05312000,1125.00000000,0.05317
1749266536,0.05311000,10231.00000000,0.05317
1749266536,0.05310000,25036.00000000,0.05317
1749266536,0.05309000,37300.00000000,0.05317
1749266536,0.05308000,24438.00000000,0.05317
1749266536,0.05307000,20094.00000000,0.05317
1749266536,0.05306000,39757.00000000,0.05317
1749266536,0.05305000,24242.00000000,0.05317
1749266536,0.05304000,9326.00000000,0.05317
1749266536,0.05303000,29863.00000000,0.05317
1749266536,0.05302000,1884.00000000,0.05317
1749266536,0.05301000,536.00000000,0.05317
1749266536,0.05300000,17141.00000000,0.05317
1749266536,0.05299000,18537.00000000,0.05317
1749266536,0.05297000,385416.00000000,0.05317
1749266536,0.05296000,10948.00000000,0.05317
1749266536,0.05295000,23016.00000000,0.05317
1749266536,0.05294000,3743.00000000,0.05317
1749266536,0.05293000,1971.00000000,0.05317
1749266536,0.05292000,7179.00000000,0.05317
1749266536,0.05291000,11469.00000000,0.05317
1749266536,0.05290000,256828.00000000,0.05317
1749266536,0.05289000,2067.00000000,0.05317
1749266536,0.05288000,96.00000000,0.05317
1749266536,0.05287000,21303.00000000,0.05317
1749266536,0.05286000,49019.00000000,0.05317
1749266536,0.05285000,96.00000000,0.05317
1749266536,0.05284000,96.00000000,0.05317
1749266536,0.05283000,9511.00000000,0.05317
1749266536,0.05282000,11283.00000000,0.05317
1749266536,0.05281000,1971.00000000,0.05317
1749266536,0.05280000,19547.00000000,0.05317
1749266536,0.05279000,255029.00000000,0.05317
1749266536,0.05278000,3839.00000000,0.05317
1749266536,0.05277000,9325.00000000,0.05317
1749266536,0.05276000,564300.00000000,0.05317
1749266536,0.05275000,9077.00000000,0.05317
1749266536,0.05274000,1975.00000000,0.05317
1749266536,0.05273000,11283.00000000,0.05317
1749266536,0.05272000,246445.00000000,0.05317
1749266536,0.05271000,7444.00000000,0.05317
1749266536,0.05270000,96.00000000,0.05317
1749266536,0.05269000,1881.00000000,0.05317
1749266536,0.05268000,3743.00000000,0.05317
1749266536,0.05265000,96.00000000,0.05317
1749266536,0.05264000,3743.00000000,0.05317
1749266536,0.05262000,286.00000000,0.05317
1749266536,0.05260000,98.00000000,0.05317
1749266536,0.05258000,3933.00000000,0.05317
1749266536,0.05257000,97.00000000,0.05317
1749266536,0.05255000,2562.00000000,0.05317
1749266536,0.05254000,3743.00000000,0.05317
1749266536,0.05252000,44571.00000000,0.05317
1749266536,0.05250000,11930.00000000,0.05317
1749266536,0.05249000,905.00000000,0.05317
1749266536,0.05247000,2257105.00000000,0.05317
1749266536,0.05246000,190.00000000,0.05317
1749266536,0.05245000,3743.00000000,0.05317
1749266536,0.05244000,951.00000000,0.05317
1749266536,0.05241000,3743.00000000,0.05317
1749266536,0.05240000,726.00000000,0.05317
1749266536,0.05237000,41807.00000000,0.05317
1749266536,0.05235000,3857.00000000,0.05317
1749266536,0.05233000,2681.00000000,0.05317
1749266536,0.05232000,341419.00000000,0.05317
1749266536,0.05230000,114.00000000,0.05317
1749266536,0.05228000,3743.00000000,0.05317
1749266536,0.05227000,114.00000000,0.05317
1749266536,0.05226000,1529502.00000000,0.05317
1749266536,0.05225000,305.00000000,0.05317
1749266536,0.05221000,3743.00000000,0.05317
1749266536,0.05220000,114.00000000,0.05317
1749266536,0.05215000,191.00000000,0.05317
1749266536,0.05214000,3743.00000000,0.05317
1749266536,0.05211000,1056.00000000,0.05317
1749266536,0.05210000,115.00000000,0.05317
1749266536,0.05208000,288.00000000,0.05317
1749266536,0.05207000,5075.00000000,0.05317
1749266536,0.05202000,768.00000000,0.05317
1749266536,0.05200000,12922.00000000,0.05317
1749266536,0.05196000,3743.00000000,0.05317
1749266536,0.05190000,115.00000000,0.05317
1749266536,0.05189000,7558.00000000,0.05317
1749266536,0.05185000,3858.00000000,0.05317
1749266536,0.05183000,90514.00000000,0.05317
1749266536,0.05180000,115.00000000,0.05317
1749266536,0.05178000,4708.00000000,0.05317
1749266536,0.05175000,115.00000000,0.05317
1749266536,0.05170000,229.00000000,0.05317
1749266536,0.05162000,234.00000000,0.05317
1749266536,0.05161000,413587.00000000,0.05317
1749266536,0.05160000,116.00000000,0.05317
1749266536,0.05151000,76824.00000000,0.05317
1749266536,0.05150000,116.00000000,0.05317
1749266536,0.05145000,116.00000000,0.05317
1749266536,0.05140000,116.00000000,0.05317
1749266536,0.05136000,3678.00000000,0.05317
1749266536,0.05135000,116.00000000,0.05317
1749266837,0.05329000,918.00000000,0.05328
1749266837,0.05328000,375.00000000,0.05328
1749266837,0.05327000,518.00000000,0.05328
1749266837,0.05326000,515.00000000,0.05328
1749266837,0.05325000,20165.00000000,0.05328
1749266837,0.05324000,29114.00000000,0.05328
1749266837,0.05323000,62576.00000000,0.05328
1749266837,0.05322000,20891.00000000,0.05328
1749266837,0.05321000,513.00000000,0.05328
1749266837,0.05320000,9854.00000000,0.05328
1749266837,0.05319000,29892.00000000,0.05328
1749266837,0.05318000,536.00000000,0.05328
1749266837,0.05317000,9836.00000000,0.05328
1749266837,0.05316000,9838.00000000,0.05328
1749266837,0.05315000,5417.00000000,0.05328
1749266837,0.05314000,1879.00000000,0.05328
1749266837,0.05313000,3385.00000000,0.05328
1749266837,0.05312000,394520.00000000,0.05328
1749266837,0.05311000,13067.00000000,0.05328
1749266837,0.05310000,96.00000000,0.05328
1749266837,0.05309000,2071.00000000,0.05328
1749266837,0.05308000,7444.00000000,0.05328
1749266837,0.05307000,257806.00000000,0.05328
1749266837,0.05306000,39757.00000000,0.05328
1749266837,0.05305000,13239.00000000,0.05328
1749266837,0.05304000,10263.00000000,0.05328
1749266837,0.05303000,15907.00000000,0.05328
1749266837,0.05302000,5729.00000000,0.05328
1749266837,0.05301000,4017.00000000,0.05328
1749266837,0.05300000,9506.00000000,0.05328
1749266837,0.05299000,11187.00000000,0.05328
1749266837,0.05297000,51502.00000000,0.05328
1749266837,0.05296000,250290.00000000,0.05328
1749266837,0.05295000,14984.00000000,0.05328
1749266837,0.05294000,5620.00000000,0.05328
1749266837,0.05293000,16925.00000000,0.05328
1749266837,0.05292000,1874.00000000,0.05328
1749266837,0.05291000,569944.00000000,0.05328
1749266837,0.05290000,11283.00000000,0.05328
1749266837,0.05289000,2069.00000000,0.05328
1749266837,0.05288000,96.00000000,0.05328
1749266837,0.05287000,7540.00000000,0.05328
1749266837,0.05286000,11187.00000000,0.05328
1749266837,0.05285000,1972.00000000,0.05328
1749266837,0.05284000,245913.00000000,0.05328
1749266837,0.05283000,7636.00000000,0.05328
1749266837,0.05282000,11283.00000000,0.05328
1749266837,0.05281000,96.00000000,0.05328
1749266837,0.05280000,1099.00000000,0.05328
1749266837,0.05279000,7444.00000000,0.05328
1749266837,0.05278000,3839.00000000,0.05328
1749266837,0.05277000,7444.00000000,0.05328
1749266837,0.05276000,96.00000000,0.05328
1749266837,0.05275000,9077.00000000,0.05328
1749266837,0.05274000,96.00000000,0.05328
1749266837,0.05273000,11283.00000000,0.05328
1749266837,0.05272000,96.00000000,0.05328
1749266837,0.05271000,7444.00000000,0.05328
1749266837,0.05270000,96.00000000,0.05328
1749266837,0.05268000,3743.00000000,0.05328
1749266837,0.05265000,96.00000000,0.05328
1749266837,0.05264000,3743.00000000,0.05328
1749266837,0.05262000,286.00000000,0.05328
1749266837,0.05261000,2250827.00000000,0.05328
1749266837,0.05260000,44669.00000000,0.05328
1749266837,0.05258000,3933.00000000,0.05328
1749266837,0.05257000,97.00000000,0.05328
1749266837,0.05255000,2562.00000000,0.05328
1749266837,0.05254000,3743.00000000,0.05328
1749266837,0.05253000,42085.00000000,0.05328
1749266837,0.05250000,11930.00000000,0.05328
1749266837,0.05247000,101.00000000,0.05328
1749266837,0.05246000,190.00000000,0.05328
1749266837,0.05245000,3743.00000000,0.05328
1749266837,0.05241000,8363.00000000,0.05328
1749266837,0.05240000,1526070.00000000,0.05328
1749266837,0.05235000,3857.00000000,0.05328
1749266837,0.05232000,341419.00000000,0.05328
1749266837,0.05230000,114.00000000,0.05328
1749266837,0.05228000,3743.00000000,0.05328
1749266837,0.05227000,114.00000000,0.05328
1749266837,0.05225000,305.00000000,0.05328
1749266837,0.05221000,3743.00000000,0.05328
1749266837,0.05220000,114.00000000,0.05328
1749266837,0.05215000,191.00000000,0.05328
1749266837,0.05214000,3743.00000000,0.05328
1749266837,0.05210000,115.00000000,0.05328
1749266837,0.05208000,288.00000000,0.05328
1749266837,0.05207000,5075.00000000,0.05328
1749266837,0.05202000,768.00000000,0.05328
1749266837,0.05200000,12922.00000000,0.05328
1749266837,0.05196000,3743.00000000,0.05328
1749266837,0.05190000,115.00000000,0.05328
1749266837,0.05189000,3743.00000000,0.05328
1749266837,0.05185000,3858.00000000,0.05328
1749266837,0.05180000,115.00000000,0.05328
1749266837,0.05178000,4708.00000000,0.05328
1749266837,0.05175000,115.00000000,0.05328
1749266837,0.05170000,229.00000000,0.05328
1749266837,0.05162000,90748.00000000,0.05328
1749267139,0.05310000,376.00000000,0.05309
1749267139,0.05309000,2211.00000000,0.05309
1749267139,0.05308000,17644.00000000,0.05309
1749267139,0.05307000,27781.00000000,0.05309
1749267139,0.05306000,24000.00000000,0.05309
1749267139,0.05305000,15655.00000000,0.05309
1749267139,0.05304000,26259.00000000,0.05309
1749267139,0.05303000,38347.00000000,0.05309
1749267139,0.05301000,2366.00000000,0.05309
1749267139,0.05300000,53088.00000000,0.05309
1749267139,0.05299000,11187.00000000,0.05309
1749267139,0.05298000,1964.00000000,0.05309
1749267139,0.05297000,7340.00000000,0.05309
1749267139,0.05296000,5326.00000000,0.05309
1749267139,0.05295000,14984.00000000,0.05309
1749267139,0.05294000,9613.00000000,0.05309
1749267139,0.05293000,602.00000000,0.05309
1749267139,0.05292000,401075.00000000,0.05309
1749267139,0.05291000,7444.00000000,0.05309
1749267139,0.05290000,11283.00000000,0.05309
1749267139,0.05289000,3008.00000000,0.05309
1749267139,0.05288000,251463.00000000,0.05309
1749267139,0.05287000,7540.00000000,0.05309
1749267139,0.05286000,15701.00000000,0.05309
1749267139,0.05285000,6002.00000000,0.05309
1749267139,0.05284000,96.00000000,0.05309
1749267139,0.05283000,47371.00000000,0.05309
1749267139,0.05282000,11283.00000000,0.05309
1749267139,0.05281000,1976.00000000,0.05309
1749267139,0.05280000,31425.00000000,0.05309
1749267139,0.05279000,7444.00000000,0.05309
1749267139,0.05278000,5717.00000000,0.05309
1749267139,0.05277000,256944.00000000,0.05309
1749267139,0.05276000,96.00000000,0.05309
1749267139,0.05275000,9077.00000000,0.05309
1749267139,0.05274000,96.00000000,0.05309
1749267139,0.05273000,11283.00000000,0.05309
1749267139,0.05272000,1978.00000000,0.05309
1749267139,0.05271000,571570.00000000,0.05309
1749267139,0.05270000,96.00000000,0.05309
1749267139,0.05269000,1880.00000000,0.05309
1749267139,0.05268000,3743.00000000,0.05309
1749267139,0.05267000,248508.00000000,0.05309
1749267139,0.05266000,7444.00000000,0.05309
1749267139,0.05265000,96.00000000,0.05309
1749267139,0.05264000,3743.00000000,0.05309
1749267139,0.05262000,286.00000000,0.05309
1749267139,0.05260000,98.00000000,0.05309
1749267139,0.05258000,3933.00000000,0.05309
1749267139,0.05257000,97.00000000,0.05309
1749267139,0.05255000,114.00000000,0.05309
1749267139,0.05254000,3743.00000000,0.05309
1749267139,0.05250000,11930.00000000,0.05309
1749267139,0.05247000,101.00000000,0.05309
1749267139,0.05246000,190.00000000,0.05309
1749267139,0.05245000,3743.00000000,0.05309
1749267139,0.05241000,4685.00000000,0.05309
1749267139,0.05240000,2258288.00000000,0.05309
1749267139,0.05239000,44571.00000000,0.05309
1749267139,0.05238000,42376.00000000,0.05309
1749267139,0.05235000,3857.00000000,0.05309
1749267139,0.05233000,2680.00000000,0.05309
1749267139,0.05232000,341419.00000000,0.05309
1749267139,0.05230000,1051.00000000,0.05309
1749267139,0.05228000,3743.00000000,0.05309
1749267139,0.05227000,114.00000000,0.05309
1749267139,0.05225000,305.00000000,0.05309
1749267139,0.05221000,3743.00000000,0.05309
1749267139,0.05220000,114.00000000,0.05309
1749267139,0.05218000,1531806.00000000,0.05309
1749267139,0.05215000,191.00000000,0.05309
1749267139,0.05214000,3743.00000000,0.05309
1749267139,0.05210000,115.00000000,0.05309
1749267139,0.05208000,288.00000000,0.05309
1749267139,0.05207000,5075.00000000,0.05309
1749267139,0.05202000,768.00000000,0.05309
1749267139,0.05200000,12922.00000000,0.05309
1749267139,0.05199000,3840.00000000,0.05309
1749267139,0.05196000,3743.00000000,0.05309
1749267139,0.05190000,115.00000000,0.05309
1749267139,0.05189000,3743.00000000,0.05309
1749267139,0.05185000,3858.00000000,0.05309
1749267139,0.05180000,115.00000000,0.05309
1749267139,0.05178000,4708.00000000,0.05309
1749267139,0.05175000,115.00000000,0.05309
1749267139,0.05170000,229.00000000,0.05309
1749267139,0.05162000,95000.00000000,0.05309
1749267139,0.05161000,413587.00000000,0.05309
1749267139,0.05160000,116.00000000,0.05309
1749267139,0.05151000,76824.00000000,0.05309
1749267139,0.05150000,116.00000000,0.05309
1749267139,0.05145000,116.00000000,0.05309
1749267139,0.05140000,116.00000000,0.05309
1749267139,0.05136000,868.00000000,0.05309
1749267139,0.05135000,116.00000000,0.05309
1749267139,0.05130000,214.00000000,0.05309
1749267139,0.05125000,117.00000000,0.05309
1749267139,0.05120000,117.00000000,0.05309
1749267139,0.05115000,117.00000000,0.05309
1749267139,0.05111000,643.00000000,0.05309
1749267440,0.05322000,1382.00000000,0.05323
1749267440,0.05321000,4204.00000000,0.05323
1749267440,0.05320000,464.00000000,0.05323
1749267440,0.05319000,4203.00000000,0.05323
1749267440,0.05318000,22929.00000000,0.05323
1749267440,0.05317000,1196.00000000,0.05323
1749267440,0.05316000,2343.00000000,0.05323
1749267440,0.05315000,70570.00000000,0.05323
1749267440,0.05314000,21006.00000000,0.05323
1749267440,0.05313000,21995.00000000,0.05323
1749267440,0.05312000,2490.00000000,0.05323
1749267440,0.05311000,2374.00000000,0.05323
1749267440,0.05310000,29173.00000000,0.05323
1749267440,0.05309000,70928.00000000,0.05323
1749267440,0.05308000,9959.00000000,0.05323
1749267440,0.05307000,2227.00000000,0.05323
1749267440,0.05306000,2417.00000000,0.05323
1749267440,0.05305000,11021.00000000,0.05323
1749267440,0.05304000,17190.00000000,0.05323
1749267440,0.05303000,387432.00000000,0.05323
1749267440,0.05302000,1883.00000000,0.05323
