timestamp,price,volume,current_price
1749254595,0.05330000,375.00000000,0.05331
1749254595,0.05329000,297.00000000,0.05331
1749254595,0.05328000,2334.00000000,0.05331
1749254595,0.05327000,1231.00000000,0.05331
1749254595,0.05326000,2385.00000000,0.05331
1749254595,0.05325000,4222.00000000,0.05331
1749254595,0.05324000,26049.00000000,0.05331
1749254595,0.05323000,61226.00000000,0.05331
1749254595,0.05322000,40978.00000000,0.05331
1749254595,0.05321000,42960.00000000,0.05331
1749254595,0.05320000,38398.00000000,0.05331
1749254595,0.05319000,38475.00000000,0.05331
1749254595,0.05318000,420347.00000000,0.05331
1749254595,0.05317000,43366.00000000,0.05331
1749254595,0.05315000,27282.00000000,0.05331
1749254595,0.05314000,25358.00000000,0.05331
1749254595,0.05313000,7192.00000000,0.05331
1749254595,0.05312000,12608.00000000,0.05331
1749254595,0.05311000,246477.00000000,0.05331
1749254595,0.05310000,7444.00000000,0.05331
1749254595,0.05309000,9325.00000000,0.05331
1749254595,0.05308000,5625.00000000,0.05331
1749254595,0.05306000,18713.00000000,0.05331
1749254595,0.05305000,9612.00000000,0.05331
1749254595,0.05304000,21059.00000000,0.05331
1749254595,0.05303000,7583.00000000,0.05331
1749254595,0.05302000,9316.00000000,0.05331
1749254595,0.05301000,9067.00000000,0.05331
1749254595,0.05300000,9687.00000000,0.05331
1749254595,0.05299000,45496.00000000,0.05331
1749254595,0.05298000,562086.00000000,0.05331
1749254595,0.05297000,9317.00000000,0.05331
1749254595,0.05296000,1875.00000000,0.05331
1749254595,0.05295000,3555.00000000,0.05331
1749254595,0.05294000,13970.00000000,0.05331
1749254595,0.05292000,1874.00000000,0.05331
1749254595,0.05291000,254013.00000000,0.05331
1749254595,0.05290000,15780.00000000,0.05331
1749254595,0.05286000,7444.00000000,0.05331
1749254595,0.05285000,253235.00000000,0.05331
1749254595,0.05283000,3555.00000000,0.05331
1749254595,0.05280000,113.00000000,0.05331
1749254595,0.05279000,7444.00000000,0.05331
1749254595,0.05278000,7444.00000000,0.05331
1749254595,0.05276000,3555.00000000,0.05331
1749254595,0.05273000,1001.00000000,0.05331
1749254595,0.05272000,7444.00000000,0.05331
1749254595,0.05271000,7444.00000000,0.05331
1749254595,0.05270000,113.00000000,0.05331
1749254595,0.05269000,3743.00000000,0.05331
1749254595,0.05268000,2442.00000000,0.05331
1749254595,0.05266000,2248475.00000000,0.05331
1749254595,0.05265000,7444.00000000,0.05331
1749254595,0.05264000,7444.00000000,0.05331
1749254595,0.05262000,3743.00000000,0.05331
1749254595,0.05260000,62390.00000000,0.05331
1749254595,0.05258000,7444.00000000,0.05331
1749254595,0.05256000,3743.00000000,0.05331
1749254595,0.05254000,2854.00000000,0.05331
1749254595,0.05250000,114.00000000,0.05331
1749254595,0.05249000,4033.00000000,0.05331
1749254595,0.05248000,44571.00000000,0.05331
1749254595,0.05247000,340066.00000000,0.05331
1749254595,0.05242000,3743.00000000,0.05331
1749254595,0.05240000,1526192.00000000,0.05331
1749254595,0.05235000,3857.00000000,0.05331
1749254595,0.05230000,114.00000000,0.05331
1749254595,0.05228000,3743.00000000,0.05331
1749254595,0.05225000,114.00000000,0.05331
1749254595,0.05220000,114.00000000,0.05331
1749254595,0.05210000,115.00000000,0.05331
1749254595,0.05207000,1140.00000000,0.05331
1749254595,0.05200000,9371.00000000,0.05331
1749254595,0.05190000,115.00000000,0.05331
1749254595,0.05188000,2409.00000000,0.05331
1749254595,0.05185000,115.00000000,0.05331
1749254595,0.05180000,90629.00000000,0.05331
1749254595,0.05179000,412062.00000000,0.05331
1749254595,0.05176000,77507.00000000,0.05331
1749254595,0.05175000,115.00000000,0.05331
1749254595,0.05170000,229.00000000,0.05331
1749254595,0.05160000,116.00000000,0.05331
1749254595,0.05150000,116.00000000,0.05331
1749254595,0.05145000,116.00000000,0.05331
1749254595,0.05140000,116.00000000,0.05331
1749254595,0.05135000,116.00000000,0.05331
1749254595,0.05130000,214.00000000,0.05331
1749254595,0.05125000,117.00000000,0.05331
1749254595,0.05120000,117.00000000,0.05331
1749254595,0.05115000,117.00000000,0.05331
1749254595,0.05111000,643.00000000,0.05331
1749254595,0.05110000,117.00000000,0.05331
1749254595,0.05108000,446.00000000,0.05331
1749254595,0.05105000,117.00000000,0.05331
1749254595,0.05100000,3377.00000000,0.05331
1749254595,0.05095000,117.00000000,0.05331
1749254595,0.05093000,115.00000000,0.05331
1749254595,0.05090000,117.00000000,0.05331
1749254595,0.05087000,473740.00000000,0.05331
1749254595,0.05085000,117.00000000,0.05331
1749254897,0.05330000,375.00000000,0.05326
1749254897,0.05329000,1869.00000000,0.05326
1749254897,0.05327000,1876.00000000,0.05326
1749254897,0.05326000,53822.00000000,0.05326
1749254897,0.05325000,12285.00000000,0.05326
1749254897,0.05324000,26049.00000000,0.05326
1749254897,0.05323000,7741.00000000,0.05326
1749254897,0.05322000,42167.00000000,0.05326
1749254897,0.05321000,57128.00000000,0.05326
1749254897,0.05320000,56124.00000000,0.05326
1749254897,0.05319000,37042.00000000,0.05326
1749254897,0.05318000,2352.00000000,0.05326
1749254897,0.05317000,27904.00000000,0.05326
1749254897,0.05315000,54905.00000000,0.05326
1749254897,0.05314000,7444.00000000,0.05326
1749254897,0.05313000,384456.00000000,0.05326
1749254897,0.05312000,3743.00000000,0.05326
1749254897,0.05311000,1880.00000000,0.05326
1749254897,0.05310000,252064.00000000,0.05326
1749254897,0.05309000,12352.00000000,0.05326
1749254897,0.05308000,5625.00000000,0.05326
1749254897,0.05307000,3973.00000000,0.05326
1749254897,0.05306000,5760.00000000,0.05326
1749254897,0.05305000,17169.00000000,0.05326
1749254897,0.05304000,18004.00000000,0.05326
1749254897,0.05303000,3743.00000000,0.05326
1749254897,0.05302000,13156.00000000,0.05326
1749254897,0.05301000,13080.00000000,0.05326
1749254897,0.05300000,26370.00000000,0.05326
1749254897,0.05299000,3743.00000000,0.05326
1749254897,0.05298000,4154.00000000,0.05326
1749254897,0.05297000,9317.00000000,0.05326
1749254897,0.05296000,39638.00000000,0.05326
1749254897,0.05295000,3555.00000000,0.05326
1749254897,0.05294000,13969.00000000,0.05326
1749254897,0.05292000,1877.00000000,0.05326
1749254897,0.05291000,816658.00000000,0.05326
1749254897,0.05290000,15780.00000000,0.05326
1749254897,0.05286000,7444.00000000,0.05326
1749254897,0.05285000,253235.00000000,0.05326
1749254897,0.05283000,3555.00000000,0.05326
1749254897,0.05280000,113.00000000,0.05326
1749254897,0.05279000,7444.00000000,0.05326
1749254897,0.05278000,7444.00000000,0.05326
1749254897,0.05276000,3555.00000000,0.05326
1749254897,0.05273000,1001.00000000,0.05326
1749254897,0.05272000,7444.00000000,0.05326
1749254897,0.05271000,7444.00000000,0.05326
1749254897,0.05270000,113.00000000,0.05326
1749254897,0.05269000,3743.00000000,0.05326
1749254897,0.05268000,2442.00000000,0.05326
1749254897,0.05266000,145.00000000,0.05326
1749254897,0.05265000,7444.00000000,0.05326
1749254897,0.05264000,2256807.00000000,0.05326
1749254897,0.05262000,48314.00000000,0.05326
1749254897,0.05260000,63252.00000000,0.05326
1749254897,0.05258000,7444.00000000,0.05326
1749254897,0.05256000,3743.00000000,0.05326
1749254897,0.05254000,2854.00000000,0.05326
1749254897,0.05250000,114.00000000,0.05326
1749254897,0.05249000,4033.00000000,0.05326
1749254897,0.05248000,2361.00000000,0.05326
1749254897,0.05247000,340066.00000000,0.05326
1749254897,0.05242000,3743.00000000,0.05326
1749254897,0.05240000,1526192.00000000,0.05326
1749254897,0.05235000,3857.00000000,0.05326
1749254897,0.05230000,114.00000000,0.05326
1749254897,0.05228000,3743.00000000,0.05326
1749254897,0.05225000,114.00000000,0.05326
1749254897,0.05220000,114.00000000,0.05326
1749254897,0.05210000,115.00000000,0.05326
1749254897,0.05207000,1140.00000000,0.05326
1749254897,0.05200000,9371.00000000,0.05326
1749254897,0.05190000,115.00000000,0.05326
1749254897,0.05188000,2409.00000000,0.05326
1749254897,0.05185000,115.00000000,0.05326
1749254897,0.05180000,92635.00000000,0.05326
1749254897,0.05179000,412062.00000000,0.05326
1749254897,0.05176000,77507.00000000,0.05326
1749254897,0.05175000,115.00000000,0.05326
1749254897,0.05170000,229.00000000,0.05326
1749254897,0.05160000,116.00000000,0.05326
1749254897,0.05150000,116.00000000,0.05326
1749254897,0.05145000,116.00000000,0.05326
1749254897,0.05140000,116.00000000,0.05326
1749254897,0.05135000,116.00000000,0.05326
1749254897,0.05130000,214.00000000,0.05326
1749254897,0.05125000,117.00000000,0.05326
1749254897,0.05120000,117.00000000,0.05326
1749254897,0.05115000,117.00000000,0.05326
1749254897,0.05111000,643.00000000,0.05326
1749254897,0.05110000,117.00000000,0.05326
1749254897,0.05108000,446.00000000,0.05326
1749254897,0.05105000,117.00000000,0.05326
1749254897,0.05100000,3377.00000000,0.05326
1749254897,0.05095000,117.00000000,0.05326
1749254897,0.05093000,115.00000000,0.05326
1749254897,0.05090000,117.00000000,0.05326
1749254897,0.05087000,473740.00000000,0.05326
1749254897,0.05085000,117.00000000,0.05326
