timestamp,price,volume,current_price
1749260824,15.70000000,51.22100000,15.7
1749260824,15.69000000,145.20100000,15.7
1749260824,15.68000000,376.86000000,15.7
1749260824,15.67000000,414.33500000,15.7
1749260824,15.66000000,384.06600000,15.7
1749260824,15.65000000,568.50700000,15.7
1749260824,15.64000000,63.85100000,15.7
1749260824,15.63000000,142.71700000,15.7
1749260824,15.62000000,250.74200000,15.7
1749260824,15.61000000,144.88900000,15.7
1749260824,15.60000000,51.05400000,15.7
1749260824,15.59000000,192.25800000,15.7
1749260824,15.58000000,36.70500000,15.7
1749260824,15.57000000,35.95900000,15.7
1749260824,15.56000000,47.79000000,15.7
1749260824,15.55000000,28.64100000,15.7
1749260824,15.54000000,38.65000000,15.7
1749260824,15.53000000,314.81000000,15.7
1749260824,15.52000000,14.85000000,15.7
1749260824,15.51000000,17.67900000,15.7
1749260824,15.50000000,4.96900000,15.7
1749260824,15.49000000,25.79200000,15.7
1749260824,15.48000000,53.97900000,15.7
1749260824,15.46000000,14.85000000,15.7
1749260824,15.45000000,260.90300000,15.7
1749260824,15.41000000,53.29700000,15.7
1749260824,15.40000000,15.27500000,15.7
1749260824,15.39000000,15.97100000,15.7
1749260824,15.38000000,1.94900000,15.7
1749260824,15.36000000,14.85000000,15.7
1749260824,15.35000000,22.02400000,15.7
1749260824,15.34000000,14.85000000,15.7
1749260824,15.33000000,17.48800000,15.7
1749260824,15.32000000,17.67900000,15.7
1749260824,15.31000000,15.51100000,15.7
1749260824,15.27000000,0.49900000,15.7
1749260824,15.23000000,14.85000000,15.7
1749260824,15.22000000,15.51100000,15.7
1749260824,15.21000000,14.85000000,15.7
1749260824,15.20000000,0.35900000,15.7
1749260824,15.19000000,0.39500000,15.7
1749260824,15.18000000,1.05500000,15.7
1749260824,15.17000000,0.36900000,15.7
1749260824,15.16000000,2.63800000,15.7
1749260824,15.15000000,16.27900000,15.7
1749260824,15.14000000,2.88700000,15.7
1749260824,15.13000000,18.35400000,15.7
1749260824,15.12000000,2.33600000,15.7
1749260824,15.09000000,67.20000000,15.7
1749260824,15.08000000,0.33200000,15.7
1749260824,15.06000000,0.66100000,15.7
1749260824,15.05000000,24.31900000,15.7
1749260824,15.01000000,13.85800000,15.7
1749260824,15.00000000,50.17800000,15.7
1749260824,14.99000000,13.38000000,15.7
1749260824,14.97000000,0.66100000,15.7
1749260824,14.96000000,59.98500000,15.7
1749260824,14.94000000,2.82900000,15.7
1749260824,14.93000000,0.47300000,15.7
1749260824,14.90000000,101.21900000,15.7
1749260824,14.89000000,0.66100000,15.7
1749260824,14.86000000,6.87000000,15.7
1749260824,14.85000000,1314.06000000,15.7
1749260824,14.84000000,212.62600000,15.7
1749260824,14.83000000,3.17100000,15.7
1749260824,14.81000000,0.66100000,15.7
1749260824,14.80000000,11.18400000,15.7
1749260824,14.78000000,2.33600000,15.7
1749260824,14.76000000,3.35900000,15.7
1749260824,14.75000000,6.67200000,15.7
1749260824,14.73000000,0.66100000,15.7
1749260824,14.72000000,9.57900000,15.7
1749260824,14.71000000,0.76100000,15.7
1749260824,14.68000000,5.14300000,15.7
1749260824,14.67000000,4.09200000,15.7
1749260824,14.66000000,2.63800000,15.7
1749260824,14.65000000,42.60300000,15.7
1749260824,14.63000000,14.73100000,15.7
1749260824,14.62000000,0.39800000,15.7
1749260824,14.60000000,27.96600000,15.7
1749260824,14.58000000,1.09700000,15.7
1749260824,14.57000000,3.36700000,15.7
1749260824,14.56000000,16.24800000,15.7
1749260824,14.55000000,0.68800000,15.7
1749260824,14.53000000,0.42700000,15.7
1749260824,14.52000000,1.43500000,15.7
1749260824,14.51000000,33.61200000,15.7
1749260824,14.50000000,315.33200000,15.7
1749260824,14.49000000,2.63800000,15.7
1749260824,14.48000000,1.06700000,15.7
1749260824,14.47000000,1.29600000,15.7
1749260824,14.46000000,0.45300000,15.7
1749260824,14.44000000,32.10100000,15.7
1749260824,14.43000000,8.84300000,15.7
1749260824,14.42000000,1.55700000,15.7
1749260824,14.40000000,43.41600000,15.7
1749260824,14.39000000,2.82900000,15.7
1749260824,14.37000000,11.84200000,15.7
1749260824,14.36000000,20.89100000,15.7
1749260824,14.34000000,2.46300000,15.7
1749261145,15.69000000,20.67200000,15.7
1749261145,15.68000000,214.39200000,15.7
1749261145,15.67000000,405.93000000,15.7
1749261145,15.66000000,317.03500000,15.7
1749261145,15.65000000,693.15700000,15.7
1749261145,15.64000000,342.84400000,15.7
1749261145,15.63000000,156.72900000,15.7
1749261145,15.62000000,118.94700000,15.7
1749261145,15.61000000,125.63300000,15.7
1749261145,15.60000000,66.88500000,15.7
1749261145,15.59000000,54.39100000,15.7
1749261145,15.58000000,36.71600000,15.7
1749261145,15.57000000,220.30400000,15.7
1749261145,15.56000000,31.92000000,15.7
1749261145,15.55000000,11.57100000,15.7
1749261145,15.54000000,60.88300000,15.7
1749261145,15.53000000,323.09600000,15.7
1749261145,15.52000000,14.85000000,15.7
1749261145,15.51000000,17.67900000,15.7
1749261145,15.50000000,4.96900000,15.7
1749261145,15.49000000,17.48800000,15.7
1749261145,15.48000000,14.50100000,15.7
1749261145,15.45000000,315.53700000,15.7
1749261145,15.42000000,39.63100000,15.7
1749261145,15.41000000,13.64000000,15.7
1749261145,15.40000000,15.27500000,15.7
1749261145,15.39000000,15.97100000,15.7
1749261145,15.38000000,1.94900000,15.7
1749261145,15.36000000,14.85000000,15.7
1749261145,15.35000000,22.02400000,15.7
1749261145,15.34000000,14.85000000,15.7
1749261145,15.33000000,17.48800000,15.7
1749261145,15.32000000,17.67900000,15.7
1749261145,15.31000000,15.51100000,15.7
1749261145,15.27000000,0.49900000,15.7
1749261145,15.23000000,14.85000000,15.7
1749261145,15.22000000,15.51100000,15.7
1749261145,15.21000000,14.85000000,15.7
1749261145,15.20000000,0.35900000,15.7
1749261145,15.19000000,0.39500000,15.7
1749261145,15.18000000,1.05500000,15.7
1749261145,15.17000000,0.36900000,15.7
1749261145,15.16000000,2.63800000,15.7
1749261145,15.15000000,16.27900000,15.7
1749261145,15.14000000,2.88700000,15.7
1749261145,15.13000000,3.50400000,15.7
1749261145,15.12000000,2.33600000,15.7
1749261145,15.09000000,67.20000000,15.7
1749261145,15.08000000,0.33200000,15.7
1749261145,15.06000000,0.66100000,15.7
1749261145,15.05000000,24.31900000,15.7
1749261145,15.01000000,13.85800000,15.7
1749261145,15.00000000,50.17800000,15.7
1749261145,14.99000000,13.38000000,15.7
1749261145,14.97000000,0.66100000,15.7
1749261145,14.96000000,59.98500000,15.7
1749261145,14.94000000,2.82900000,15.7
1749261145,14.90000000,101.21900000,15.7
1749261145,14.89000000,0.66100000,15.7
1749261145,14.86000000,7.46900000,15.7
1749261145,14.85000000,1314.06000000,15.7
1749261145,14.84000000,212.62600000,15.7
1749261145,14.83000000,3.17100000,15.7
1749261145,14.81000000,0.66100000,15.7
1749261145,14.80000000,11.18400000,15.7
1749261145,14.78000000,2.33600000,15.7
1749261145,14.76000000,3.35900000,15.7
1749261145,14.75000000,6.67200000,15.7
1749261145,14.73000000,0.66100000,15.7
1749261145,14.72000000,9.57900000,15.7
1749261145,14.71000000,0.76100000,15.7
1749261145,14.68000000,5.14300000,15.7
1749261145,14.67000000,4.09200000,15.7
1749261145,14.66000000,2.63800000,15.7
1749261145,14.65000000,42.60300000,15.7
1749261145,14.63000000,14.73100000,15.7
1749261145,14.62000000,0.39800000,15.7
1749261145,14.60000000,27.96600000,15.7
1749261145,14.58000000,1.09700000,15.7
1749261145,14.57000000,3.36700000,15.7
1749261145,14.56000000,16.24800000,15.7
1749261145,14.55000000,0.68800000,15.7
1749261145,14.53000000,0.42700000,15.7
1749261145,14.52000000,1.43500000,15.7
1749261145,14.51000000,33.61200000,15.7
1749261145,14.50000000,315.33200000,15.7
1749261145,14.49000000,2.63800000,15.7
1749261145,14.48000000,1.06700000,15.7
1749261145,14.47000000,1.29600000,15.7
1749261145,14.46000000,0.45300000,15.7
1749261145,14.44000000,32.10100000,15.7
1749261145,14.43000000,8.84300000,15.7
1749261145,14.42000000,1.55700000,15.7
1749261145,14.40000000,43.41600000,15.7
1749261145,14.39000000,2.82900000,15.7
1749261145,14.37000000,11.84200000,15.7
1749261145,14.36000000,20.89100000,15.7
1749261145,14.34000000,2.46300000,15.7
1749261145,14.33000000,36.94800000,15.7
1749261145,14.32000000,0.66100000,15.7
1749261456,15.68000000,22.54900000,15.69
1749261456,15.67000000,135.06000000,15.69
1749261456,15.66000000,384.31700000,15.69
1749261456,15.65000000,372.21900000,15.69
1749261456,15.64000000,598.73400000,15.69
1749261456,15.63000000,234.52800000,15.69
1749261456,15.62000000,240.12800000,15.69
1749261456,15.61000000,140.84700000,15.69
1749261456,15.60000000,65.09500000,15.69
1749261456,15.59000000,94.54000000,15.69
1749261456,15.58000000,36.71600000,15.69
1749261456,15.57000000,51.70000000,15.69
1749261456,15.56000000,66.94300000,15.69
1749261456,15.55000000,154.12400000,15.69
1749261456,15.54000000,19.85000000,15.69
1749261456,15.53000000,64.10300000,15.69
1749261456,15.52000000,16.55000000,15.69
1749261456,15.51000000,17.67900000,15.69
1749261456,15.50000000,4.96900000,15.69
1749261456,15.49000000,372.56300000,15.69
1749261456,15.48000000,22.81000000,15.69
1749261456,15.46000000,14.85000000,15.69
1749261456,15.45000000,275.98300000,15.69
1749261456,15.42000000,14.85000000,15.69
1749261456,15.41000000,53.29700000,15.69
1749261456,15.40000000,15.27500000,15.69
1749261456,15.39000000,15.97100000,15.69
1749261456,15.38000000,41.68400000,15.69
1749261456,15.36000000,14.85000000,15.69
1749261456,15.35000000,22.02400000,15.69
1749261456,15.34000000,14.85000000,15.69
1749261456,15.33000000,17.48800000,15.69
1749261456,15.32000000,17.67900000,15.69
1749261456,15.31000000,15.51100000,15.69
1749261456,15.27000000,0.49900000,15.69
1749261456,15.23000000,14.85000000,15.69
1749261456,15.22000000,15.51100000,15.69
1749261456,15.21000000,14.85000000,15.69
1749261456,15.20000000,0.35900000,15.69
1749261456,15.19000000,0.39500000,15.69
1749261456,15.18000000,1.05500000,15.69
1749261456,15.17000000,0.36900000,15.69
1749261456,15.16000000,2.63800000,15.69
1749261456,15.15000000,16.27900000,15.69
1749261456,15.14000000,2.88700000,15.69
1749261456,15.13000000,3.50400000,15.69
1749261456,15.12000000,2.33600000,15.69
1749261456,15.08000000,67.53200000,15.69
1749261456,15.06000000,0.66100000,15.69
1749261456,15.05000000,24.31900000,15.69
1749261456,15.01000000,13.85800000,15.69
1749261456,15.00000000,50.17800000,15.69
1749261456,14.99000000,13.38000000,15.69
1749261456,14.97000000,0.66100000,15.69
1749261456,14.96000000,59.98500000,15.69
1749261456,14.94000000,2.82900000,15.69
1749261456,14.90000000,101.21900000,15.69
1749261456,14.89000000,0.66100000,15.69
1749261456,14.86000000,7.46900000,15.69
1749261456,14.85000000,1314.06000000,15.69
1749261456,14.84000000,212.62600000,15.69
1749261456,14.83000000,3.17100000,15.69
1749261456,14.81000000,0.66100000,15.69
1749261456,14.80000000,11.18400000,15.69
1749261456,14.78000000,2.33600000,15.69
1749261456,14.76000000,3.35900000,15.69
1749261456,14.75000000,6.67200000,15.69
1749261456,14.73000000,0.66100000,15.69
1749261456,14.72000000,9.57900000,15.69
1749261456,14.71000000,0.76100000,15.69
1749261456,14.68000000,5.14300000,15.69
1749261456,14.67000000,4.09200000,15.69
1749261456,14.66000000,2.63800000,15.69
1749261456,14.65000000,42.60300000,15.69
1749261456,14.63000000,14.73100000,15.69
1749261456,14.62000000,0.39800000,15.69
1749261456,14.60000000,27.96600000,15.69
1749261456,14.58000000,1.09700000,15.69
1749261456,14.57000000,3.36700000,15.69
1749261456,14.56000000,16.24800000,15.69
1749261456,14.55000000,0.68800000,15.69
1749261456,14.53000000,0.42700000,15.69
1749261456,14.52000000,1.43500000,15.69
1749261456,14.51000000,33.61200000,15.69
1749261456,14.50000000,315.33200000,15.69
1749261456,14.49000000,2.63800000,15.69
1749261456,14.48000000,1.06700000,15.69
1749261456,14.47000000,1.29600000,15.69
1749261456,14.46000000,0.45300000,15.69
1749261456,14.44000000,32.10100000,15.69
1749261456,14.43000000,8.84300000,15.69
1749261456,14.42000000,1.55700000,15.69
1749261456,14.40000000,43.41600000,15.69
1749261456,14.39000000,2.82900000,15.69
1749261456,14.37000000,11.84200000,15.69
1749261456,14.36000000,20.89100000,15.69
1749261456,14.34000000,2.46300000,15.69
1749261456,14.33000000,36.94800000,15.69
1749261456,14.32000000,0.66100000,15.69
1749261456,14.31000000,6.31900000,15.69
1749261772,15.66000000,14.85000000,15.66
1749261772,15.65000000,155.78700000,15.66
1749261772,15.64000000,483.58400000,15.66
1749261772,15.63000000,395.10500000,15.66
1749261772,15.62000000,212.96000000,15.66
1749261772,15.61000000,329.89900000,15.66
1749261772,15.60000000,151.25400000,15.66
1749261772,15.59000000,91.14200000,15.66
1749261772,15.58000000,342.74500000,15.66
1749261772,15.57000000,51.70000000,15.66
1749261772,15.56000000,66.94300000,15.66
1749261772,15.55000000,173.83300000,15.66
1749261772,15.54000000,42.35100000,15.66
1749261772,15.53000000,98.12800000,15.66
1749261772,15.52000000,16.55000000,15.66
1749261772,15.51000000,17.67900000,15.66
1749261772,15.50000000,4.96900000,15.66
1749261772,15.49000000,56.94000000,15.66
1749261772,15.48000000,22.81000000,15.66
1749261772,15.47000000,316.03100000,15.66
1749261772,15.46000000,14.85000000,15.66
1749261772,15.45000000,275.98300000,15.66
1749261772,15.42000000,14.85000000,15.66
1749261772,15.41000000,53.29700000,15.66
1749261772,15.40000000,15.27500000,15.66
1749261772,15.39000000,15.97100000,15.66
1749261772,15.38000000,41.68400000,15.66
1749261772,15.36000000,14.85000000,15.66
1749261772,15.35000000,22.02400000,15.66
1749261772,15.34000000,14.85000000,15.66
1749261772,15.33000000,17.48800000,15.66
1749261772,15.32000000,17.67900000,15.66
1749261772,15.31000000,15.51100000,15.66
1749261772,15.23000000,14.85000000,15.66
1749261772,15.22000000,15.51100000,15.66
1749261772,15.21000000,14.85000000,15.66
1749261772,15.20000000,0.35900000,15.66
1749261772,15.19000000,0.39500000,15.66
1749261772,15.18000000,1.05500000,15.66
1749261772,15.17000000,0.36900000,15.66
1749261772,15.16000000,2.63800000,15.66
1749261772,15.15000000,16.27900000,15.66
1749261772,15.14000000,2.88700000,15.66
1749261772,15.13000000,3.50400000,15.66
1749261772,15.12000000,2.33600000,15.66
1749261772,15.08000000,0.33200000,15.66
1749261772,15.06000000,0.66100000,15.66
1749261772,15.05000000,24.31900000,15.66
1749261772,15.01000000,13.85800000,15.66
1749261772,15.00000000,50.17800000,15.66
1749261772,14.99000000,13.38000000,15.66
1749261772,14.97000000,0.66100000,15.66
1749261772,14.96000000,0.42700000,15.66
1749261772,14.94000000,2.82900000,15.66
1749261772,14.90000000,101.21900000,15.66
1749261772,14.89000000,0.66100000,15.66
1749261772,14.86000000,7.46900000,15.66
1749261772,14.85000000,1314.06000000,15.66
1749261772,14.84000000,212.62600000,15.66
1749261772,14.83000000,3.17100000,15.66
1749261772,14.81000000,0.66100000,15.66
1749261772,14.80000000,11.18400000,15.66
1749261772,14.78000000,2.33600000,15.66
1749261772,14.76000000,3.35900000,15.66
1749261772,14.75000000,6.67200000,15.66
1749261772,14.73000000,0.66100000,15.66
1749261772,14.72000000,9.57900000,15.66
1749261772,14.71000000,0.76100000,15.66
1749261772,14.68000000,5.14300000,15.66
1749261772,14.67000000,4.09200000,15.66
1749261772,14.66000000,2.63800000,15.66
1749261772,14.65000000,42.60300000,15.66
1749261772,14.63000000,14.73100000,15.66
1749261772,14.62000000,0.39800000,15.66
1749261772,14.60000000,27.96600000,15.66
1749261772,14.58000000,1.09700000,15.66
1749261772,14.57000000,3.36700000,15.66
1749261772,14.56000000,16.24800000,15.66
1749261772,14.55000000,0.68800000,15.66
1749261772,14.53000000,0.42700000,15.66
1749261772,14.52000000,1.43500000,15.66
1749261772,14.51000000,33.61200000,15.66
1749261772,14.50000000,315.33200000,15.66
1749261772,14.49000000,2.63800000,15.66
1749261772,14.48000000,1.06700000,15.66
1749261772,14.47000000,1.29600000,15.66
1749261772,14.46000000,0.45300000,15.66
1749261772,14.44000000,32.10100000,15.66
1749261772,14.43000000,8.84300000,15.66
1749261772,14.42000000,1.55700000,15.66
1749261772,14.40000000,43.41600000,15.66
1749261772,14.39000000,2.82900000,15.66
1749261772,14.37000000,11.84200000,15.66
1749261772,14.36000000,20.89100000,15.66
1749261772,14.34000000,2.46300000,15.66
1749261772,14.33000000,36.94800000,15.66
1749261772,14.32000000,0.66100000,15.66
1749261772,14.31000000,6.31900000,15.66
1749261772,14.30000000,99.52000000,15.66
1749261772,14.28000000,4.27600000,15.66
1749262075,15.65000000,14.85000000,15.66
1749262075,15.64000000,185.48600000,15.66
1749262075,15.63000000,439.81900000,15.66
1749262075,15.62000000,266.53500000,15.66
1749262075,15.61000000,271.95400000,15.66
1749262075,15.60000000,307.26800000,15.66
1749262075,15.59000000,96.59600000,15.66
1749262075,15.58000000,67.14100000,15.66
1749262075,15.57000000,341.58900000,15.66
1749262075,15.56000000,91.27700000,15.66
1749262075,15.55000000,47.81700000,15.66
1749262075,15.54000000,56.11800000,15.66
1749262075,15.53000000,181.10700000,15.66
1749262075,15.52000000,70.96400000,15.66
1749262075,15.51000000,17.67900000,15.66
1749262075,15.50000000,4.96900000,15.66
1749262075,15.49000000,121.20800000,15.66
1749262075,15.48000000,22.81000000,15.66
1749262075,15.46000000,14.85000000,15.66
1749262075,15.43000000,331.70000000,15.66
1749262075,15.41000000,13.64000000,15.66
1749262075,15.40000000,276.43900000,15.66
1749262075,15.39000000,15.97100000,15.66
1749262075,15.38000000,54.58500000,15.66
1749262075,15.36000000,54.63600000,15.66
1749262075,15.35000000,22.02400000,15.66
1749262075,15.34000000,14.85000000,15.66
1749262075,15.33000000,17.48800000,15.66
1749262075,15.32000000,17.67900000,15.66
1749262075,15.31000000,17.46900000,15.66
1749262075,15.23000000,14.85000000,15.66
1749262075,15.22000000,15.51100000,15.66
1749262075,15.21000000,14.85000000,15.66
1749262075,15.20000000,0.35900000,15.66
1749262075,15.19000000,0.39500000,15.66
1749262075,15.18000000,1.05500000,15.66
1749262075,15.17000000,0.36900000,15.66
1749262075,15.16000000,2.63800000,15.66
1749262075,15.15000000,16.27900000,15.66
1749262075,15.14000000,2.88700000,15.66
1749262075,15.13000000,18.35400000,15.66
1749262075,15.12000000,2.33600000,15.66
1749262075,15.08000000,0.33200000,15.66
1749262075,15.06000000,0.66100000,15.66
1749262075,15.05000000,24.31900000,15.66
1749262075,15.01000000,13.85800000,15.66
1749262075,15.00000000,50.17800000,15.66
1749262075,14.99000000,13.38000000,15.66
1749262075,14.97000000,0.66100000,15.66
1749262075,14.96000000,0.42700000,15.66
1749262075,14.94000000,2.82900000,15.66
1749262075,14.90000000,101.21900000,15.66
1749262075,14.89000000,0.66100000,15.66
1749262075,14.86000000,7.46900000,15.66
1749262075,14.85000000,1314.06000000,15.66
1749262075,14.84000000,212.62600000,15.66
1749262075,14.83000000,3.17100000,15.66
1749262075,14.81000000,0.66100000,15.66
1749262075,14.80000000,11.18400000,15.66
1749262075,14.78000000,2.33600000,15.66
1749262075,14.76000000,3.35900000,15.66
1749262075,14.75000000,6.67200000,15.66
1749262075,14.73000000,0.66100000,15.66
1749262075,14.72000000,9.57900000,15.66
1749262075,14.71000000,0.76100000,15.66
1749262075,14.68000000,5.14300000,15.66
1749262075,14.67000000,4.09200000,15.66
1749262075,14.66000000,2.63800000,15.66
1749262075,14.65000000,42.60300000,15.66
1749262075,14.63000000,14.73100000,15.66
1749262075,14.62000000,0.39800000,15.66
1749262075,14.60000000,27.96600000,15.66
1749262075,14.58000000,1.09700000,15.66
1749262075,14.57000000,3.36700000,15.66
1749262075,14.56000000,16.24800000,15.66
1749262075,14.55000000,0.68800000,15.66
1749262075,14.53000000,0.42700000,15.66
1749262075,14.52000000,1.43500000,15.66
1749262075,14.51000000,33.61200000,15.66
1749262075,14.50000000,315.33200000,15.66
1749262075,14.49000000,2.63800000,15.66
1749262075,14.48000000,1.06700000,15.66
1749262075,14.47000000,1.29600000,15.66
1749262075,14.46000000,0.45300000,15.66
1749262075,14.44000000,32.10100000,15.66
1749262075,14.43000000,8.84300000,15.66
1749262075,14.42000000,1.55700000,15.66
1749262075,14.40000000,43.41600000,15.66
1749262075,14.39000000,2.82900000,15.66
1749262075,14.37000000,11.84200000,15.66
1749262075,14.36000000,20.89100000,15.66
1749262075,14.34000000,2.46300000,15.66
1749262075,14.33000000,36.94800000,15.66
1749262075,14.32000000,0.66100000,15.66
1749262075,14.31000000,6.31900000,15.66
1749262075,14.30000000,99.52000000,15.66
1749262075,14.28000000,4.27600000,15.66
1749262075,14.27000000,2.11300000,15.66
1749262075,14.25000000,1363.23800000,15.66
1749262075,14.22000000,0.54800000,15.66
1749262381,15.70000000,21.42400000,15.7
1749262381,15.69000000,46.62600000,15.7
1749262381,15.68000000,159.13900000,15.7
1749262381,15.67000000,395.00400000,15.7
1749262381,15.66000000,451.52900000,15.7
1749262381,15.65000000,221.96100000,15.7
1749262381,15.64000000,302.46500000,15.7
1749262381,15.63000000,66.44500000,15.7
1749262381,15.62000000,63.89000000,15.7
1749262381,15.61000000,356.82400000,15.7
1749262381,15.60000000,51.12000000,15.7
1749262381,15.59000000,91.20800000,15.7
1749262381,15.58000000,36.78700000,15.7
1749262381,15.57000000,196.31500000,15.7
1749262381,15.56000000,47.79000000,15.7
1749262381,15.55000000,28.65200000,15.7
1749262381,15.54000000,36.94200000,15.7
1749262381,15.53000000,14.85000000,15.7
1749262381,15.52000000,16.55000000,15.7
1749262381,15.51000000,17.67900000,15.7
1749262381,15.50000000,4.96900000,15.7
1749262381,15.49000000,372.56300000,15.7
1749262381,15.48000000,62.28800000,15.7
1749262381,15.45000000,259.83600000,15.7
1749262381,15.41000000,13.64000000,15.7
1749262381,15.40000000,15.27500000,15.7
1749262381,15.39000000,17.79000000,15.7
1749262381,15.38000000,54.58500000,15.7
1749262381,15.36000000,14.85000000,15.7
1749262381,15.35000000,89.22400000,15.7
1749262381,15.34000000,14.85000000,15.7
1749262381,15.33000000,17.48800000,15.7
1749262381,15.32000000,17.67900000,15.7
1749262381,15.31000000,15.51100000,15.7
1749262381,15.23000000,14.85000000,15.7
1749262381,15.22000000,15.51100000,15.7
1749262381,15.21000000,14.85000000,15.7
1749262381,15.20000000,0.35900000,15.7
1749262381,15.19000000,0.39500000,15.7
1749262381,15.18000000,1.05500000,15.7
1749262381,15.17000000,0.36900000,15.7
1749262381,15.16000000,2.63800000,15.7
1749262381,15.15000000,16.27900000,15.7
1749262381,15.14000000,2.88700000,15.7
1749262381,15.13000000,18.35400000,15.7
1749262381,15.12000000,2.33600000,15.7
1749262381,15.08000000,0.33200000,15.7
1749262381,15.06000000,0.66100000,15.7
1749262381,15.05000000,24.31900000,15.7
1749262381,15.01000000,13.85800000,15.7
1749262381,15.00000000,50.17800000,15.7
1749262381,14.99000000,13.38000000,15.7
1749262381,14.97000000,0.66100000,15.7
1749262381,14.96000000,0.42700000,15.7
1749262381,14.94000000,2.82900000,15.7
1749262381,14.93000000,0.67900000,15.7
1749262381,14.90000000,101.21900000,15.7
1749262381,14.89000000,0.66100000,15.7
1749262381,14.86000000,7.46900000,15.7
1749262381,14.85000000,1314.06000000,15.7
1749262381,14.84000000,212.62600000,15.7
1749262381,14.83000000,3.17100000,15.7
1749262381,14.81000000,0.66100000,15.7
1749262381,14.80000000,11.18400000,15.7
1749262381,14.78000000,2.33600000,15.7
1749262381,14.76000000,3.35900000,15.7
1749262381,14.75000000,6.67200000,15.7
1749262381,14.73000000,0.66100000,15.7
1749262381,14.72000000,9.57900000,15.7
1749262381,14.71000000,0.76100000,15.7
1749262381,14.68000000,5.14300000,15.7
1749262381,14.67000000,4.09200000,15.7
1749262381,14.66000000,2.63800000,15.7
1749262381,14.65000000,42.60300000,15.7
1749262381,14.63000000,14.73100000,15.7
1749262381,14.62000000,0.39800000,15.7
1749262381,14.60000000,27.96600000,15.7
1749262381,14.58000000,1.09700000,15.7
1749262381,14.57000000,3.36700000,15.7
1749262381,14.56000000,16.24800000,15.7
1749262381,14.55000000,0.68800000,15.7
1749262381,14.53000000,0.42700000,15.7
1749262381,14.52000000,1.43500000,15.7
1749262381,14.51000000,33.61200000,15.7
1749262381,14.50000000,315.33200000,15.7
1749262381,14.49000000,2.63800000,15.7
1749262381,14.48000000,1.06700000,15.7
1749262381,14.47000000,1.29600000,15.7
1749262381,14.46000000,0.45300000,15.7
1749262381,14.44000000,32.10100000,15.7
1749262381,14.43000000,8.84300000,15.7
1749262381,14.42000000,1.55700000,15.7
1749262381,14.40000000,43.41600000,15.7
1749262381,14.39000000,2.82900000,15.7
1749262381,14.37000000,11.84200000,15.7
1749262381,14.36000000,20.89100000,15.7
1749262381,14.34000000,2.46300000,15.7
1749262381,14.33000000,36.94800000,15.7
1749262381,14.32000000,0.66100000,15.7
1749262381,14.31000000,6.31900000,15.7
1749262683,15.72000000,21.63900000,15.72
1749262683,15.71000000,69.32500000,15.72
1749262683,15.70000000,256.23500000,15.72
1749262683,15.69000000,408.69900000,15.72
1749262683,15.68000000,308.84500000,15.72
1749262683,15.67000000,288.35100000,15.72
1749262683,15.66000000,516.59700000,15.72
1749262683,15.65000000,82.50800000,15.72
1749262683,15.64000000,82.69600000,15.72
1749262683,15.63000000,85.35500000,15.72
1749262683,15.62000000,103.86700000,15.72
1749262683,15.61000000,54.35800000,15.72
1749262683,15.60000000,66.88600000,15.72
1749262683,15.59000000,191.51900000,15.72
1749262683,15.58000000,17.59000000,15.72
1749262683,15.57000000,32.55900000,15.72
1749262683,15.56000000,31.92000000,15.72
1749262683,15.55000000,11.57100000,15.72
1749262683,15.54000000,334.45700000,15.72
1749262683,15.53000000,54.20100000,15.72
1749262683,15.52000000,24.84100000,15.72
1749262683,15.51000000,17.67900000,15.72
1749262683,15.50000000,4.96900000,15.72
1749262683,15.49000000,17.48800000,15.72
1749262683,15.48000000,53.97900000,15.72
1749262683,15.45000000,259.83600000,15.72
1749262683,15.41000000,13.64000000,15.72
1749262683,15.40000000,15.27500000,15.72
1749262683,15.39000000,17.79000000,15.72
1749262683,15.38000000,54.58500000,15.72
1749262683,15.36000000,14.85000000,15.72
1749262683,15.35000000,22.02400000,15.72
1749262683,15.34000000,14.85000000,15.72
1749262683,15.33000000,17.48800000,15.72
1749262683,15.32000000,17.67900000,15.72
1749262683,15.31000000,15.51100000,15.72
1749262683,15.23000000,14.85000000,15.72
1749262683,15.22000000,15.51100000,15.72
1749262683,15.21000000,14.85000000,15.72
1749262683,15.20000000,0.35900000,15.72
1749262683,15.19000000,0.39500000,15.72
1749262683,15.18000000,1.05500000,15.72
1749262683,15.17000000,0.36900000,15.72
1749262683,15.16000000,2.63800000,15.72
1749262683,15.15000000,16.27900000,15.72
1749262683,15.14000000,2.88700000,15.72
1749262683,15.13000000,3.50400000,15.72
1749262683,15.12000000,2.33600000,15.72
1749262683,15.10000000,67.20000000,15.72
1749262683,15.08000000,0.33200000,15.72
1749262683,15.06000000,0.66100000,15.72
1749262683,15.05000000,24.31900000,15.72
1749262683,15.01000000,13.85800000,15.72
1749262683,15.00000000,50.17800000,15.72
1749262683,14.99000000,13.38000000,15.72
1749262683,14.97000000,0.66100000,15.72
1749262683,14.96000000,0.42700000,15.72
1749262683,14.94000000,2.82900000,15.72
1749262683,14.93000000,0.67900000,15.72
1749262683,14.90000000,101.21900000,15.72
1749262683,14.89000000,0.66100000,15.72
1749262683,14.86000000,7.46900000,15.72
1749262683,14.85000000,1314.06000000,15.72
1749262683,14.84000000,212.62600000,15.72
1749262683,14.83000000,3.17100000,15.72
1749262683,14.81000000,0.66100000,15.72
1749262683,14.80000000,11.18400000,15.72
1749262683,14.78000000,2.33600000,15.72
1749262683,14.76000000,3.35900000,15.72
1749262683,14.75000000,6.67200000,15.72
1749262683,14.73000000,0.66100000,15.72
1749262683,14.72000000,9.57900000,15.72
1749262683,14.71000000,0.76100000,15.72
1749262683,14.68000000,5.14300000,15.72
1749262683,14.67000000,4.09200000,15.72
1749262683,14.66000000,2.63800000,15.72
1749262683,14.65000000,42.60300000,15.72
1749262683,14.63000000,14.73100000,15.72
1749262683,14.62000000,0.39800000,15.72
1749262683,14.60000000,27.96600000,15.72
1749262683,14.58000000,1.09700000,15.72
1749262683,14.57000000,3.36700000,15.72
1749262683,14.56000000,16.24800000,15.72
1749262683,14.55000000,0.68800000,15.72
1749262683,14.53000000,0.42700000,15.72
1749262683,14.52000000,1.43500000,15.72
1749262683,14.51000000,33.61200000,15.72
1749262683,14.50000000,315.33200000,15.72
1749262683,14.49000000,2.63800000,15.72
1749262683,14.48000000,1.06700000,15.72
1749262683,14.47000000,1.29600000,15.72
1749262683,14.46000000,0.45300000,15.72
1749262683,14.44000000,32.10100000,15.72
1749262683,14.43000000,8.84300000,15.72
1749262683,14.42000000,1.55700000,15.72
1749262683,14.40000000,43.41600000,15.72
1749262683,14.39000000,2.82900000,15.72
1749262683,14.37000000,11.84200000,15.72
1749262683,14.36000000,20.89100000,15.72
1749262683,14.34000000,2.46300000,15.72
1749262987,15.72000000,21.15300000,15.72
1749262987,15.71000000,156.00100000,15.72
1749262987,15.70000000,414.06600000,15.72
1749262987,15.69000000,405.84900000,15.72
1749262987,15.68000000,262.11500000,15.72
1749262987,15.67000000,182.99600000,15.72
1749262987,15.66000000,118.11800000,15.72
1749262987,15.65000000,99.22600000,15.72
1749262987,15.64000000,82.70900000,15.72
1749262987,15.63000000,345.49000000,15.72
1749262987,15.62000000,123.11400000,15.72
1749262987,15.61000000,51.04200000,15.72
1749262987,15.60000000,66.88600000,15.72
1749262987,15.59000000,172.42200000,15.72
1749262987,15.58000000,20.91000000,15.72
1749262987,15.57000000,71.80900000,15.72
1749262987,15.56000000,31.92000000,15.72
1749262987,15.55000000,11.57100000,15.72
1749262987,15.54000000,334.45700000,15.72
1749262987,15.53000000,14.85000000,15.72
1749262987,15.52000000,24.84100000,15.72
1749262987,15.51000000,17.67900000,15.72
1749262987,15.50000000,4.96900000,15.72
1749262987,15.49000000,17.48800000,15.72
1749262987,15.48000000,53.97900000,15.72
1749262987,15.45000000,259.83600000,15.72
1749262987,15.40000000,15.32300000,15.72
1749262987,15.39000000,17.79000000,15.72
1749262987,15.38000000,54.58500000,15.72
1749262987,15.36000000,14.85000000,15.72
1749262987,15.35000000,22.02400000,15.72
1749262987,15.34000000,14.85000000,15.72
1749262987,15.33000000,17.48800000,15.72
1749262987,15.32000000,17.67900000,15.72
1749262987,15.31000000,15.51100000,15.72
1749262987,15.23000000,14.85000000,15.72
1749262987,15.22000000,15.51100000,15.72
1749262987,15.21000000,14.85000000,15.72
1749262987,15.20000000,0.35900000,15.72
1749262987,15.19000000,0.39500000,15.72
1749262987,15.18000000,1.05500000,15.72
1749262987,15.17000000,0.36900000,15.72
1749262987,15.16000000,2.63800000,15.72
1749262987,15.15000000,1.42900000,15.72
1749262987,15.14000000,2.88700000,15.72
1749262987,15.13000000,3.50400000,15.72
1749262987,15.12000000,2.33600000,15.72
1749262987,15.10000000,67.20000000,15.72
1749262987,15.08000000,0.33200000,15.72
1749262987,15.06000000,0.66100000,15.72
1749262987,15.05000000,24.31900000,15.72
1749262987,15.01000000,13.85800000,15.72
1749262987,15.00000000,50.17800000,15.72
1749262987,14.99000000,13.38000000,15.72
1749262987,14.97000000,0.66100000,15.72
1749262987,14.96000000,0.42700000,15.72
1749262987,14.94000000,2.82900000,15.72
1749262987,14.93000000,0.67900000,15.72
1749262987,14.90000000,101.21900000,15.72
1749262987,14.89000000,0.66100000,15.72
1749262987,14.86000000,7.46900000,15.72
1749262987,14.85000000,1314.06000000,15.72
1749262987,14.84000000,212.62600000,15.72
1749262987,14.83000000,3.17100000,15.72
1749262987,14.81000000,0.66100000,15.72
1749262987,14.80000000,11.18400000,15.72
1749262987,14.78000000,2.33600000,15.72
1749262987,14.76000000,3.35900000,15.72
1749262987,14.75000000,6.67200000,15.72
1749262987,14.73000000,0.66100000,15.72
1749262987,14.72000000,9.57900000,15.72
1749262987,14.71000000,0.76100000,15.72
1749262987,14.68000000,5.14300000,15.72
1749262987,14.67000000,4.09200000,15.72
1749262987,14.66000000,2.63800000,15.72
1749262987,14.65000000,42.60300000,15.72
1749262987,14.63000000,14.73100000,15.72
1749262987,14.62000000,0.39800000,15.72
1749262987,14.60000000,27.96600000,15.72
1749262987,14.58000000,1.09700000,15.72
1749262987,14.57000000,3.36700000,15.72
1749262987,14.56000000,16.24800000,15.72
1749262987,14.55000000,0.68800000,15.72
1749262987,14.53000000,0.42700000,15.72
1749262987,14.52000000,1.43500000,15.72
1749262987,14.51000000,33.61200000,15.72
1749262987,14.50000000,315.33200000,15.72
1749262987,14.49000000,2.63800000,15.72
1749262987,14.48000000,1.06700000,15.72
1749262987,14.47000000,1.29600000,15.72
1749262987,14.46000000,0.45300000,15.72
1749262987,14.44000000,32.10100000,15.72
1749262987,14.43000000,8.84300000,15.72
1749262987,14.42000000,1.55700000,15.72
1749262987,14.40000000,43.41600000,15.72
1749262987,14.39000000,2.82900000,15.72
1749262987,14.37000000,11.84200000,15.72
1749262987,14.36000000,20.89100000,15.72
1749262987,14.34000000,2.46300000,15.72
1749262987,14.33000000,36.94800000,15.72
1749263300,15.73000000,25.15900000,15.73
1749263300,15.72000000,163.96400000,15.73
1749263300,15.71000000,455.22000000,15.73
1749263300,15.70000000,368.50600000,15.73
1749263300,15.69000000,301.30800000,15.73
1749263300,15.68000000,246.11900000,15.73
1749263300,15.67000000,150.84200000,15.73
1749263300,15.66000000,70.23200000,15.73
1749263300,15.65000000,122.89500000,15.73
1749263300,15.64000000,371.86400000,15.73
1749263300,15.63000000,85.36300000,15.73
1749263300,15.62000000,93.41000000,15.73
1749263300,15.61000000,198.20100000,15.73
1749263300,15.60000000,47.78200000,15.73
1749263300,15.59000000,31.87700000,15.73
1749263300,15.58000000,17.59000000,15.73
1749263300,15.57000000,71.80900000,15.73
1749263300,15.55000000,11.57100000,15.73
1749263300,15.54000000,334.45700000,15.73
1749263300,15.53000000,14.85000000,15.73
1749263300,15.52000000,24.84100000,15.73
1749263300,15.51000000,17.67900000,15.73
1749263300,15.50000000,262.27600000,15.73
1749263300,15.49000000,17.48800000,15.73
1749263300,15.48000000,53.97900000,15.73
1749263300,15.40000000,15.32300000,15.73
1749263300,15.39000000,17.79000000,15.73
1749263300,15.38000000,54.58500000,15.73
1749263300,15.36000000,14.85000000,15.73
1749263300,15.35000000,22.02400000,15.73
1749263300,15.34000000,14.85000000,15.73
1749263300,15.33000000,17.48800000,15.73
1749263300,15.32000000,17.67900000,15.73
1749263300,15.31000000,15.51100000,15.73
1749263300,15.23000000,14.85000000,15.73
1749263300,15.22000000,15.51100000,15.73
1749263300,15.21000000,14.85000000,15.73
1749263300,15.20000000,0.35900000,15.73
1749263300,15.19000000,0.39500000,15.73
1749263300,15.18000000,1.05500000,15.73
1749263300,15.17000000,0.36900000,15.73
1749263300,15.16000000,2.63800000,15.73
1749263300,15.15000000,1.42900000,15.73
1749263300,15.14000000,2.88700000,15.73
1749263300,15.13000000,3.50400000,15.73
1749263300,15.12000000,2.33600000,15.73
1749263300,15.08000000,0.33200000,15.73
1749263300,15.06000000,0.66100000,15.73
1749263300,15.05000000,24.31900000,15.73
1749263300,15.01000000,13.85800000,15.73
1749263300,15.00000000,50.17800000,15.73
1749263300,14.99000000,13.38000000,15.73
1749263300,14.97000000,0.66100000,15.73
1749263300,14.96000000,0.42700000,15.73
1749263300,14.94000000,2.82900000,15.73
1749263300,14.93000000,0.67900000,15.73
1749263300,14.90000000,101.21900000,15.73
1749263300,14.89000000,0.66100000,15.73
1749263300,14.86000000,7.46900000,15.73
1749263300,14.85000000,1314.06000000,15.73
1749263300,14.84000000,212.62600000,15.73
1749263300,14.83000000,3.17100000,15.73
1749263300,14.81000000,0.66100000,15.73
1749263300,14.80000000,11.18400000,15.73
1749263300,14.78000000,2.33600000,15.73
1749263300,14.76000000,3.35900000,15.73
1749263300,14.75000000,6.67200000,15.73
1749263300,14.73000000,0.66100000,15.73
1749263300,14.72000000,9.57900000,15.73
1749263300,14.71000000,0.76100000,15.73
1749263300,14.68000000,5.14300000,15.73
1749263300,14.67000000,4.09200000,15.73
1749263300,14.66000000,2.63800000,15.73
1749263300,14.65000000,42.60300000,15.73
1749263300,14.63000000,14.73100000,15.73
1749263300,14.62000000,0.39800000,15.73
1749263300,14.60000000,27.96600000,15.73
1749263300,14.58000000,1.09700000,15.73
1749263300,14.57000000,3.36700000,15.73
1749263300,14.56000000,16.24800000,15.73
1749263300,14.55000000,0.68800000,15.73
1749263300,14.53000000,0.42700000,15.73
1749263300,14.52000000,1.43500000,15.73
1749263300,14.51000000,33.61200000,15.73
1749263300,14.50000000,315.33200000,15.73
1749263300,14.49000000,2.63800000,15.73
1749263300,14.48000000,1.06700000,15.73
1749263300,14.47000000,1.29600000,15.73
1749263300,14.46000000,0.45300000,15.73
1749263300,14.44000000,32.10100000,15.73
1749263300,14.43000000,8.84300000,15.73
1749263300,14.42000000,1.55700000,15.73
1749263300,14.40000000,43.41600000,15.73
1749263300,14.39000000,2.82900000,15.73
1749263300,14.37000000,11.84200000,15.73
1749263300,14.36000000,20.89100000,15.73
1749263300,14.34000000,2.46300000,15.73
1749263300,14.33000000,36.94800000,15.73
1749263300,14.32000000,0.66100000,15.73
1749263300,14.31000000,6.31900000,15.73
1749263602,15.73000000,21.60100000,15.74
1749263602,15.72000000,183.62500000,15.74
1749263602,15.71000000,432.52500000,15.74
1749263602,15.70000000,387.58900000,15.74
1749263602,15.69000000,361.33100000,15.74
1749263602,15.68000000,276.57100000,15.74
1749263602,15.67000000,72.86200000,15.74
1749263602,15.66000000,66.29600000,15.74
1749263602,15.65000000,397.95700000,15.74
1749263602,15.64000000,87.98000000,15.74
1749263602,15.63000000,50.99500000,15.74
1749263602,15.62000000,80.65300000,15.74
1749263602,15.61000000,198.17800000,15.74
1749263602,15.60000000,47.78200000,15.74
1749263602,15.59000000,31.87700000,15.74
1749263602,15.58000000,17.59000000,15.74
1749263602,15.57000000,71.80900000,15.74
1749263602,15.55000000,325.97600000,15.74
1749263602,15.54000000,19.85000000,15.74
1749263602,15.53000000,14.85000000,15.74
1749263602,15.52000000,24.84100000,15.74
1749263602,15.51000000,17.67900000,15.74
1749263602,15.50000000,262.27600000,15.74
1749263602,15.49000000,17.48800000,15.74
1749263602,15.48000000,53.97900000,15.74
1749263602,15.42000000,39.63100000,15.74
1749263602,15.40000000,15.32300000,15.74
1749263602,15.39000000,17.45900000,15.74
1749263602,15.36000000,14.85000000,15.74
1749263602,15.35000000,22.02400000,15.74
1749263602,15.34000000,14.85000000,15.74
1749263602,15.33000000,17.48800000,15.74
1749263602,15.32000000,17.67900000,15.74
1749263602,15.31000000,15.51100000,15.74
1749263602,15.23000000,14.85000000,15.74
1749263602,15.22000000,15.51100000,15.74
1749263602,15.21000000,14.85000000,15.74
1749263602,15.20000000,0.35900000,15.74
1749263602,15.19000000,0.39500000,15.74
1749263602,15.18000000,1.05500000,15.74
1749263602,15.17000000,0.36900000,15.74
1749263602,15.16000000,2.63800000,15.74
1749263602,15.15000000,1.42900000,15.74
1749263602,15.14000000,2.88700000,15.74
1749263602,15.13000000,3.50400000,15.74
1749263602,15.12000000,69.53600000,15.74
1749263602,15.08000000,0.33200000,15.74
1749263602,15.06000000,0.66100000,15.74
1749263602,15.05000000,24.31900000,15.74
1749263602,15.01000000,13.85800000,15.74
1749263602,15.00000000,50.17800000,15.74
1749263602,14.99000000,13.38000000,15.74
1749263602,14.97000000,0.66100000,15.74
1749263602,14.96000000,0.42700000,15.74
1749263602,14.94000000,2.82900000,15.74
1749263602,14.93000000,0.67900000,15.74
1749263602,14.90000000,101.21900000,15.74
1749263602,14.89000000,0.66100000,15.74
1749263602,14.86000000,7.46900000,15.74
1749263602,14.85000000,1314.06000000,15.74
1749263602,14.84000000,212.62600000,15.74
1749263602,14.83000000,3.17100000,15.74
1749263602,14.81000000,0.66100000,15.74
1749263602,14.80000000,11.18400000,15.74
1749263602,14.78000000,2.33600000,15.74
1749263602,14.76000000,3.35900000,15.74
1749263602,14.75000000,6.67200000,15.74
1749263602,14.73000000,0.66100000,15.74
1749263602,14.72000000,9.57900000,15.74
1749263602,14.71000000,0.76100000,15.74
1749263602,14.68000000,5.14300000,15.74
1749263602,14.67000000,4.09200000,15.74
1749263602,14.66000000,2.63800000,15.74
1749263602,14.65000000,42.60300000,15.74
1749263602,14.63000000,14.73100000,15.74
1749263602,14.62000000,0.39800000,15.74
1749263602,14.60000000,27.96600000,15.74
1749263602,14.58000000,1.09700000,15.74
1749263602,14.57000000,3.36700000,15.74
1749263602,14.56000000,16.24800000,15.74
1749263602,14.55000000,0.68800000,15.74
1749263602,14.53000000,0.42700000,15.74
1749263602,14.52000000,1.43500000,15.74
1749263602,14.51000000,33.61200000,15.74
1749263602,14.50000000,315.33200000,15.74
1749263602,14.49000000,2.63800000,15.74
1749263602,14.48000000,1.06700000,15.74
1749263602,14.47000000,1.29600000,15.74
1749263602,14.46000000,0.45300000,15.74
1749263602,14.44000000,32.10100000,15.74
1749263602,14.43000000,8.84300000,15.74
1749263602,14.42000000,1.55700000,15.74
1749263602,14.40000000,43.41600000,15.74
1749263602,14.39000000,2.82900000,15.74
1749263602,14.37000000,11.84200000,15.74
1749263602,14.36000000,20.89100000,15.74
1749263602,14.34000000,2.46300000,15.74
1749263602,14.33000000,36.94800000,15.74
1749263602,14.32000000,0.66100000,15.74
1749263602,14.31000000,6.31900000,15.74
1749263903,15.76000000,21.35400000,15.76
1749263903,15.75000000,156.73200000,15.76
1749263903,15.74000000,396.01800000,15.76
1749263903,15.73000000,417.63900000,15.76
1749263903,15.72000000,321.73200000,15.76
1749263903,15.71000000,338.44000000,15.76
1749263903,15.70000000,68.63200000,15.76
1749263903,15.69000000,137.56200000,15.76
1749263903,15.68000000,117.94500000,15.76
1749263903,15.67000000,357.46300000,15.76
1749263903,15.66000000,60.61200000,15.76
1749263903,15.65000000,193.69300000,15.76
1749263903,15.64000000,54.26000000,15.76
1749263903,15.63000000,31.93100000,15.76
1749263903,15.62000000,344.93800000,15.76
1749263903,15.61000000,31.95300000,15.76
1749263903,15.60000000,30.67900000,15.76
1749263903,15.58000000,0.55300000,15.76
1749263903,15.57000000,54.76100000,15.76
1749263903,15.56000000,8.27100000,15.76
1749263903,15.55000000,11.57100000,15.76
1749263903,15.54000000,19.85000000,15.76
1749263903,15.53000000,54.20100000,15.76
1749263903,15.52000000,16.55000000,15.76
1749263903,15.51000000,17.67900000,15.76
1749263903,15.50000000,262.27600000,15.76
1749263903,15.49000000,17.48800000,15.76
1749263903,15.48000000,14.50100000,15.76
1749263903,15.42000000,39.63100000,15.76
1749263903,15.40000000,15.32300000,15.76
1749263903,15.39000000,17.45900000,15.76
1749263903,15.36000000,14.85000000,15.76
1749263903,15.35000000,22.02400000,15.76
1749263903,15.34000000,14.85000000,15.76
1749263903,15.33000000,17.48800000,15.76
1749263903,15.32000000,17.67900000,15.76
1749263903,15.31000000,15.51100000,15.76
1749263903,15.23000000,14.85000000,15.76
1749263903,15.22000000,15.51100000,15.76
1749263903,15.21000000,14.85000000,15.76
1749263903,15.20000000,0.35900000,15.76
1749263903,15.19000000,0.39500000,15.76
1749263903,15.18000000,1.05500000,15.76
1749263903,15.17000000,0.36900000,15.76
1749263903,15.16000000,2.63800000,15.76
1749263903,15.15000000,1.42900000,15.76
1749263903,15.14000000,2.88700000,15.76
1749263903,15.13000000,70.70400000,15.76
1749263903,15.12000000,2.33600000,15.76
1749263903,15.08000000,0.33200000,15.76
1749263903,15.06000000,0.66100000,15.76
1749263903,15.05000000,24.31900000,15.76
1749263903,15.01000000,13.85800000,15.76
1749263903,15.00000000,50.17800000,15.76
1749263903,14.99000000,13.38000000,15.76
1749263903,14.97000000,0.66100000,15.76
1749263903,14.96000000,0.42700000,15.76
1749263903,14.94000000,2.82900000,15.76
1749263903,14.93000000,0.67900000,15.76
1749263903,14.90000000,101.21900000,15.76
1749263903,14.89000000,0.66100000,15.76
1749263903,14.86000000,7.46900000,15.76
1749263903,14.85000000,1314.06000000,15.76
1749263903,14.84000000,212.62600000,15.76
1749263903,14.83000000,3.17100000,15.76
1749263903,14.81000000,0.66100000,15.76
1749263903,14.80000000,11.18400000,15.76
1749263903,14.78000000,2.33600000,15.76
1749263903,14.76000000,3.35900000,15.76
1749263903,14.75000000,6.67200000,15.76
1749263903,14.73000000,0.66100000,15.76
1749263903,14.72000000,9.57900000,15.76
1749263903,14.71000000,0.76100000,15.76
1749263903,14.68000000,5.14300000,15.76
1749263903,14.67000000,4.09200000,15.76
1749263903,14.66000000,2.63800000,15.76
1749263903,14.65000000,42.60300000,15.76
1749263903,14.63000000,14.73100000,15.76
1749263903,14.62000000,0.39800000,15.76
1749263903,14.60000000,27.96600000,15.76
1749263903,14.58000000,1.09700000,15.76
1749263903,14.57000000,3.36700000,15.76
1749263903,14.56000000,16.24800000,15.76
1749263903,14.55000000,0.68800000,15.76
1749263903,14.53000000,0.42700000,15.76
1749263903,14.52000000,1.43500000,15.76
1749263903,14.51000000,33.61200000,15.76
1749263903,14.50000000,315.33200000,15.76
1749263903,14.49000000,2.63800000,15.76
1749263903,14.48000000,1.06700000,15.76
1749263903,14.47000000,1.29600000,15.76
1749263903,14.46000000,0.45300000,15.76
1749263903,14.44000000,32.10100000,15.76
1749263903,14.43000000,8.84300000,15.76
1749263903,14.42000000,1.55700000,15.76
1749263903,14.40000000,43.41600000,15.76
1749263903,14.39000000,2.82900000,15.76
1749263903,14.37000000,11.84200000,15.76
1749263903,14.36000000,20.89100000,15.76
1749263903,14.34000000,2.46300000,15.76
1749264205,15.75000000,185.19900000,15.76
1749264205,15.74000000,467.55000000,15.76
1749264205,15.73000000,322.76700000,15.76
1749264205,15.72000000,329.75800000,15.76
1749264205,15.71000000,347.02500000,15.76
1749264205,15.70000000,164.10700000,15.76
1749264205,15.69000000,63.42500000,15.76
1749264205,15.68000000,127.82200000,15.76
1749264205,15.67000000,85.71900000,15.76
1749264205,15.66000000,335.69700000,15.76
1749264205,15.65000000,51.61200000,15.76
1749264205,15.64000000,66.76400000,15.76
1749264205,15.63000000,191.53500000,15.76
1749264205,15.62000000,31.94200000,15.76
1749264205,15.61000000,31.95300000,15.76
1749264205,15.58000000,314.35200000,15.76
1749264205,15.57000000,54.76100000,15.76
1749264205,15.56000000,8.27100000,15.76
1749264205,15.55000000,11.57100000,15.76
1749264205,15.54000000,19.85000000,15.76
1749264205,15.53000000,14.85000000,15.76
1749264205,15.52000000,16.55000000,15.76
1749264205,15.51000000,17.67900000,15.76
1749264205,15.50000000,262.27600000,15.76
1749264205,15.49000000,56.94000000,15.76
1749264205,15.48000000,14.50100000,15.76
1749264205,15.46000000,1.93900000,15.76
1749264205,15.42000000,39.63100000,15.76
1749264205,15.40000000,15.32800000,15.76
1749264205,15.39000000,15.51100000,15.76
1749264205,15.36000000,14.85000000,15.76
1749264205,15.35000000,22.02400000,15.76
1749264205,15.34000000,14.85000000,15.76
1749264205,15.33000000,17.48800000,15.76
1749264205,15.32000000,17.67900000,15.76
1749264205,15.31000000,15.51100000,15.76
1749264205,15.23000000,14.85000000,15.76
1749264205,15.22000000,15.51100000,15.76
1749264205,15.21000000,14.85000000,15.76
1749264205,15.20000000,0.35900000,15.76
1749264205,15.19000000,0.39500000,15.76
1749264205,15.18000000,1.05500000,15.76
1749264205,15.17000000,0.36900000,15.76
1749264205,15.16000000,2.63800000,15.76
1749264205,15.15000000,1.42900000,15.76
1749264205,15.14000000,2.88700000,15.76
1749264205,15.13000000,70.70400000,15.76
1749264205,15.12000000,2.33600000,15.76
1749264205,15.08000000,0.33200000,15.76
1749264205,15.06000000,0.66100000,15.76
1749264205,15.05000000,24.31900000,15.76
1749264205,15.01000000,13.85800000,15.76
1749264205,15.00000000,50.17800000,15.76
1749264205,14.99000000,13.38000000,15.76
1749264205,14.97000000,0.66100000,15.76
1749264205,14.96000000,0.42700000,15.76
1749264205,14.94000000,2.82900000,15.76
1749264205,14.93000000,0.67900000,15.76
1749264205,14.90000000,101.21900000,15.76
1749264205,14.89000000,0.66100000,15.76
1749264205,14.86000000,9.59100000,15.76
1749264205,14.85000000,1314.06000000,15.76
1749264205,14.84000000,212.62600000,15.76
1749264205,14.83000000,3.17100000,15.76
1749264205,14.81000000,0.66100000,15.76
1749264205,14.80000000,11.18400000,15.76
1749264205,14.78000000,2.33600000,15.76
1749264205,14.76000000,3.35900000,15.76
1749264205,14.75000000,6.67200000,15.76
1749264205,14.73000000,0.66100000,15.76
1749264205,14.72000000,9.57900000,15.76
1749264205,14.71000000,0.76100000,15.76
1749264205,14.68000000,5.14300000,15.76
1749264205,14.67000000,4.09200000,15.76
1749264205,14.66000000,2.63800000,15.76
1749264205,14.65000000,42.60300000,15.76
1749264205,14.63000000,14.73100000,15.76
1749264205,14.62000000,0.39800000,15.76
1749264205,14.60000000,27.96600000,15.76
1749264205,14.58000000,1.09700000,15.76
1749264205,14.57000000,3.36700000,15.76
1749264205,14.56000000,16.24800000,15.76
1749264205,14.55000000,0.68800000,15.76
1749264205,14.53000000,0.42700000,15.76
1749264205,14.52000000,1.43500000,15.76
1749264205,14.51000000,33.61200000,15.76
1749264205,14.50000000,315.33200000,15.76
1749264205,14.49000000,2.63800000,15.76
1749264205,14.48000000,1.06700000,15.76
1749264205,14.47000000,1.29600000,15.76
1749264205,14.46000000,0.45300000,15.76
1749264205,14.44000000,32.10100000,15.76
1749264205,14.43000000,8.84300000,15.76
1749264205,14.42000000,1.55700000,15.76
1749264205,14.40000000,43.41600000,15.76
1749264205,14.39000000,2.82900000,15.76
1749264205,14.37000000,11.84200000,15.76
1749264205,14.36000000,20.89100000,15.76
1749264205,14.34000000,2.46300000,15.76
1749264205,14.33000000,36.94800000,15.76
1749264506,15.77000000,22.05800000,15.77
1749264506,15.76000000,115.72400000,15.77
1749264506,15.75000000,351.17600000,15.77
1749264506,15.74000000,523.59500000,15.77
1749264506,15.73000000,316.68900000,15.77
1749264506,15.72000000,249.22600000,15.77
1749264506,15.71000000,102.70600000,15.77
1749264506,15.70000000,87.71500000,15.77
1749264506,15.69000000,82.53300000,15.77
1749264506,15.68000000,397.14300000,15.77
1749264506,15.67000000,85.72600000,15.77
1749264506,15.66000000,60.61400000,15.77
1749264506,15.65000000,213.62600000,15.77
1749264506,15.64000000,31.92000000,15.77
1749264506,15.63000000,31.93100000,15.77
1749264506,15.62000000,31.94200000,15.77
1749264506,15.61000000,31.95300000,15.77
1749264506,15.60000000,30.67900000,15.77
1749264506,15.58000000,314.35200000,15.77
1749264506,15.57000000,54.76100000,15.77
1749264506,15.56000000,8.27100000,15.77
1749264506,15.55000000,11.57100000,15.77
1749264506,15.54000000,19.85000000,15.77
1749264506,15.53000000,14.85000000,15.77
1749264506,15.52000000,16.55000000,15.77
1749264506,15.51000000,17.67900000,15.77
1749264506,15.50000000,262.27600000,15.77
1749264506,15.49000000,56.94000000,15.77
1749264506,15.48000000,14.50100000,15.77
1749264506,15.46000000,1.93900000,15.77
1749264506,15.42000000,39.63100000,15.77
1749264506,15.40000000,15.32800000,15.77
1749264506,15.39000000,15.51100000,15.77
1749264506,15.36000000,14.85000000,15.77
1749264506,15.35000000,22.02400000,15.77
1749264506,15.34000000,14.85000000,15.77
1749264506,15.33000000,17.48800000,15.77
1749264506,15.32000000,17.67900000,15.77
1749264506,15.31000000,15.51100000,15.77
1749264506,15.23000000,14.85000000,15.77
1749264506,15.22000000,15.51100000,15.77
1749264506,15.21000000,14.85000000,15.77
1749264506,15.20000000,0.35900000,15.77
1749264506,15.19000000,0.39500000,15.77
1749264506,15.18000000,1.05500000,15.77
1749264506,15.17000000,0.36900000,15.77
1749264506,15.16000000,2.63800000,15.77
1749264506,15.15000000,1.42900000,15.77
1749264506,15.14000000,2.88700000,15.77
1749264506,15.13000000,70.70400000,15.77
1749264506,15.12000000,2.33600000,15.77
1749264506,15.08000000,0.33200000,15.77
1749264506,15.06000000,0.66100000,15.77
1749264506,15.05000000,24.31900000,15.77
1749264506,15.01000000,13.85800000,15.77
1749264506,15.00000000,50.17800000,15.77
1749264506,14.99000000,13.38000000,15.77
1749264506,14.97000000,0.66100000,15.77
1749264506,14.96000000,0.42700000,15.77
1749264506,14.94000000,2.82900000,15.77
1749264506,14.93000000,0.67900000,15.77
1749264506,14.90000000,101.21900000,15.77
1749264506,14.89000000,0.66100000,15.77
1749264506,14.86000000,9.59100000,15.77
1749264506,14.85000000,1314.06000000,15.77
1749264506,14.84000000,212.62600000,15.77
1749264506,14.83000000,3.17100000,15.77
1749264506,14.81000000,0.66100000,15.77
1749264506,14.80000000,11.18400000,15.77
1749264506,14.78000000,2.33600000,15.77
1749264506,14.76000000,3.35900000,15.77
1749264506,14.75000000,6.67200000,15.77
1749264506,14.73000000,0.66100000,15.77
1749264506,14.72000000,9.57900000,15.77
1749264506,14.71000000,0.76100000,15.77
1749264506,14.68000000,5.14300000,15.77
1749264506,14.67000000,4.09200000,15.77
1749264506,14.66000000,2.63800000,15.77
1749264506,14.65000000,42.60300000,15.77
1749264506,14.63000000,14.73100000,15.77
1749264506,14.62000000,0.39800000,15.77
1749264506,14.60000000,27.96600000,15.77
1749264506,14.58000000,1.09700000,15.77
1749264506,14.57000000,3.36700000,15.77
1749264506,14.56000000,16.24800000,15.77
1749264506,14.55000000,0.68800000,15.77
1749264506,14.53000000,0.42700000,15.77
1749264506,14.52000000,1.43500000,15.77
1749264506,14.51000000,33.61200000,15.77
1749264506,14.50000000,315.33200000,15.77
1749264506,14.49000000,2.63800000,15.77
1749264506,14.48000000,1.06700000,15.77
1749264506,14.47000000,1.29600000,15.77
1749264506,14.46000000,0.45300000,15.77
1749264506,14.44000000,32.10100000,15.77
1749264506,14.43000000,8.84300000,15.77
1749264506,14.42000000,1.55700000,15.77
1749264506,14.40000000,43.41600000,15.77
1749264506,14.39000000,2.82900000,15.77
1749264506,14.37000000,11.84200000,15.77
1749264808,15.80000000,14.85000000,15.8
1749264808,15.79000000,172.60100000,15.8
1749264808,15.78000000,350.76400000,15.8
1749264808,15.77000000,368.82300000,15.8
1749264808,15.76000000,220.64300000,15.8
1749264808,15.75000000,240.28200000,15.8
1749264808,15.74000000,282.72200000,15.8
1749264808,15.73000000,337.56100000,15.8
1749264808,15.72000000,68.65600000,15.8
1749264808,15.71000000,112.80300000,15.8
1749264808,15.70000000,82.10700000,15.8
1749264808,15.69000000,63.36100000,15.8
1749264808,15.68000000,50.89200000,15.8
1749264808,15.67000000,193.59200000,15.8
1749264808,15.66000000,347.39900000,15.8
1749264808,15.65000000,32.57000000,15.8
1749264808,15.64000000,47.70900000,15.8
1749264808,15.63000000,31.93100000,15.8
1749264808,15.62000000,14.85000000,15.8
1749264808,15.61000000,55.69200000,15.8
1749264808,15.60000000,23.09900000,15.8
1749264808,15.58000000,0.55300000,15.8
1749264808,15.57000000,54.76100000,15.8
1749264808,15.55000000,269.55500000,15.8
1749264808,15.54000000,19.85000000,15.8
1749264808,15.52000000,14.85000000,15.8
1749264808,15.51000000,17.67900000,15.8
1749264808,15.50000000,4.96900000,15.8
1749264808,15.49000000,17.48800000,15.8
1749264808,15.48000000,14.50100000,15.8
1749264808,15.46000000,41.46800000,15.8
1749264808,15.40000000,15.32800000,15.8
1749264808,15.39000000,15.89600000,15.8
1749264808,15.36000000,14.85000000,15.8
1749264808,15.35000000,22.02400000,15.8
1749264808,15.34000000,14.85000000,15.8
1749264808,15.33000000,17.48800000,15.8
1749264808,15.32000000,17.67900000,15.8
1749264808,15.31000000,15.51100000,15.8
1749264808,15.23000000,14.85000000,15.8
1749264808,15.22000000,15.51100000,15.8
1749264808,15.20000000,0.35900000,15.8
1749264808,15.18000000,68.25500000,15.8
1749264808,15.17000000,0.36900000,15.8
1749264808,15.16000000,2.63800000,15.8
1749264808,15.15000000,1.42900000,15.8
1749264808,15.14000000,2.88700000,15.8
1749264808,15.13000000,3.50400000,15.8
1749264808,15.12000000,2.33600000,15.8
1749264808,15.08000000,0.33200000,15.8
1749264808,15.06000000,0.66100000,15.8
1749264808,15.05000000,24.31900000,15.8
1749264808,15.01000000,13.85800000,15.8
1749264808,15.00000000,50.17800000,15.8
1749264808,14.99000000,13.38000000,15.8
1749264808,14.97000000,0.66100000,15.8
1749264808,14.96000000,0.42700000,15.8
1749264808,14.94000000,2.82900000,15.8
1749264808,14.93000000,0.39400000,15.8
1749264808,14.90000000,101.21900000,15.8
1749264808,14.89000000,0.66100000,15.8
1749264808,14.86000000,9.52800000,15.8
1749264808,14.85000000,1314.06000000,15.8
1749264808,14.84000000,212.62600000,15.8
1749264808,14.83000000,3.17100000,15.8
1749264808,14.81000000,0.66100000,15.8
1749264808,14.80000000,11.18400000,15.8
1749264808,14.78000000,2.33600000,15.8
1749264808,14.76000000,3.35900000,15.8
1749264808,14.75000000,6.67200000,15.8
1749264808,14.73000000,0.66100000,15.8
1749264808,14.72000000,8.96800000,15.8
1749264808,14.71000000,0.76100000,15.8
1749264808,14.68000000,5.14300000,15.8
1749264808,14.67000000,4.09200000,15.8
1749264808,14.66000000,2.63800000,15.8
1749264808,14.65000000,42.60300000,15.8
1749264808,14.63000000,14.73100000,15.8
1749264808,14.62000000,0.39800000,15.8
1749264808,14.60000000,27.96600000,15.8
1749264808,14.58000000,1.09700000,15.8
1749264808,14.57000000,3.36700000,15.8
1749264808,14.56000000,16.24800000,15.8
1749264808,14.55000000,0.68800000,15.8
1749264808,14.53000000,0.42700000,15.8
1749264808,14.52000000,1.43500000,15.8
1749264808,14.51000000,33.61200000,15.8
1749264808,14.50000000,315.33200000,15.8
1749264808,14.49000000,2.63800000,15.8
1749264808,14.48000000,1.06700000,15.8
1749264808,14.47000000,1.29600000,15.8
1749264808,14.46000000,0.45300000,15.8
1749264808,14.44000000,32.10100000,15.8
1749264808,14.43000000,8.84300000,15.8
1749264808,14.42000000,1.55700000,15.8
1749264808,14.40000000,43.41600000,15.8
1749264808,14.39000000,2.82900000,15.8
1749264808,14.37000000,11.84200000,15.8
1749264808,14.36000000,20.89100000,15.8
1749264808,14.34000000,2.46300000,15.8
1749265109,15.78000000,25.98900000,15.79
1749265109,15.77000000,129.35200000,15.79
1749265109,15.76000000,342.92900000,15.79
1749265109,15.75000000,409.28400000,15.79
1749265109,15.74000000,329.38000000,15.79
1749265109,15.73000000,449.31700000,15.79
1749265109,15.72000000,117.65000000,15.79
1749265109,15.71000000,140.73200000,15.79
1749265109,15.70000000,102.43700000,15.79
1749265109,15.69000000,70.02100000,15.79
1749265109,15.68000000,99.58500000,15.79
1749265109,15.67000000,190.56400000,15.79
1749265109,15.66000000,70.08700000,15.79
1749265109,15.65000000,32.57000000,15.79
1749265109,15.64000000,30.63900000,15.79
1749265109,15.62000000,14.85000000,15.79
1749265109,15.61000000,432.71600000,15.79
1749265109,15.60000000,23.09900000,15.79
1749265109,15.58000000,0.55300000,15.79
1749265109,15.57000000,54.76100000,15.79
1749265109,15.55000000,269.55500000,15.79
1749265109,15.54000000,19.85000000,15.79
1749265109,15.52000000,14.85000000,15.79
1749265109,15.51000000,17.67900000,15.79
1749265109,15.50000000,4.96900000,15.79
1749265109,15.49000000,17.48800000,15.79
1749265109,15.48000000,14.50100000,15.79
1749265109,15.46000000,41.46800000,15.79
1749265109,15.40000000,15.32800000,15.79
1749265109,15.39000000,15.89600000,15.79
1749265109,15.36000000,14.85000000,15.79
1749265109,15.35000000,22.02400000,15.79
1749265109,15.34000000,14.85000000,15.79
1749265109,15.33000000,17.48800000,15.79
1749265109,15.32000000,17.67900000,15.79
1749265109,15.31000000,15.51100000,15.79
1749265109,15.23000000,14.85000000,15.79
1749265109,15.22000000,15.51100000,15.79
1749265109,15.20000000,0.35900000,15.79
1749265109,15.18000000,1.05500000,15.79
1749265109,15.17000000,67.56900000,15.79
1749265109,15.16000000,2.63800000,15.79
1749265109,15.15000000,1.42900000,15.79
1749265109,15.14000000,2.88700000,15.79
1749265109,15.13000000,3.50400000,15.79
1749265109,15.12000000,2.33600000,15.79
1749265109,15.08000000,0.33200000,15.79
1749265109,15.06000000,0.66100000,15.79
1749265109,15.05000000,24.31900000,15.79
1749265109,15.01000000,13.85800000,15.79
1749265109,15.00000000,50.17800000,15.79
1749265109,14.99000000,13.38000000,15.79
1749265109,14.97000000,0.66100000,15.79
1749265109,14.96000000,0.42700000,15.79
1749265109,14.94000000,2.82900000,15.79
1749265109,14.93000000,0.39400000,15.79
1749265109,14.90000000,101.21900000,15.79
1749265109,14.89000000,0.66100000,15.79
1749265109,14.86000000,9.52800000,15.79
1749265109,14.85000000,1314.06000000,15.79
1749265109,14.84000000,212.62600000,15.79
1749265109,14.83000000,3.17100000,15.79
1749265109,14.81000000,0.66100000,15.79
1749265109,14.80000000,11.18400000,15.79
1749265109,14.78000000,2.33600000,15.79
1749265109,14.76000000,3.35900000,15.79
1749265109,14.75000000,6.67200000,15.79
1749265109,14.73000000,0.66100000,15.79
1749265109,14.72000000,8.96800000,15.79
1749265109,14.71000000,0.76100000,15.79
1749265109,14.68000000,5.14300000,15.79
1749265109,14.67000000,4.09200000,15.79
1749265109,14.66000000,2.63800000,15.79
1749265109,14.65000000,42.60300000,15.79
1749265109,14.63000000,14.73100000,15.79
1749265109,14.62000000,0.39800000,15.79
1749265109,14.60000000,27.96600000,15.79
1749265109,14.58000000,1.09700000,15.79
1749265109,14.57000000,3.36700000,15.79
1749265109,14.56000000,16.24800000,15.79
1749265109,14.55000000,0.68800000,15.79
1749265109,14.53000000,0.42700000,15.79
1749265109,14.52000000,1.43500000,15.79
1749265109,14.51000000,33.61200000,15.79
1749265109,14.50000000,315.33200000,15.79
1749265109,14.49000000,2.63800000,15.79
1749265109,14.48000000,1.06700000,15.79
1749265109,14.47000000,1.29600000,15.79
1749265109,14.46000000,0.45300000,15.79
1749265109,14.44000000,32.10100000,15.79
1749265109,14.43000000,8.84300000,15.79
1749265109,14.42000000,1.55700000,15.79
1749265109,14.40000000,43.41600000,15.79
1749265109,14.39000000,2.82900000,15.79
1749265109,14.37000000,11.84200000,15.79
1749265109,14.36000000,20.89100000,15.79
1749265109,14.34000000,2.46300000,15.79
1749265109,14.33000000,36.94800000,15.79
1749265109,14.32000000,0.66100000,15.79
1749265109,14.31000000,6.31900000,15.79
1749265411,15.77000000,15.67700000,15.77
1749265411,15.76000000,378.18800000,15.77
1749265411,15.75000000,476.67900000,15.77
1749265411,15.74000000,235.57500000,15.77
1749265411,15.73000000,233.85400000,15.77
1749265411,15.72000000,155.77600000,15.77
1749265411,15.71000000,149.07700000,15.77
1749265411,15.70000000,97.16200000,15.77
1749265411,15.69000000,70.02100000,15.77
1749265411,15.68000000,491.22100000,15.77
1749265411,15.67000000,80.88500000,15.77
1749265411,15.66000000,50.92900000,15.77
1749265411,15.65000000,194.91500000,15.77
1749265411,15.64000000,30.63900000,15.77
1749265411,15.62000000,53.97400000,15.77
1749265411,15.61000000,80.37100000,15.77
1749265411,15.60000000,23.09900000,15.77
1749265411,15.58000000,314.35200000,15.77
1749265411,15.57000000,54.76100000,15.77
1749265411,15.55000000,269.55500000,15.77
1749265411,15.54000000,19.85000000,15.77
1749265411,15.52000000,14.85000000,15.77
1749265411,15.51000000,17.67900000,15.77
1749265411,15.50000000,4.96900000,15.77
1749265411,15.49000000,17.48800000,15.77
1749265411,15.48000000,14.50100000,15.77
1749265411,15.46000000,41.46800000,15.77
1749265411,15.45000000,0.42800000,15.77
1749265411,15.40000000,15.32800000,15.77
1749265411,15.39000000,15.89600000,15.77
1749265411,15.36000000,14.85000000,15.77
1749265411,15.35000000,22.02400000,15.77
1749265411,15.34000000,14.85000000,15.77
1749265411,15.33000000,17.48800000,15.77
1749265411,15.32000000,17.67900000,15.77
1749265411,15.31000000,15.51100000,15.77
1749265411,15.23000000,14.85000000,15.77
1749265411,15.22000000,15.51100000,15.77
1749265411,15.20000000,0.35900000,15.77
1749265411,15.18000000,1.05500000,15.77
1749265411,15.17000000,0.36900000,15.77
1749265411,15.16000000,2.63800000,15.77
1749265411,15.15000000,1.42900000,15.77
1749265411,15.14000000,70.08700000,15.77
1749265411,15.13000000,3.50400000,15.77
1749265411,15.12000000,2.33600000,15.77
1749265411,15.08000000,0.33200000,15.77
1749265411,15.06000000,0.66100000,15.77
1749265411,15.05000000,24.31900000,15.77
1749265411,15.01000000,13.85800000,15.77
1749265411,15.00000000,50.17800000,15.77
1749265411,14.99000000,13.38000000,15.77
1749265411,14.97000000,0.66100000,15.77
1749265411,14.94000000,2.82900000,15.77
1749265411,14.93000000,0.39400000,15.77
1749265411,14.90000000,101.21900000,15.77
1749265411,14.89000000,0.66100000,15.77
1749265411,14.86000000,23.29800000,15.77
1749265411,14.85000000,1314.06000000,15.77
1749265411,14.84000000,212.62600000,15.77
1749265411,14.83000000,3.17100000,15.77
1749265411,14.81000000,0.66100000,15.77
1749265411,14.80000000,11.18400000,15.77
1749265411,14.78000000,2.33600000,15.77
1749265411,14.76000000,3.35900000,15.77
1749265411,14.75000000,6.67200000,15.77
1749265411,14.73000000,0.66100000,15.77
1749265411,14.72000000,8.96800000,15.77
1749265411,14.71000000,0.76100000,15.77
1749265411,14.68000000,5.14300000,15.77
1749265411,14.67000000,4.09200000,15.77
1749265411,14.66000000,2.63800000,15.77
1749265411,14.65000000,42.60300000,15.77
1749265411,14.63000000,14.73100000,15.77
1749265411,14.62000000,0.39800000,15.77
1749265411,14.60000000,27.96600000,15.77
1749265411,14.58000000,1.09700000,15.77
1749265411,14.57000000,3.36700000,15.77
1749265411,14.56000000,16.24800000,15.77
1749265411,14.55000000,0.68800000,15.77
1749265411,14.53000000,0.42700000,15.77
1749265411,14.52000000,1.43500000,15.77
1749265411,14.51000000,33.61200000,15.77
1749265411,14.50000000,315.33200000,15.77
1749265411,14.49000000,2.63800000,15.77
1749265411,14.48000000,1.06700000,15.77
1749265411,14.47000000,1.29600000,15.77
1749265411,14.46000000,0.45300000,15.77
1749265411,14.44000000,32.10100000,15.77
1749265411,14.43000000,8.84300000,15.77
1749265411,14.42000000,1.55700000,15.77
1749265411,14.40000000,43.41600000,15.77
1749265411,14.39000000,2.82900000,15.77
1749265411,14.37000000,11.84200000,15.77
1749265411,14.36000000,20.89100000,15.77
1749265411,14.34000000,2.46300000,15.77
1749265411,14.33000000,36.94800000,15.77
1749265411,14.32000000,0.66100000,15.77
1749265411,14.31000000,6.31900000,15.77
1749265411,14.30000000,99.52000000,15.77
1749265716,15.81000000,14.85000000,15.82
1749265716,15.80000000,53.27000000,15.82
1749265716,15.79000000,158.73100000,15.82
1749265716,15.78000000,489.05000000,15.82
1749265716,15.77000000,372.80800000,15.82
1749265716,15.76000000,337.90600000,15.82
1749265716,15.75000000,153.53400000,15.82
1749265716,15.74000000,83.83200000,15.82
1749265716,15.73000000,351.66000000,15.82
1749265716,15.72000000,96.48900000,15.82
1749265716,15.71000000,103.35500000,15.82
1749265716,15.70000000,92.42800000,15.82
1749265716,15.69000000,222.70200000,15.82
1749265716,15.68000000,50.87100000,15.82
1749265716,15.67000000,31.88700000,15.82
1749265716,15.66000000,31.89800000,15.82
1749265716,15.65000000,32.57000000,15.82
1749265716,15.64000000,94.36000000,15.82
1749265716,15.63000000,14.85000000,15.82
1749265716,15.62000000,366.97000000,15.82
1749265716,15.61000000,16.54300000,15.82
1749265716,15.60000000,23.09900000,15.82
1749265716,15.58000000,0.55300000,15.82
1749265716,15.57000000,54.76100000,15.82
1749265716,15.55000000,269.55500000,15.82
1749265716,15.54000000,19.85000000,15.82
1749265716,15.52000000,14.85000000,15.82
1749265716,15.51000000,17.67900000,15.82
1749265716,15.50000000,44.39600000,15.82
1749265716,15.49000000,17.48800000,15.82
1749265716,15.48000000,14.50100000,15.82
1749265716,15.46000000,1.93900000,15.82
1749265716,15.45000000,0.42800000,15.82
1749265716,15.40000000,15.32800000,15.82
1749265716,15.39000000,15.89600000,15.82
1749265716,15.36000000,14.85000000,15.82
1749265716,15.35000000,22.73700000,15.82
1749265716,15.34000000,14.85000000,15.82
1749265716,15.33000000,17.48800000,15.82
1749265716,15.32000000,17.67900000,15.82
1749265716,15.31000000,15.51100000,15.82
1749265716,15.22000000,0.66100000,15.82
1749265716,15.18000000,68.25500000,15.82
1749265716,15.17000000,0.36900000,15.82
1749265716,15.16000000,2.63800000,15.82
1749265716,15.15000000,1.42900000,15.82
1749265716,15.14000000,2.88700000,15.82
1749265716,15.13000000,3.50400000,15.82
1749265716,15.12000000,2.33600000,15.82
1749265716,15.08000000,0.33200000,15.82
1749265716,15.06000000,0.66100000,15.82
1749265716,15.05000000,24.31900000,15.82
1749265716,15.01000000,13.85800000,15.82
1749265716,15.00000000,50.17800000,15.82
1749265716,14.99000000,13.38000000,15.82
1749265716,14.97000000,0.66100000,15.82
1749265716,14.94000000,2.82900000,15.82
1749265716,14.93000000,0.39400000,15.82
1749265716,14.90000000,101.21900000,15.82
1749265716,14.89000000,0.66100000,15.82
1749265716,14.86000000,23.67500000,15.82
1749265716,14.85000000,1314.06000000,15.82
1749265716,14.84000000,212.62600000,15.82
1749265716,14.83000000,3.17100000,15.82
1749265716,14.81000000,0.66100000,15.82
1749265716,14.80000000,11.18400000,15.82
1749265716,14.78000000,2.33600000,15.82
1749265716,14.76000000,3.35900000,15.82
1749265716,14.75000000,6.67200000,15.82
1749265716,14.73000000,0.66100000,15.82
1749265716,14.72000000,8.96800000,15.82
1749265716,14.71000000,0.76100000,15.82
1749265716,14.68000000,5.14300000,15.82
1749265716,14.67000000,4.09200000,15.82
1749265716,14.66000000,2.63800000,15.82
1749265716,14.65000000,42.60300000,15.82
1749265716,14.63000000,14.73100000,15.82
1749265716,14.62000000,0.39800000,15.82
1749265716,14.60000000,27.96600000,15.82
1749265716,14.58000000,1.09700000,15.82
1749265716,14.57000000,3.36700000,15.82
1749265716,14.56000000,16.24800000,15.82
1749265716,14.55000000,0.68800000,15.82
1749265716,14.53000000,0.42700000,15.82
1749265716,14.52000000,1.43500000,15.82
1749265716,14.51000000,33.61200000,15.82
1749265716,14.50000000,315.33200000,15.82
1749265716,14.49000000,2.63800000,15.82
1749265716,14.48000000,1.06700000,15.82
1749265716,14.47000000,1.29600000,15.82
1749265716,14.46000000,0.45300000,15.82
1749265716,14.44000000,32.10100000,15.82
1749265716,14.43000000,8.84300000,15.82
1749265716,14.42000000,1.55700000,15.82
1749265716,14.40000000,43.41600000,15.82
1749265716,14.39000000,2.82900000,15.82
1749265716,14.37000000,11.84200000,15.82
1749265716,14.36000000,20.89100000,15.82
1749265716,14.34000000,2.46300000,15.82
1749265716,14.33000000,36.94800000,15.82
1749266019,15.84000000,67.04700000,15.84
1749266019,15.83000000,209.49500000,15.84
1749266019,15.82000000,506.94200000,15.84
1749266019,15.81000000,306.11300000,15.84
1749266019,15.80000000,301.15000000,15.84
1749266019,15.79000000,141.02100000,15.84
1749266019,15.78000000,138.86100000,15.84
1749266019,15.77000000,121.78500000,15.84
1749266019,15.76000000,430.24200000,15.84
1749266019,15.75000000,82.29000000,15.84
1749266019,15.74000000,51.40600000,15.84
1749266019,15.73000000,222.20100000,15.84
1749266019,15.72000000,54.06600000,15.84
1749266019,15.71000000,70.74400000,15.84
1749266019,15.70000000,342.85000000,15.84
1749266019,15.69000000,31.86600000,15.84
1749266019,15.68000000,94.15600000,15.84
1749266019,15.67000000,14.85000000,15.84
1749266019,15.66000000,17.48800000,15.84
1749266019,15.65000000,15.51100000,15.84
1749266019,15.64000000,14.85000000,15.84
1749266019,15.63000000,62.18200000,15.84
1749266019,15.62000000,14.85000000,15.84
1749266019,15.61000000,16.54300000,15.84
1749266019,15.60000000,256.60000000,15.84
1749266019,15.58000000,0.55300000,15.84
1749266019,15.57000000,15.51100000,15.84
1749266019,15.55000000,50.87100000,15.84
1749266019,15.54000000,21.78000000,15.84
1749266019,15.52000000,14.85000000,15.84
1749266019,15.51000000,17.67900000,15.84
1749266019,15.50000000,4.96900000,15.84
1749266019,15.49000000,17.48800000,15.84
1749266019,15.48000000,14.50100000,15.84
1749266019,15.47000000,2.33600000,15.84
1749266019,15.45000000,0.42800000,15.84
1749266019,15.40000000,15.32800000,15.84
1749266019,15.39000000,15.89600000,15.84
1749266019,15.35000000,22.73700000,15.84
1749266019,15.33000000,2.63800000,15.84
1749266019,15.32000000,2.82900000,15.84
1749266019,15.31000000,0.66100000,15.84
1749266019,15.22000000,67.86100000,15.84
1749266019,15.18000000,1.05500000,15.84
1749266019,15.17000000,0.36900000,15.84
1749266019,15.16000000,2.63800000,15.84
1749266019,15.15000000,1.42900000,15.84
1749266019,15.14000000,2.88700000,15.84
1749266019,15.13000000,3.50400000,15.84
1749266019,15.12000000,2.33600000,15.84
1749266019,15.08000000,0.33200000,15.84
1749266019,15.06000000,0.66100000,15.84
1749266019,15.05000000,24.98400000,15.84
1749266019,15.01000000,13.85800000,15.84
1749266019,15.00000000,50.17800000,15.84
1749266019,14.99000000,13.38000000,15.84
1749266019,14.97000000,0.66100000,15.84
1749266019,14.94000000,2.82900000,15.84
1749266019,14.93000000,0.39400000,15.84
1749266019,14.90000000,101.21900000,15.84
1749266019,14.89000000,0.66100000,15.84
1749266019,14.86000000,23.67500000,15.84
1749266019,14.85000000,1314.06000000,15.84
1749266019,14.84000000,212.62600000,15.84
1749266019,14.83000000,3.17100000,15.84
1749266019,14.81000000,0.66100000,15.84
1749266019,14.80000000,11.18400000,15.84
1749266019,14.78000000,2.33600000,15.84
1749266019,14.76000000,3.35900000,15.84
1749266019,14.75000000,6.67200000,15.84
1749266019,14.73000000,0.66100000,15.84
1749266019,14.72000000,8.96800000,15.84
1749266019,14.71000000,0.76100000,15.84
1749266019,14.68000000,5.14300000,15.84
1749266019,14.67000000,3.41000000,15.84
1749266019,14.66000000,2.63800000,15.84
1749266019,14.65000000,42.60300000,15.84
1749266019,14.63000000,14.73100000,15.84
1749266019,14.62000000,0.39800000,15.84
1749266019,14.60000000,27.96600000,15.84
1749266019,14.58000000,1.09700000,15.84
1749266019,14.57000000,3.36700000,15.84
1749266019,14.56000000,16.24800000,15.84
1749266019,14.55000000,0.68800000,15.84
1749266019,14.53000000,0.42700000,15.84
1749266019,14.52000000,1.43500000,15.84
1749266019,14.51000000,33.61200000,15.84
1749266019,14.50000000,315.33200000,15.84
1749266019,14.49000000,2.63800000,15.84
1749266019,14.48000000,1.06700000,15.84
1749266019,14.47000000,1.29600000,15.84
1749266019,14.46000000,0.45300000,15.84
1749266019,14.44000000,32.10100000,15.84
1749266019,14.43000000,8.84300000,15.84
1749266019,14.42000000,1.55700000,15.84
1749266019,14.40000000,43.41600000,15.84
1749266019,14.39000000,2.82900000,15.84
1749266019,14.37000000,11.84200000,15.84
1749266019,14.36000000,20.89100000,15.84
1749266019,14.34000000,2.46300000,15.84
1749266320,15.84000000,33.35000000,15.83
1749266320,15.83000000,140.98500000,15.83
1749266320,15.82000000,386.41500000,15.83
1749266320,15.81000000,583.50000000,15.83
1749266320,15.80000000,331.89500000,15.83
1749266320,15.79000000,183.78700000,15.83
1749266320,15.78000000,107.69100000,15.83
1749266320,15.77000000,409.83400000,15.83
1749266320,15.76000000,112.50200000,15.83
1749266320,15.75000000,50.72200000,15.83
1749266320,15.74000000,81.46200000,15.83
1749266320,15.73000000,221.82100000,15.83
1749266320,15.72000000,94.90000000,15.83
1749266320,15.71000000,70.74400000,15.83
1749266320,15.70000000,31.44900000,15.83
1749266320,15.69000000,14.85000000,15.83
1749266320,15.68000000,390.20600000,15.83
1749266320,15.67000000,23.06300000,15.83
1749266320,15.66000000,17.48800000,15.83
1749266320,15.65000000,15.51100000,15.83
1749266320,15.64000000,14.85000000,15.83
1749266320,15.63000000,53.94900000,15.83
1749266320,15.62000000,14.85000000,15.83
1749266320,15.61000000,16.54300000,15.83
1749266320,15.60000000,256.60000000,15.83
1749266320,15.58000000,0.55300000,15.83
1749266320,15.57000000,15.51100000,15.83
1749266320,15.55000000,50.87100000,15.83
1749266320,15.54000000,21.78000000,15.83
1749266320,15.52000000,14.85000000,15.83
1749266320,15.51000000,18.32700000,15.83
1749266320,15.50000000,4.96900000,15.83
1749266320,15.49000000,17.48800000,15.83
1749266320,15.48000000,14.50100000,15.83
1749266320,15.47000000,2.33600000,15.83
1749266320,15.45000000,0.42800000,15.83
1749266320,15.40000000,15.32800000,15.83
1749266320,15.39000000,15.51100000,15.83
1749266320,15.35000000,22.73700000,15.83
1749266320,15.33000000,2.63800000,15.83
1749266320,15.32000000,2.82900000,15.83
1749266320,15.31000000,0.66100000,15.83
1749266320,15.22000000,67.86100000,15.83
1749266320,15.18000000,1.05500000,15.83
1749266320,15.17000000,0.36900000,15.83
1749266320,15.16000000,2.63800000,15.83
1749266320,15.15000000,2.08900000,15.83
1749266320,15.14000000,2.88700000,15.83
1749266320,15.13000000,3.50400000,15.83
1749266320,15.12000000,2.33600000,15.83
1749266320,15.08000000,0.33200000,15.83
1749266320,15.06000000,0.66100000,15.83
1749266320,15.05000000,24.98400000,15.83
1749266320,15.01000000,13.85800000,15.83
1749266320,15.00000000,50.17800000,15.83
1749266320,14.99000000,13.38000000,15.83
1749266320,14.97000000,0.66100000,15.83
1749266320,14.94000000,2.82900000,15.83
1749266320,14.93000000,0.39400000,15.83
1749266320,14.90000000,101.21900000,15.83
1749266320,14.89000000,0.66100000,15.83
1749266320,14.86000000,29.35000000,15.83
1749266320,14.85000000,1314.06000000,15.83
1749266320,14.84000000,212.62600000,15.83
1749266320,14.83000000,3.17100000,15.83
1749266320,14.81000000,0.66100000,15.83
1749266320,14.80000000,11.18400000,15.83
1749266320,14.78000000,2.33600000,15.83
1749266320,14.76000000,3.35900000,15.83
1749266320,14.75000000,6.67200000,15.83
1749266320,14.73000000,0.66100000,15.83
1749266320,14.72000000,8.96800000,15.83
1749266320,14.71000000,0.76100000,15.83
1749266320,14.68000000,5.14300000,15.83
1749266320,14.67000000,3.41000000,15.83
1749266320,14.66000000,2.63800000,15.83
1749266320,14.65000000,42.60300000,15.83
1749266320,14.63000000,14.73100000,15.83
1749266320,14.62000000,0.39800000,15.83
1749266320,14.60000000,27.96600000,15.83
1749266320,14.58000000,1.09700000,15.83
1749266320,14.57000000,3.36700000,15.83
1749266320,14.56000000,16.24800000,15.83
1749266320,14.55000000,0.68800000,15.83
1749266320,14.53000000,0.42700000,15.83
1749266320,14.52000000,1.43500000,15.83
1749266320,14.51000000,33.61200000,15.83
1749266320,14.50000000,315.33200000,15.83
1749266320,14.49000000,2.63800000,15.83
1749266320,14.48000000,1.06700000,15.83
1749266320,14.47000000,1.29600000,15.83
1749266320,14.46000000,0.45300000,15.83
1749266320,14.44000000,32.10100000,15.83
1749266320,14.43000000,8.84300000,15.83
1749266320,14.42000000,1.55700000,15.83
1749266320,14.40000000,43.41600000,15.83
1749266320,14.39000000,2.82900000,15.83
1749266320,14.37000000,11.84200000,15.83
1749266320,14.36000000,20.89100000,15.83
1749266320,14.34000000,2.46300000,15.83
1749266630,15.84000000,35.55000000,15.84
1749266630,15.83000000,137.20700000,15.84
1749266630,15.82000000,357.44300000,15.84
1749266630,15.81000000,517.41700000,15.84
1749266630,15.80000000,259.45300000,15.84
1749266630,15.79000000,299.11100000,15.84
1749266630,15.78000000,107.69100000,15.84
1749266630,15.77000000,117.94200000,15.84
1749266630,15.76000000,360.14600000,15.84
1749266630,15.75000000,65.74100000,15.84
1749266630,15.74000000,66.43400000,15.84
1749266630,15.73000000,50.76800000,15.84
1749266630,15.72000000,192.93300000,15.84
1749266630,15.71000000,31.84400000,15.84
1749266630,15.70000000,61.37100000,15.84
1749266630,15.69000000,326.44900000,15.84
1749266630,15.68000000,30.59800000,15.84
1749266630,15.67000000,23.06300000,15.84
1749266630,15.66000000,56.51200000,15.84
1749266630,15.65000000,15.51100000,15.84
1749266630,15.64000000,14.85000000,15.84
1749266630,15.63000000,53.94900000,15.84
1749266630,15.62000000,14.85000000,15.84
1749266630,15.61000000,16.54300000,15.84
1749266630,15.60000000,256.60000000,15.84
1749266630,15.58000000,0.55300000,15.84
1749266630,15.57000000,15.51100000,15.84
1749266630,15.55000000,50.87100000,15.84
1749266630,15.54000000,21.78000000,15.84
1749266630,15.52000000,14.85000000,15.84
1749266630,15.51000000,18.32700000,15.84
1749266630,15.50000000,4.96900000,15.84
1749266630,15.49000000,17.48800000,15.84
1749266630,15.48000000,14.50100000,15.84
1749266630,15.47000000,2.33600000,15.84
1749266630,15.45000000,0.42800000,15.84
1749266630,15.40000000,15.32800000,15.84
1749266630,15.39000000,15.51100000,15.84
1749266630,15.35000000,22.73700000,15.84
1749266630,15.33000000,2.63800000,15.84
1749266630,15.32000000,17.67900000,15.84
1749266630,15.31000000,0.66100000,15.84
1749266630,15.22000000,0.66100000,15.84
1749266630,15.21000000,67.20000000,15.84
1749266630,15.18000000,1.05500000,15.84
1749266630,15.17000000,0.36900000,15.84
1749266630,15.16000000,2.63800000,15.84
1749266630,15.15000000,2.08900000,15.84
1749266630,15.14000000,2.88700000,15.84
1749266630,15.13000000,2.82900000,15.84
1749266630,15.12000000,2.33600000,15.84
1749266630,15.08000000,0.33200000,15.84
1749266630,15.06000000,0.66100000,15.84
1749266630,15.05000000,24.98400000,15.84
1749266630,15.01000000,13.85800000,15.84
1749266630,15.00000000,50.17800000,15.84
1749266630,14.99000000,13.38000000,15.84
1749266630,14.97000000,0.66100000,15.84
1749266630,14.94000000,2.82900000,15.84
1749266630,14.93000000,0.39400000,15.84
1749266630,14.90000000,101.21900000,15.84
1749266630,14.89000000,0.66100000,15.84
1749266630,14.86000000,29.35000000,15.84
1749266630,14.85000000,1314.06000000,15.84
1749266630,14.84000000,212.62600000,15.84
1749266630,14.83000000,3.17100000,15.84
1749266630,14.81000000,0.66100000,15.84
1749266630,14.80000000,11.18400000,15.84
1749266630,14.78000000,2.33600000,15.84
1749266630,14.76000000,3.35900000,15.84
1749266630,14.75000000,6.67200000,15.84
1749266630,14.73000000,0.66100000,15.84
1749266630,14.72000000,8.96800000,15.84
1749266630,14.71000000,0.76100000,15.84
1749266630,14.68000000,5.14300000,15.84
1749266630,14.67000000,3.41000000,15.84
1749266630,14.66000000,2.63800000,15.84
1749266630,14.65000000,42.60300000,15.84
1749266630,14.63000000,14.73100000,15.84
1749266630,14.62000000,0.39800000,15.84
1749266630,14.60000000,27.96600000,15.84
1749266630,14.58000000,1.09700000,15.84
1749266630,14.57000000,3.36700000,15.84
1749266630,14.56000000,16.24800000,15.84
1749266630,14.55000000,0.68800000,15.84
1749266630,14.53000000,0.42700000,15.84
1749266630,14.52000000,1.43500000,15.84
1749266630,14.51000000,33.61200000,15.84
1749266630,14.50000000,315.33200000,15.84
1749266630,14.49000000,2.63800000,15.84
1749266630,14.48000000,1.06700000,15.84
1749266630,14.47000000,1.29600000,15.84
1749266630,14.46000000,0.45300000,15.84
1749266630,14.44000000,32.10100000,15.84
1749266630,14.43000000,8.84300000,15.84
1749266630,14.42000000,1.55700000,15.84
1749266630,14.40000000,43.41600000,15.84
1749266630,14.39000000,2.82900000,15.84
1749266630,14.37000000,11.84200000,15.84
1749266630,14.36000000,20.89100000,15.84
1749266932,15.84000000,48.99100000,15.85
1749266932,15.83000000,272.03000000,15.85
1749266932,15.82000000,503.62500000,15.85
1749266932,15.81000000,352.52700000,15.85
1749266932,15.80000000,250.63000000,15.85
1749266932,15.79000000,204.99900000,15.85
1749266932,15.78000000,117.69300000,15.85
1749266932,15.77000000,395.93500000,15.85
1749266932,15.76000000,93.34300000,15.85
1749266932,15.75000000,69.80100000,15.85
1749266932,15.74000000,224.71000000,15.85
1749266932,15.73000000,80.69200000,15.85
1749266932,15.72000000,85.53700000,15.85
1749266932,15.71000000,31.84400000,15.85
1749266932,15.69000000,326.44900000,15.85
1749266932,15.68000000,53.82400000,15.85
1749266932,15.67000000,23.06300000,15.85
1749266932,15.66000000,17.48800000,15.85
1749266932,15.65000000,15.51100000,15.85
1749266932,15.64000000,14.85000000,15.85
1749266932,15.63000000,53.94900000,15.85
1749266932,15.62000000,15.20900000,15.85
1749266932,15.61000000,16.54300000,15.85
1749266932,15.60000000,256.60000000,15.85
1749266932,15.58000000,0.55300000,15.85
1749266932,15.57000000,15.51100000,15.85
1749266932,15.55000000,50.87100000,15.85
1749266932,15.54000000,21.78000000,15.85
1749266932,15.52000000,14.85000000,15.85
1749266932,15.51000000,18.32700000,15.85
1749266932,15.50000000,4.96900000,15.85
1749266932,15.49000000,17.48800000,15.85
1749266932,15.48000000,14.50100000,15.85
1749266932,15.47000000,2.33600000,15.85
1749266932,15.45000000,0.42800000,15.85
1749266932,15.40000000,15.32800000,15.85
1749266932,15.39000000,15.51100000,15.85
1749266932,15.35000000,22.73700000,15.85
1749266932,15.33000000,2.63800000,15.85
1749266932,15.32000000,2.82900000,15.85
1749266932,15.31000000,0.66100000,15.85
1749266932,15.23000000,67.20000000,15.85
1749266932,15.22000000,0.66100000,15.85
1749266932,15.18000000,1.05500000,15.85
1749266932,15.17000000,0.36900000,15.85
1749266932,15.16000000,2.63800000,15.85
1749266932,15.15000000,2.08900000,15.85
1749266932,15.14000000,2.88700000,15.85
1749266932,15.13000000,2.82900000,15.85
1749266932,15.12000000,2.33600000,15.85
1749266932,15.08000000,0.33200000,15.85
1749266932,15.06000000,0.66100000,15.85
1749266932,15.05000000,24.98400000,15.85
1749266932,15.01000000,13.85800000,15.85
1749266932,15.00000000,50.17800000,15.85
1749266932,14.99000000,13.38000000,15.85
1749266932,14.97000000,0.66100000,15.85
1749266932,14.94000000,5.42300000,15.85
1749266932,14.93000000,0.39400000,15.85
1749266932,14.90000000,101.21900000,15.85
1749266932,14.89000000,0.66100000,15.85
1749266932,14.88000000,1.30600000,15.85
1749266932,14.86000000,29.35000000,15.85
1749266932,14.85000000,1314.06000000,15.85
1749266932,14.84000000,212.62600000,15.85
1749266932,14.83000000,3.17100000,15.85
1749266932,14.81000000,0.66100000,15.85
1749266932,14.80000000,11.18400000,15.85
1749266932,14.78000000,2.33600000,15.85
1749266932,14.76000000,3.35900000,15.85
1749266932,14.75000000,6.67200000,15.85
1749266932,14.73000000,0.66100000,15.85
1749266932,14.72000000,8.96800000,15.85
1749266932,14.71000000,0.76100000,15.85
1749266932,14.68000000,5.14300000,15.85
1749266932,14.67000000,3.41000000,15.85
1749266932,14.66000000,2.63800000,15.85
1749266932,14.65000000,42.60300000,15.85
1749266932,14.63000000,14.73100000,15.85
1749266932,14.62000000,0.39800000,15.85
1749266932,14.60000000,27.96600000,15.85
1749266932,14.58000000,1.09700000,15.85
1749266932,14.57000000,3.36700000,15.85
1749266932,14.56000000,16.24800000,15.85
1749266932,14.55000000,0.68800000,15.85
1749266932,14.53000000,0.42700000,15.85
1749266932,14.52000000,1.43500000,15.85
1749266932,14.51000000,33.61200000,15.85
1749266932,14.50000000,315.33200000,15.85
1749266932,14.49000000,2.63800000,15.85
1749266932,14.48000000,1.06700000,15.85
1749266932,14.47000000,1.29600000,15.85
1749266932,14.46000000,0.45300000,15.85
1749266932,14.44000000,32.10100000,15.85
1749266932,14.43000000,8.84300000,15.85
1749266932,14.42000000,1.55700000,15.85
1749266932,14.40000000,43.41600000,15.85
1749266932,14.39000000,2.82900000,15.85
1749266932,14.37000000,11.84200000,15.85
1749266932,14.36000000,20.89100000,15.85
1749267233,15.85000000,31.25000000,15.86
1749267233,15.84000000,176.25200000,15.86
1749267233,15.83000000,456.28800000,15.86
1749267233,15.82000000,411.67400000,15.86
1749267233,15.81000000,284.86100000,15.86
1749267233,15.80000000,219.30400000,15.86
1749267233,15.79000000,60.17200000,15.86
1749267233,15.78000000,68.49200000,15.86
1749267233,15.77000000,122.09500000,15.86
1749267233,15.76000000,364.29200000,15.86
1749267233,15.75000000,54.01600000,15.86
1749267233,15.74000000,191.47600000,15.86
1749267233,15.73000000,79.15200000,15.86
1749267233,15.72000000,31.83300000,15.86
1749267233,15.71000000,31.84400000,15.86
1749267233,15.69000000,326.44900000,15.86
1749267233,15.68000000,69.57200000,15.86
1749267233,15.67000000,23.06300000,15.86
1749267233,15.66000000,17.48800000,15.86
1749267233,15.65000000,15.51100000,15.86
1749267233,15.64000000,14.85000000,15.86
1749267233,15.63000000,53.94900000,15.86
1749267233,15.62000000,15.20900000,15.86
1749267233,15.61000000,16.54300000,15.86
1749267233,15.60000000,256.60000000,15.86
1749267233,15.58000000,0.55300000,15.86
1749267233,15.57000000,15.51100000,15.86
1749267233,15.55000000,50.87100000,15.86
1749267233,15.54000000,21.78000000,15.86
1749267233,15.52000000,14.85000000,15.86
1749267233,15.51000000,18.32700000,15.86
1749267233,15.50000000,4.96900000,15.86
1749267233,15.49000000,17.48800000,15.86
1749267233,15.48000000,14.50100000,15.86
1749267233,15.47000000,2.33600000,15.86
1749267233,15.46000000,51.43000000,15.86
1749267233,15.45000000,0.42800000,15.86
1749267233,15.40000000,15.32800000,15.86
1749267233,15.39000000,15.51100000,15.86
1749267233,15.35000000,22.73700000,15.86
1749267233,15.33000000,2.63800000,15.86
1749267233,15.32000000,2.82900000,15.86
1749267233,15.31000000,0.66100000,15.86
1749267233,15.23000000,67.20000000,15.86
1749267233,15.22000000,0.66100000,15.86
1749267233,15.18000000,1.05500000,15.86
1749267233,15.17000000,0.36900000,15.86
1749267233,15.16000000,2.63800000,15.86
1749267233,15.15000000,2.08900000,15.86
1749267233,15.14000000,2.88700000,15.86
1749267233,15.13000000,2.82900000,15.86
1749267233,15.12000000,2.33600000,15.86
1749267233,15.08000000,0.33200000,15.86
1749267233,15.06000000,0.66100000,15.86
1749267233,15.05000000,24.98400000,15.86
1749267233,15.01000000,13.85800000,15.86
1749267233,15.00000000,50.17800000,15.86
1749267233,14.99000000,13.38000000,15.86
1749267233,14.97000000,0.66100000,15.86
1749267233,14.94000000,5.42300000,15.86
1749267233,14.93000000,0.39400000,15.86
1749267233,14.90000000,101.21900000,15.86
1749267233,14.89000000,0.66100000,15.86
1749267233,14.88000000,1.30600000,15.86
1749267233,14.86000000,30.13300000,15.86
1749267233,14.85000000,1314.06000000,15.86
1749267233,14.84000000,212.62600000,15.86
1749267233,14.83000000,3.17100000,15.86
1749267233,14.81000000,0.66100000,15.86
1749267233,14.80000000,11.18400000,15.86
1749267233,14.78000000,2.33600000,15.86
1749267233,14.76000000,3.35900000,15.86
1749267233,14.75000000,6.67200000,15.86
1749267233,14.73000000,0.66100000,15.86
1749267233,14.72000000,8.96800000,15.86
1749267233,14.71000000,0.76100000,15.86
1749267233,14.68000000,5.14300000,15.86
1749267233,14.67000000,3.41000000,15.86
1749267233,14.66000000,2.63800000,15.86
1749267233,14.65000000,42.60300000,15.86
1749267233,14.63000000,14.73100000,15.86
1749267233,14.62000000,0.39800000,15.86
1749267233,14.60000000,27.96600000,15.86
1749267233,14.58000000,1.09700000,15.86
1749267233,14.57000000,3.36700000,15.86
1749267233,14.56000000,16.24800000,15.86
1749267233,14.55000000,0.68800000,15.86
1749267233,14.53000000,0.42700000,15.86
1749267233,14.52000000,1.43500000,15.86
1749267233,14.51000000,33.61200000,15.86
1749267233,14.50000000,315.33200000,15.86
1749267233,14.49000000,2.63800000,15.86
1749267233,14.48000000,1.06700000,15.86
1749267233,14.47000000,1.29600000,15.86
1749267233,14.46000000,0.45300000,15.86
1749267233,14.44000000,32.10100000,15.86
1749267233,14.43000000,8.84300000,15.86
1749267233,14.42000000,1.55700000,15.86
1749267233,14.40000000,43.41600000,15.86
1749267233,14.39000000,2.82900000,15.86
1749267535,15.87000000,41.89300000,15.87
1749267535,15.86000000,125.75700000,15.87
1749267535,15.85000000,482.93400000,15.87
1749267535,15.84000000,523.14100000,15.87
1749267535,15.83000000,285.04500000,15.87
1749267535,15.82000000,173.56700000,15.87
1749267535,15.81000000,102.46200000,15.87
1749267535,15.80000000,87.81600000,15.87
1749267535,15.79000000,85.37000000,15.87
1749267535,15.78000000,361.55300000,15.87
1749267535,15.77000000,121.75000000,15.87
1749267535,15.76000000,50.71100000,15.87
1749267535,15.75000000,50.70300000,15.87
1749267535,15.74000000,172.54000000,15.87
1749267535,15.73000000,31.82300000,15.87
1749267535,15.72000000,31.83300000,15.87
1749267535,15.71000000,31.84400000,15.87
1749267535,15.70000000,1.68300000,15.87
1749267535,15.69000000,326.44900000,15.87
1749267535,15.68000000,77.77400000,15.87
1749267535,15.67000000,14.85000000,15.87
1749267535,15.66000000,17.48800000,15.87
1749267535,15.65000000,15.51100000,15.87
1749267535,15.64000000,14.85000000,15.87
1749267535,15.63000000,54.27800000,15.87
1749267535,15.62000000,15.20900000,15.87
1749267535,15.61000000,14.85000000,15.87
1749267535,15.60000000,256.60000000,15.87
1749267535,15.58000000,0.55300000,15.87
1749267535,15.57000000,15.51100000,15.87
1749267535,15.55000000,50.87100000,15.87
1749267535,15.54000000,21.78000000,15.87
1749267535,15.52000000,14.85000000,15.87
1749267535,15.51000000,18.32700000,15.87
1749267535,15.50000000,4.96900000,15.87
1749267535,15.49000000,17.48800000,15.87
1749267535,15.48000000,14.50100000,15.87
1749267535,15.47000000,2.33600000,15.87
1749267535,15.46000000,51.43000000,15.87
1749267535,15.45000000,0.42800000,15.87
1749267535,15.40000000,15.32800000,15.87
1749267535,15.39000000,15.51100000,15.87
1749267535,15.35000000,22.73700000,15.87
1749267535,15.33000000,2.63800000,15.87
1749267535,15.32000000,2.82900000,15.87
1749267535,15.31000000,0.66100000,15.87
1749267535,15.22000000,0.66100000,15.87
1749267535,15.18000000,1.05500000,15.87
1749267535,15.17000000,0.70600000,15.87
1749267535,15.16000000,2.63800000,15.87
1749267535,15.15000000,2.08900000,15.87
1749267535,15.14000000,2.88700000,15.87
1749267535,15.13000000,2.82900000,15.87
1749267535,15.12000000,2.33600000,15.87
1749267535,15.08000000,0.33200000,15.87
1749267535,15.06000000,0.66100000,15.87
1749267535,15.05000000,24.98400000,15.87
1749267535,15.01000000,13.85800000,15.87
1749267535,15.00000000,50.17800000,15.87
1749267535,14.99000000,13.38000000,15.87
1749267535,14.97000000,0.66100000,15.87
1749267535,14.94000000,5.42300000,15.87
1749267535,14.93000000,0.39400000,15.87
1749267535,14.90000000,101.21900000,15.87
1749267535,14.89000000,0.66100000,15.87
1749267535,14.88000000,1.93400000,15.87
1749267535,14.86000000,30.12900000,15.87
1749267535,14.85000000,1314.06000000,15.87
1749267535,14.84000000,212.62600000,15.87
1749267535,14.83000000,3.17100000,15.87
1749267535,14.82000000,0.63400000,15.87
1749267535,14.81000000,0.66100000,15.87
1749267535,14.80000000,11.18400000,15.87
1749267535,14.78000000,2.33600000,15.87
1749267535,14.76000000,3.35900000,15.87
1749267535,14.75000000,6.67200000,15.87
1749267535,14.73000000,0.66100000,15.87
1749267535,14.72000000,8.96800000,15.87
1749267535,14.71000000,0.76100000,15.87
1749267535,14.68000000,5.14300000,15.87
1749267535,14.67000000,3.41000000,15.87
1749267535,14.66000000,2.63800000,15.87
1749267535,14.65000000,42.60300000,15.87
1749267535,14.63000000,14.73100000,15.87
1749267535,14.62000000,0.39800000,15.87
1749267535,14.60000000,27.96600000,15.87
1749267535,14.58000000,1.09700000,15.87
1749267535,14.57000000,3.36700000,15.87
1749267535,14.56000000,16.24800000,15.87
1749267535,14.55000000,0.68800000,15.87
1749267535,14.53000000,0.42700000,15.87
1749267535,14.52000000,1.43500000,15.87
1749267535,14.51000000,33.61200000,15.87
1749267535,14.50000000,315.33200000,15.87
1749267535,14.49000000,2.63800000,15.87
1749267535,14.48000000,1.06700000,15.87
1749267535,14.47000000,1.29600000,15.87
1749267535,14.46000000,0.45300000,15.87
1749267535,14.44000000,32.10100000,15.87
1749267535,14.43000000,8.84300000,15.87
1749267836,15.89000000,30.87200000,15.89
1749267836,15.88000000,237.66500000,15.89
1749267836,15.87000000,570.11200000,15.89
1749267836,15.86000000,385.26200000,15.89
1749267836,15.85000000,332.52000000,15.89
1749267836,15.84000000,224.01200000,15.89
1749267836,15.83000000,58.32700000,15.89
1749267836,15.82000000,87.20400000,15.89
1749267836,15.81000000,85.46100000,15.89
1749267836,15.80000000,401.14700000,15.89
1749267836,15.79000000,63.02700000,15.89
1749267836,15.78000000,50.64100000,15.89
1749267836,15.77000000,191.80600000,15.89
1749267836,15.76000000,31.80100000,15.89
1749267836,15.75000000,31.80100000,15.89
1749267836,15.74000000,32.47300000,15.89
1749267836,15.73000000,31.82300000,15.89
1749267836,15.72000000,341.56300000,15.89
1749267836,15.71000000,14.85000000,15.89
1749267836,15.70000000,4.51200000,15.89
1749267836,15.69000000,14.85000000,15.89
1749267836,15.68000000,62.02600000,15.89
1749267836,15.67000000,53.84900000,15.89
1749267836,15.66000000,17.48800000,15.89
1749267836,15.65000000,275.81600000,15.89
1749267836,15.64000000,14.85000000,15.89
1749267836,15.63000000,15.17900000,15.89
1749267836,15.62000000,15.20900000,15.89
1749267836,15.59000000,39.19900000,15.89
1749267836,15.58000000,0.55300000,15.89
1749267836,15.57000000,15.51100000,15.89
1749267836,15.55000000,11.57100000,15.89
1749267836,15.54000000,21.78000000,15.89
1749267836,15.52000000,14.85000000,15.89
1749267836,15.51000000,18.32700000,15.89
1749267836,15.50000000,4.96900000,15.89
1749267836,15.49000000,17.48800000,15.89
1749267836,15.48000000,14.50100000,15.89
1749267836,15.47000000,2.33600000,15.89
1749267836,15.46000000,51.43000000,15.89
1749267836,15.45000000,0.42800000,15.89
1749267836,15.40000000,15.32800000,15.89
1749267836,15.39000000,15.51100000,15.89
1749267836,15.35000000,22.73700000,15.89
1749267836,15.33000000,2.63800000,15.89
1749267836,15.32000000,2.82900000,15.89
1749267836,15.31000000,0.66100000,15.89
1749267836,15.22000000,0.66100000,15.89
1749267836,15.18000000,1.05500000,15.89
1749267836,15.17000000,0.70600000,15.89
1749267836,15.16000000,2.63800000,15.89
1749267836,15.15000000,2.08900000,15.89
1749267836,15.14000000,2.88700000,15.89
1749267836,15.13000000,2.82900000,15.89
1749267836,15.12000000,2.33600000,15.89
1749267836,15.08000000,0.33200000,15.89
1749267836,15.06000000,0.66100000,15.89
1749267836,15.05000000,24.98400000,15.89
1749267836,15.01000000,13.85800000,15.89
1749267836,15.00000000,50.17800000,15.89
1749267836,14.99000000,13.38000000,15.89
1749267836,14.97000000,0.66100000,15.89
1749267836,14.94000000,5.42300000,15.89
1749267836,14.93000000,0.39400000,15.89
1749267836,14.90000000,101.21900000,15.89
1749267836,14.89000000,0.66100000,15.89
1749267836,14.88000000,1.93400000,15.89
1749267836,14.86000000,30.12900000,15.89
1749267836,14.85000000,1314.06000000,15.89
1749267836,14.84000000,212.62600000,15.89
1749267836,14.83000000,3.17100000,15.89
1749267836,14.82000000,0.63400000,15.89
1749267836,14.81000000,0.66100000,15.89
1749267836,14.80000000,11.18400000,15.89
1749267836,14.78000000,2.33600000,15.89
1749267836,14.76000000,3.35900000,15.89
1749267836,14.75000000,6.67200000,15.89
1749267836,14.73000000,0.66100000,15.89
1749267836,14.72000000,8.96800000,15.89
1749267836,14.71000000,0.76100000,15.89
1749267836,14.68000000,5.14300000,15.89
1749267836,14.67000000,3.41000000,15.89
1749267836,14.66000000,2.63800000,15.89
1749267836,14.65000000,42.60300000,15.89
1749267836,14.63000000,14.73100000,15.89
1749267836,14.62000000,0.39800000,15.89
1749267836,14.60000000,27.96600000,15.89
1749267836,14.58000000,1.09700000,15.89
1749267836,14.57000000,3.36700000,15.89
1749267836,14.56000000,16.24800000,15.89
1749267836,14.55000000,0.68800000,15.89
1749267836,14.53000000,0.42700000,15.89
1749267836,14.52000000,1.43500000,15.89
1749267836,14.51000000,33.61200000,15.89
1749267836,14.50000000,315.33200000,15.89
1749267836,14.49000000,2.63800000,15.89
1749267836,14.48000000,1.06700000,15.89
1749267836,14.47000000,1.29600000,15.89
1749267836,14.46000000,0.45300000,15.89
1749267836,14.44000000,32.10100000,15.89
1749268138,15.91000000,14.85000000,15.91
1749268138,15.90000000,103.53500000,15.91
1749268138,15.89000000,281.38000000,15.91
1749268138,15.88000000,574.29900000,15.91
1749268138,15.87000000,288.62700000,15.91
