timestamp,price,volume,current_price
1749258437,15.72000000,72.90400000,15.74
1749258437,15.71000000,256.12700000,15.74
1749258437,15.70000000,331.86600000,15.74
1749258437,15.69000000,287.56700000,15.74
1749258437,15.68000000,459.26900000,15.74
1749258437,15.67000000,220.89400000,15.74
1749258437,15.66000000,65.28200000,15.74
1749258437,15.65000000,381.05600000,15.74
1749258437,15.64000000,52.55900000,15.74
1749258437,15.63000000,50.62100000,15.74
1749258437,15.62000000,52.60700000,15.74
1749258437,15.61000000,198.22700000,15.74
1749258437,15.60000000,66.86400000,15.74
1749258437,15.58000000,0.55300000,15.74
1749258437,15.57000000,15.51100000,15.74
1749258437,15.56000000,54.12500000,15.74
1749258437,15.55000000,365.27600000,15.74
1749258437,15.54000000,29.83900000,15.74
1749258437,15.52000000,14.85000000,15.74
1749258437,15.51000000,279.17600000,15.74
1749258437,15.50000000,4.96900000,15.74
1749258437,15.49000000,17.48800000,15.74
1749258437,15.48000000,14.50100000,15.74
1749258437,15.41000000,13.64000000,15.74
1749258437,15.40000000,15.27500000,15.74
1749258437,15.39000000,15.94000000,15.74
1749258437,15.38000000,1.94900000,15.74
1749258437,15.36000000,14.85000000,15.74
1749258437,15.35000000,22.02400000,15.74
1749258437,15.34000000,14.85000000,15.74
1749258437,15.33000000,17.48800000,15.74
1749258437,15.32000000,17.67900000,15.74
1749258437,15.31000000,15.51100000,15.74
1749258437,15.27000000,0.41600000,15.74
1749258437,15.23000000,14.85000000,15.74
1749258437,15.22000000,15.51100000,15.74
1749258437,15.21000000,14.85000000,15.74
1749258437,15.20000000,0.35900000,15.74
1749258437,15.18000000,1.05500000,15.74
1749258437,15.17000000,0.36900000,15.74
1749258437,15.16000000,2.63800000,15.74
1749258437,15.15000000,1.42900000,15.74
1749258437,15.14000000,2.88700000,15.74
1749258437,15.13000000,3.50400000,15.74
1749258437,15.12000000,2.33600000,15.74
1749258437,15.10000000,67.20000000,15.74
1749258437,15.08000000,0.93200000,15.74
1749258437,15.06000000,0.66100000,15.74
1749258437,15.05000000,24.31900000,15.74
1749258437,15.01000000,13.85800000,15.74
1749258437,15.00000000,49.84400000,15.74
1749258437,14.99000000,13.38000000,15.74
1749258437,14.97000000,0.66100000,15.74
1749258437,14.96000000,61.41300000,15.74
1749258437,14.94000000,2.82900000,15.74
1749258437,14.90000000,101.21900000,15.74
1749258437,14.89000000,0.66100000,15.74
1749258437,14.86000000,6.87000000,15.74
1749258437,14.85000000,1314.06000000,15.74
1749258437,14.84000000,212.62600000,15.74
1749258437,14.83000000,3.17100000,15.74
1749258437,14.81000000,0.66100000,15.74
1749258437,14.80000000,11.18400000,15.74
1749258437,14.78000000,2.33600000,15.74
1749258437,14.76000000,3.35900000,15.74
1749258437,14.75000000,6.67200000,15.74
1749258437,14.73000000,0.66100000,15.74
1749258437,14.72000000,8.96800000,15.74
1749258437,14.71000000,0.76100000,15.74
1749258437,14.68000000,5.14300000,15.74
1749258437,14.67000000,4.09200000,15.74
1749258437,14.66000000,2.63800000,15.74
1749258437,14.65000000,42.60300000,15.74
1749258437,14.63000000,14.73100000,15.74
1749258437,14.62000000,0.39800000,15.74
1749258437,14.60000000,27.96600000,15.74
1749258437,14.58000000,1.09700000,15.74
1749258437,14.57000000,3.36700000,15.74
1749258437,14.56000000,16.24800000,15.74
1749258437,14.55000000,0.68800000,15.74
1749258437,14.53000000,0.42700000,15.74
1749258437,14.52000000,1.43500000,15.74
1749258437,14.51000000,33.61200000,15.74
1749258437,14.50000000,315.33200000,15.74
1749258437,14.49000000,2.63800000,15.74
1749258437,14.48000000,1.06700000,15.74
1749258437,14.47000000,1.29600000,15.74
1749258437,14.46000000,0.45300000,15.74
1749258437,14.44000000,32.10100000,15.74
1749258437,14.43000000,8.84300000,15.74
1749258437,14.42000000,1.55700000,15.74
1749258437,14.40000000,43.41600000,15.74
1749258437,14.39000000,2.82900000,15.74
1749258437,14.37000000,11.84200000,15.74
1749258437,14.36000000,20.89100000,15.74
1749258437,14.34000000,2.46300000,15.74
1749258437,14.33000000,36.94800000,15.74
1749258437,14.32000000,0.66100000,15.74
1749258437,14.31000000,6.31900000,15.74
1749258437,14.30000000,99.52000000,15.74
1749258777,15.70000000,27.56100000,15.71
1749258777,15.69000000,306.70600000,15.71
1749258777,15.68000000,430.50500000,15.71
1749258777,15.67000000,266.52300000,15.71
1749258777,15.66000000,270.84800000,15.71
1749258777,15.65000000,133.20500000,15.71
1749258777,15.64000000,81.13500000,15.71
1749258777,15.63000000,79.95500000,15.71
1749258777,15.62000000,106.27100000,15.71
1749258777,15.61000000,341.60400000,15.71
1749258777,15.60000000,52.64700000,15.71
1749258777,15.59000000,33.96400000,15.71
1749258777,15.58000000,40.11900000,15.71
1749258777,15.57000000,159.68000000,15.71
1749258777,15.56000000,69.99500000,15.71
1749258777,15.55000000,50.87100000,15.71
1749258777,15.54000000,31.42900000,15.71
1749258777,15.53000000,314.81000000,15.71
1749258777,15.52000000,14.85000000,15.71
1749258777,15.51000000,82.92900000,15.71
1749258777,15.50000000,4.96900000,15.71
1749258777,15.49000000,35.70900000,15.71
1749258777,15.48000000,16.09200000,15.71
1749258777,15.46000000,256.00000000,15.71
1749258777,15.45000000,1.59100000,15.71
1749258777,15.42000000,1.59100000,15.71
1749258777,15.41000000,13.64000000,15.71
1749258777,15.40000000,15.27500000,15.71
1749258777,15.39000000,17.10100000,15.71
1749258777,15.38000000,1.94900000,15.71
1749258777,15.36000000,14.85000000,15.71
1749258777,15.35000000,22.02400000,15.71
1749258777,15.34000000,14.85000000,15.71
1749258777,15.33000000,17.48800000,15.71
1749258777,15.32000000,17.67900000,15.71
1749258777,15.31000000,15.51100000,15.71
1749258777,15.27000000,0.41600000,15.71
1749258777,15.23000000,14.85000000,15.71
1749258777,15.22000000,15.51100000,15.71
1749258777,15.21000000,14.85000000,15.71
1749258777,15.20000000,0.35900000,15.71
1749258777,15.18000000,1.05500000,15.71
1749258777,15.17000000,0.36900000,15.71
1749258777,15.16000000,2.63800000,15.71
1749258777,15.15000000,1.42900000,15.71
1749258777,15.14000000,2.88700000,15.71
1749258777,15.13000000,3.50400000,15.71
1749258777,15.12000000,2.33600000,15.71
1749258777,15.08000000,0.93200000,15.71
1749258777,15.06000000,0.66100000,15.71
1749258777,15.05000000,24.31900000,15.71
1749258777,15.01000000,13.85800000,15.71
1749258777,15.00000000,49.84400000,15.71
1749258777,14.99000000,13.38000000,15.71
1749258777,14.97000000,0.66100000,15.71
1749258777,14.96000000,61.41300000,15.71
1749258777,14.94000000,2.82900000,15.71
1749258777,14.90000000,101.21900000,15.71
1749258777,14.89000000,0.66100000,15.71
1749258777,14.86000000,663.90000000,15.71
1749258777,14.85000000,657.03000000,15.71
1749258777,14.84000000,212.62600000,15.71
1749258777,14.83000000,3.17100000,15.71
1749258777,14.81000000,0.66100000,15.71
1749258777,14.80000000,11.18400000,15.71
1749258777,14.78000000,2.33600000,15.71
1749258777,14.76000000,3.35900000,15.71
1749258777,14.75000000,6.67200000,15.71
1749258777,14.73000000,0.66100000,15.71
1749258777,14.72000000,8.96800000,15.71
1749258777,14.71000000,0.76100000,15.71
1749258777,14.68000000,5.14300000,15.71
1749258777,14.67000000,4.09200000,15.71
1749258777,14.66000000,2.63800000,15.71
1749258777,14.65000000,42.60300000,15.71
1749258777,14.63000000,14.73100000,15.71
1749258777,14.62000000,0.39800000,15.71
1749258777,14.60000000,27.96600000,15.71
1749258777,14.58000000,1.09700000,15.71
1749258777,14.57000000,3.36700000,15.71
1749258777,14.56000000,16.24800000,15.71
1749258777,14.55000000,0.68800000,15.71
1749258777,14.53000000,0.42700000,15.71
1749258777,14.52000000,1.43500000,15.71
1749258777,14.51000000,33.61200000,15.71
1749258777,14.50000000,315.33200000,15.71
1749258777,14.49000000,2.63800000,15.71
1749258777,14.48000000,1.06700000,15.71
1749258777,14.47000000,1.29600000,15.71
1749258777,14.46000000,0.45300000,15.71
1749258777,14.44000000,32.10100000,15.71
1749258777,14.43000000,8.84300000,15.71
1749258777,14.42000000,1.55700000,15.71
1749258777,14.40000000,43.41600000,15.71
1749258777,14.39000000,2.82900000,15.71
1749258777,14.37000000,11.84200000,15.71
1749258777,14.36000000,20.89100000,15.71
1749258777,14.34000000,2.46300000,15.71
1749258777,14.33000000,36.94800000,15.71
1749258777,14.32000000,0.66100000,15.71
1749259080,15.68000000,20.80900000,15.69
1749259080,15.67000000,377.96200000,15.69
1749259080,15.66000000,351.54500000,15.69
1749259080,15.65000000,281.74300000,15.69
1749259080,15.64000000,249.19600000,15.69
1749259080,15.63000000,129.81400000,15.69
1749259080,15.62000000,51.08500000,15.69
1749259080,15.61000000,51.10900000,15.69
1749259080,15.60000000,66.68100000,15.69
1749259080,15.59000000,365.23500000,15.69
1749259080,15.58000000,36.71800000,15.69
1749259080,15.57000000,53.28800000,15.69
1749259080,15.56000000,233.02400000,15.69
1749259080,15.55000000,14.97700000,15.69
1749259080,15.54000000,23.14800000,15.69
1749259080,15.52000000,14.85000000,15.69
1749259080,15.51000000,122.33000000,15.69
1749259080,15.50000000,13.26700000,15.69
1749259080,15.49000000,333.11100000,15.69
1749259080,15.48000000,16.09200000,15.69
1749259080,15.46000000,14.85000000,15.69
1749259080,15.45000000,265.36500000,15.69
1749259080,15.42000000,1.59100000,15.69
1749259080,15.41000000,13.64000000,15.69
1749259080,15.40000000,15.27500000,15.69
1749259080,15.39000000,17.10100000,15.69
1749259080,15.38000000,1.94900000,15.69
1749259080,15.36000000,14.85000000,15.69
1749259080,15.35000000,22.02400000,15.69
1749259080,15.34000000,14.85000000,15.69
1749259080,15.33000000,17.48800000,15.69
1749259080,15.32000000,17.67900000,15.69
1749259080,15.31000000,15.51100000,15.69
1749259080,15.27000000,0.41600000,15.69
1749259080,15.23000000,14.85000000,15.69
1749259080,15.22000000,15.51100000,15.69
1749259080,15.21000000,14.85000000,15.69
1749259080,15.20000000,0.35900000,15.69
1749259080,15.18000000,1.05500000,15.69
1749259080,15.17000000,0.36900000,15.69
1749259080,15.16000000,2.63800000,15.69
1749259080,15.15000000,1.42900000,15.69
1749259080,15.14000000,2.88700000,15.69
1749259080,15.13000000,3.50400000,15.69
1749259080,15.12000000,2.33600000,15.69
1749259080,15.08000000,0.93200000,15.69
1749259080,15.06000000,67.86100000,15.69
1749259080,15.05000000,24.31900000,15.69
1749259080,15.01000000,13.85800000,15.69
1749259080,15.00000000,49.84400000,15.69
1749259080,14.99000000,13.38000000,15.69
1749259080,14.97000000,0.66100000,15.69
1749259080,14.96000000,61.41300000,15.69
1749259080,14.94000000,2.82900000,15.69
1749259080,14.90000000,101.21900000,15.69
1749259080,14.89000000,0.66100000,15.69
1749259080,14.86000000,663.90000000,15.69
1749259080,14.85000000,657.03000000,15.69
1749259080,14.84000000,212.62600000,15.69
1749259080,14.83000000,3.17100000,15.69
1749259080,14.81000000,0.66100000,15.69
1749259080,14.80000000,11.18400000,15.69
1749259080,14.78000000,2.33600000,15.69
1749259080,14.76000000,3.35900000,15.69
1749259080,14.75000000,6.67200000,15.69
1749259080,14.73000000,0.66100000,15.69
1749259080,14.72000000,8.96800000,15.69
1749259080,14.71000000,0.76100000,15.69
1749259080,14.68000000,5.14300000,15.69
1749259080,14.67000000,4.09200000,15.69
1749259080,14.66000000,2.63800000,15.69
1749259080,14.65000000,42.60300000,15.69
1749259080,14.63000000,14.73100000,15.69
1749259080,14.62000000,0.39800000,15.69
1749259080,14.60000000,27.96600000,15.69
1749259080,14.58000000,1.09700000,15.69
1749259080,14.57000000,3.36700000,15.69
1749259080,14.56000000,16.24800000,15.69
1749259080,14.55000000,0.68800000,15.69
1749259080,14.53000000,0.42700000,15.69
1749259080,14.52000000,1.43500000,15.69
1749259080,14.51000000,33.61200000,15.69
1749259080,14.50000000,315.33200000,15.69
1749259080,14.49000000,2.63800000,15.69
1749259080,14.48000000,1.06700000,15.69
1749259080,14.47000000,1.29600000,15.69
1749259080,14.46000000,0.45300000,15.69
1749259080,14.44000000,32.10100000,15.69
1749259080,14.43000000,8.84300000,15.69
1749259080,14.42000000,1.55700000,15.69
1749259080,14.40000000,43.41600000,15.69
1749259080,14.39000000,2.82900000,15.69
1749259080,14.37000000,11.84200000,15.69
1749259080,14.36000000,20.89100000,15.69
1749259080,14.34000000,2.46300000,15.69
1749259080,14.33000000,36.94800000,15.69
1749259080,14.32000000,0.66100000,15.69
1749259080,14.31000000,6.31900000,15.69
1749259080,14.30000000,99.52000000,15.69
1749259080,14.28000000,4.27600000,15.69
