timestamp,price,volume,current_price
1749254676,15.49000000,62.89300000,15.5
1749254676,15.48000000,193.26200000,15.5
1749254676,15.47000000,585.60400000,15.5
1749254676,15.46000000,294.30600000,15.5
1749254676,15.45000000,237.73400000,15.5
1749254676,15.44000000,195.13600000,15.5
1749254676,15.43000000,83.17300000,15.5
1749254676,15.42000000,330.46400000,15.5
1749254676,15.41000000,92.38100000,15.5
1749254676,15.40000000,53.15100000,15.5
1749254676,15.39000000,85.17900000,15.5
1749254676,15.38000000,193.82800000,15.5
1749254676,15.37000000,53.14100000,15.5
1749254676,15.36000000,32.13000000,15.5
1749254676,15.35000000,22.02400000,15.5
1749254676,15.34000000,14.85000000,15.5
1749254676,15.33000000,19.21000000,15.5
1749254676,15.32000000,336.80400000,15.5
1749254676,15.31000000,80.00100000,15.5
1749254676,15.30000000,23.26100000,15.5
1749254676,15.29000000,18.46000000,15.5
1749254676,15.27000000,14.85000000,15.5
1749254676,15.26000000,55.28700000,15.5
1749254676,15.25000000,261.81900000,15.5
1749254676,15.23000000,14.85000000,15.5
1749254676,15.22000000,15.51100000,15.5
1749254676,15.21000000,14.85000000,15.5
1749254676,15.20000000,0.35900000,15.5
1749254676,15.19000000,82.05000000,15.5
1749254676,15.18000000,15.90500000,15.5
1749254676,15.17000000,15.21900000,15.5
1749254676,15.16000000,19.46600000,15.5
1749254676,15.15000000,16.27900000,15.5
1749254676,15.14000000,17.73700000,15.5
1749254676,15.13000000,18.35400000,15.5
1749254676,15.12000000,2.33600000,15.5
1749254676,15.11000000,14.85000000,15.5
1749254676,15.09000000,55.38400000,15.5
1749254676,15.08000000,0.33200000,15.5
1749254676,15.06000000,0.66100000,15.5
1749254676,15.05000000,39.16900000,15.5
1749254676,15.04000000,0.71500000,15.5
1749254676,15.01000000,28.70800000,15.5
1749254676,15.00000000,64.69400000,15.5
1749254676,14.99000000,13.38000000,15.5
1749254676,14.97000000,0.66100000,15.5
1749254676,14.95000000,15.24300000,15.5
1749254676,14.94000000,2.82900000,15.5
1749254676,14.90000000,101.21900000,15.5
1749254676,14.89000000,0.66100000,15.5
1749254676,14.87000000,0.84300000,15.5
1749254676,14.85000000,1314.06000000,15.5
1749254676,14.84000000,212.62600000,15.5
1749254676,14.83000000,3.17100000,15.5
1749254676,14.81000000,0.66100000,15.5
1749254676,14.80000000,11.18400000,15.5
1749254676,14.78000000,2.33600000,15.5
1749254676,14.76000000,3.35900000,15.5
1749254676,14.75000000,6.67200000,15.5
1749254676,14.73000000,0.66100000,15.5
1749254676,14.72000000,8.96800000,15.5
1749254676,14.71000000,0.76100000,15.5
1749254676,14.68000000,5.14300000,15.5
1749254676,14.67000000,4.09200000,15.5
1749254676,14.66000000,2.63800000,15.5
1749254676,14.65000000,42.60300000,15.5
1749254676,14.63000000,14.73100000,15.5
1749254676,14.62000000,0.39800000,15.5
1749254676,14.60000000,27.96600000,15.5
1749254676,14.58000000,1.09700000,15.5
1749254676,14.57000000,3.36700000,15.5
1749254676,14.56000000,16.24800000,15.5
1749254676,14.55000000,0.68800000,15.5
1749254676,14.53000000,0.42700000,15.5
1749254676,14.52000000,1.43500000,15.5
1749254676,14.51000000,33.61200000,15.5
1749254676,14.50000000,315.33200000,15.5
1749254676,14.49000000,2.63800000,15.5
1749254676,14.48000000,1.06700000,15.5
1749254676,14.47000000,1.29600000,15.5
1749254676,14.46000000,0.45300000,15.5
1749254676,14.44000000,32.10100000,15.5
1749254676,14.43000000,8.84300000,15.5
1749254676,14.42000000,1.55700000,15.5
1749254676,14.40000000,43.41600000,15.5
1749254676,14.39000000,2.82900000,15.5
1749254676,14.37000000,11.84200000,15.5
1749254676,14.36000000,20.89100000,15.5
1749254676,14.34000000,2.46300000,15.5
1749254676,14.33000000,36.94800000,15.5
1749254676,14.32000000,0.66100000,15.5
1749254676,14.31000000,6.31900000,15.5
1749254676,14.30000000,99.52000000,15.5
1749254676,14.28000000,4.27600000,15.5
1749254676,14.27000000,2.11300000,15.5
1749254676,14.25000000,1362.39600000,15.5
1749254676,14.22000000,0.54800000,15.5
1749254676,14.21000000,2.82900000,15.5
1749254676,14.20000000,273.76400000,15.5
1749254676,14.19000000,1.45000000,15.5
1749254996,15.50000000,40.28300000,15.51
1749254996,15.49000000,153.71300000,15.51
1749254996,15.48000000,447.60600000,15.51
1749254996,15.47000000,392.12600000,15.51
1749254996,15.46000000,210.04800000,15.51
1749254996,15.45000000,235.71900000,15.51
1749254996,15.44000000,400.17600000,15.51
1749254996,15.43000000,63.15500000,15.51
1749254996,15.42000000,85.28400000,15.51
1749254996,15.41000000,71.42200000,15.51
1749254996,15.40000000,213.47800000,15.51
1749254996,15.39000000,70.15800000,15.51
1749254996,15.38000000,72.93500000,15.51
1749254996,15.37000000,32.14100000,15.51
1749254996,15.36000000,14.85000000,15.51
1749254996,15.35000000,86.34600000,15.51
1749254996,15.34000000,14.85000000,15.51
1749254996,15.33000000,19.21000000,15.51
1749254996,15.32000000,336.80400000,15.51
1749254996,15.31000000,15.51100000,15.51
1749254996,15.30000000,281.85400000,15.51
1749254996,15.29000000,18.46000000,15.51
1749254996,15.27000000,14.85000000,15.51
1749254996,15.26000000,55.28700000,15.51
1749254996,15.23000000,14.85000000,15.51
1749254996,15.22000000,15.51100000,15.51
1749254996,15.21000000,82.05000000,15.51
1749254996,15.20000000,0.35900000,15.51
1749254996,15.19000000,14.85000000,15.51
1749254996,15.18000000,56.19900000,15.51
1749254996,15.17000000,15.21900000,15.51
1749254996,15.16000000,19.46600000,15.51
1749254996,15.15000000,16.27900000,15.51
1749254996,15.14000000,17.73700000,15.51
1749254996,15.13000000,18.35400000,15.51
1749254996,15.12000000,2.33600000,15.51
1749254996,15.09000000,14.85000000,15.51
1749254996,15.08000000,0.33200000,15.51
1749254996,15.06000000,0.66100000,15.51
1749254996,15.05000000,39.16900000,15.51
1749254996,15.04000000,0.71500000,15.51
1749254996,15.01000000,28.70800000,15.51
1749254996,15.00000000,49.84400000,15.51
1749254996,14.99000000,13.38000000,15.51
1749254996,14.97000000,0.66100000,15.51
1749254996,14.95000000,63.31300000,15.51
1749254996,14.94000000,2.82900000,15.51
1749254996,14.93000000,0.72000000,15.51
1749254996,14.90000000,101.21900000,15.51
1749254996,14.89000000,0.66100000,15.51
1749254996,14.85000000,1314.06000000,15.51
1749254996,14.84000000,212.62600000,15.51
1749254996,14.83000000,3.17100000,15.51
1749254996,14.81000000,0.66100000,15.51
1749254996,14.80000000,11.18400000,15.51
1749254996,14.78000000,2.33600000,15.51
1749254996,14.76000000,3.35900000,15.51
1749254996,14.75000000,6.67200000,15.51
1749254996,14.73000000,0.66100000,15.51
1749254996,14.72000000,8.96800000,15.51
1749254996,14.71000000,0.76100000,15.51
1749254996,14.68000000,5.14300000,15.51
1749254996,14.67000000,4.09200000,15.51
1749254996,14.66000000,2.63800000,15.51
1749254996,14.65000000,42.60300000,15.51
1749254996,14.63000000,14.73100000,15.51
1749254996,14.62000000,0.39800000,15.51
1749254996,14.60000000,27.96600000,15.51
1749254996,14.58000000,1.09700000,15.51
1749254996,14.57000000,3.36700000,15.51
1749254996,14.56000000,16.24800000,15.51
1749254996,14.55000000,0.68800000,15.51
1749254996,14.53000000,0.42700000,15.51
1749254996,14.52000000,1.43500000,15.51
1749254996,14.51000000,33.61200000,15.51
1749254996,14.50000000,315.33200000,15.51
1749254996,14.49000000,2.63800000,15.51
1749254996,14.48000000,1.06700000,15.51
1749254996,14.47000000,1.29600000,15.51
1749254996,14.46000000,0.45300000,15.51
1749254996,14.44000000,32.10100000,15.51
1749254996,14.43000000,8.84300000,15.51
1749254996,14.42000000,1.55700000,15.51
1749254996,14.40000000,43.41600000,15.51
1749254996,14.39000000,2.82900000,15.51
1749254996,14.37000000,11.84200000,15.51
1749254996,14.36000000,20.89100000,15.51
1749254996,14.34000000,2.46300000,15.51
1749254996,14.33000000,36.94800000,15.51
1749254996,14.32000000,0.66100000,15.51
1749254996,14.31000000,6.31900000,15.51
1749254996,14.30000000,99.52000000,15.51
1749254996,14.28000000,4.27600000,15.51
1749254996,14.27000000,2.11300000,15.51
1749254996,14.25000000,1362.39600000,15.51
1749254996,14.22000000,0.54800000,15.51
1749254996,14.21000000,2.82900000,15.51
1749254996,14.20000000,273.76400000,15.51
1749254996,14.19000000,1.45000000,15.51
1749254996,14.15000000,2.22500000,15.51
