timestamp,price,volume,current_price
1749260639,13.59000000,4788.25000000,13.59
1749260639,13.58000000,10986.52000000,13.59
1749260639,13.57000000,11979.92000000,13.59
1749260639,13.56000000,9580.02000000,13.59
1749260639,13.55000000,7806.35000000,13.59
1749260639,13.54000000,5357.83000000,13.59
1749260639,13.53000000,5855.57000000,13.59
1749260639,13.52000000,7767.48000000,13.59
1749260639,13.51000000,1618.05000000,13.59
1749260639,13.50000000,1076.07000000,13.59
1749260639,13.49000000,1890.63000000,13.59
1749260639,13.48000000,6423.20000000,13.59
1749260639,13.47000000,950.20000000,13.59
1749260639,13.46000000,1051.53000000,13.59
1749260639,13.45000000,674.86000000,13.59
1749260639,13.44000000,1394.86000000,13.59
1749260639,13.43000000,1426.37000000,13.59
1749260639,13.42000000,1029.38000000,13.59
1749260639,13.41000000,4423.23000000,13.59
1749260639,13.40000000,904.30000000,13.59
1749260639,13.39000000,821.09000000,13.59
1749260639,13.38000000,1317.37000000,13.59
1749260639,13.37000000,1278.92000000,13.59
1749260639,13.36000000,727.74000000,13.59
1749260639,13.35000000,596.94000000,13.59
1749260639,13.34000000,523.04000000,13.59
1749260639,13.33000000,512.70000000,13.59
1749260639,13.32000000,732.63000000,13.59
1749260639,13.31000000,1767.98000000,13.59
1749260639,13.30000000,4504.92000000,13.59
1749260639,13.29000000,536.13000000,13.59
1749260639,13.28000000,576.85000000,13.59
1749260639,13.27000000,578.87000000,13.59
1749260639,13.26000000,555.62000000,13.59
1749260639,13.25000000,763.97000000,13.59
1749260639,13.24000000,478.21000000,13.59
1749260639,13.23000000,950.07000000,13.59
1749260639,13.22000000,619.93000000,13.59
1749260639,13.21000000,451.52000000,13.59
1749260639,13.20000000,1959.54000000,13.59
1749260639,13.19000000,636.68000000,13.59
1749260639,13.18000000,372.09000000,13.59
1749260639,13.17000000,252.30000000,13.59
1749260639,13.16000000,107.23000000,13.59
1749260639,13.15000000,104.78000000,13.59
1749260639,13.14000000,31.85000000,13.59
1749260639,13.13000000,292.92000000,13.59
1749260639,13.12000000,76.96000000,13.59
1749260639,13.11000000,55.85000000,13.59
1749260639,13.10000000,10792.50000000,13.59
1749260639,13.09000000,189.81000000,13.59
1749260639,13.08000000,39.78000000,13.59
1749260639,13.07000000,363.71000000,13.59
1749260639,13.06000000,81.86000000,13.59
1749260639,13.05000000,19.13000000,13.59
1749260639,13.04000000,685.66000000,13.59
1749260639,13.03000000,66.46000000,13.59
1749260639,13.02000000,82.25000000,13.59
1749260639,13.01000000,5345.92000000,13.59
1749260639,13.00000000,6014.63000000,13.59
1749260639,12.99000000,184.40000000,13.59
1749260639,12.98000000,248.11000000,13.59
1749260639,12.97000000,38.31000000,13.59
1749260639,12.96000000,474.63000000,13.59
1749260639,12.95000000,17.96000000,13.59
1749260639,12.94000000,16.21000000,13.59
1749260639,12.93000000,8.71000000,13.59
1749260639,12.92000000,99.85000000,13.59
1749260639,12.91000000,72.81000000,13.59
1749260639,12.90000000,1908.59000000,13.59
1749260639,12.89000000,300.94000000,13.59
1749260639,12.88000000,46.54000000,13.59
1749260639,12.87000000,58.53000000,13.59
1749260639,12.86000000,24.48000000,13.59
1749260639,12.85000000,118.26000000,13.59
1749260639,12.84000000,458.57000000,13.59
1749260639,12.83000000,3197.68000000,13.59
1749260639,12.82000000,137.09000000,13.59
1749260639,12.81000000,40.45000000,13.59
1749260639,12.80000000,4750.50000000,13.59
1749260639,12.79000000,358.20000000,13.59
1749260639,12.78000000,24.55000000,13.59
1749260639,12.77000000,1137.70000000,13.59
1749260639,12.76000000,30.80000000,13.59
1749260639,12.75000000,633.67000000,13.59
1749260639,12.74000000,118.87000000,13.59
1749260639,12.73000000,66.01000000,13.59
1749260639,12.72000000,58.76000000,13.59
1749260639,12.71000000,324.04000000,13.59
1749260639,12.70000000,3386.65000000,13.59
1749260639,12.69000000,10.51000000,13.59
1749260639,12.68000000,2219.86000000,13.59
1749260639,12.67000000,29.82000000,13.59
1749260639,12.66000000,37.07000000,13.59
1749260639,12.65000000,1204.81000000,13.59
1749260639,12.64000000,165.83000000,13.59
1749260639,12.63000000,37.08000000,13.59
1749260639,12.62000000,91.59000000,13.59
1749260639,12.61000000,154.61000000,13.59
1749260639,12.60000000,3660.10000000,13.59
1749260942,13.60000000,3209.86000000,13.6
1749260942,13.59000000,14615.84000000,13.6
1749260942,13.58000000,13775.16000000,13.6
1749260942,13.57000000,10672.00000000,13.6
1749260942,13.56000000,8711.57000000,13.6
1749260942,13.55000000,5669.81000000,13.6
1749260942,13.54000000,1621.78000000,13.6
1749260942,13.53000000,6570.80000000,13.6
1749260942,13.52000000,7034.58000000,13.6
1749260942,13.51000000,906.54000000,13.6
1749260942,13.50000000,2082.37000000,13.6
1749260942,13.49000000,1385.43000000,13.6
1749260942,13.48000000,5680.84000000,13.6
1749260942,13.47000000,749.71000000,13.6
1749260942,13.46000000,2159.03000000,13.6
1749260942,13.45000000,582.23000000,13.6
1749260942,13.44000000,1349.90000000,13.6
1749260942,13.43000000,616.40000000,13.6
1749260942,13.42000000,1239.81000000,13.6
1749260942,13.41000000,3780.22000000,13.6
1749260942,13.40000000,1642.29000000,13.6
1749260942,13.39000000,671.99000000,13.6
1749260942,13.38000000,513.64000000,13.6
1749260942,13.37000000,696.38000000,13.6
1749260942,13.36000000,728.43000000,13.6
1749260942,13.35000000,596.94000000,13.6
1749260942,13.34000000,544.49000000,13.6
1749260942,13.33000000,512.70000000,13.6
1749260942,13.32000000,732.63000000,13.6
1749260942,13.31000000,1812.52000000,13.6
1749260942,13.30000000,4501.48000000,13.6
1749260942,13.29000000,536.13000000,13.6
1749260942,13.28000000,576.85000000,13.6
1749260942,13.27000000,578.87000000,13.6
1749260942,13.26000000,555.62000000,13.6
1749260942,13.25000000,763.97000000,13.6
1749260942,13.24000000,374.71000000,13.6
1749260942,13.23000000,847.26000000,13.6
1749260942,13.22000000,511.66000000,13.6
1749260942,13.21000000,448.65000000,13.6
1749260942,13.20000000,1934.66000000,13.6
1749260942,13.19000000,256.93000000,13.6
1749260942,13.18000000,372.09000000,13.6
1749260942,13.17000000,252.30000000,13.6
1749260942,13.16000000,107.92000000,13.6
1749260942,13.15000000,104.78000000,13.6
1749260942,13.14000000,31.85000000,13.6
1749260942,13.13000000,292.92000000,13.6
1749260942,13.12000000,76.96000000,13.6
1749260942,13.11000000,56.75000000,13.6
1749260942,13.10000000,10810.95000000,13.6
1749260942,13.09000000,189.81000000,13.6
1749260942,13.08000000,39.78000000,13.6
1749260942,13.07000000,363.71000000,13.6
1749260942,13.06000000,81.86000000,13.6
1749260942,13.05000000,19.13000000,13.6
1749260942,13.04000000,685.66000000,13.6
1749260942,13.03000000,67.15000000,13.6
1749260942,13.02000000,82.25000000,13.6
1749260942,13.01000000,5345.92000000,13.6
1749260942,13.00000000,6006.79000000,13.6
1749260942,12.99000000,184.40000000,13.6
1749260942,12.98000000,248.11000000,13.6
1749260942,12.97000000,38.31000000,13.6
1749260942,12.96000000,475.32000000,13.6
1749260942,12.95000000,17.96000000,13.6
1749260942,12.94000000,16.21000000,13.6
1749260942,12.93000000,8.71000000,13.6
1749260942,12.92000000,99.85000000,13.6
1749260942,12.91000000,72.81000000,13.6
1749260942,12.90000000,1903.22000000,13.6
1749260942,12.89000000,300.94000000,13.6
1749260942,12.88000000,46.54000000,13.6
1749260942,12.87000000,58.53000000,13.6
1749260942,12.86000000,24.48000000,13.6
1749260942,12.85000000,118.26000000,13.6
1749260942,12.84000000,457.83000000,13.6
1749260942,12.83000000,3198.37000000,13.6
1749260942,12.82000000,136.31000000,13.6
1749260942,12.81000000,40.45000000,13.6
1749260942,12.80000000,4750.50000000,13.6
1749260942,12.79000000,358.20000000,13.6
1749260942,12.78000000,24.55000000,13.6
1749260942,12.77000000,1137.70000000,13.6
1749260942,12.76000000,31.49000000,13.6
1749260942,12.75000000,633.67000000,13.6
1749260942,12.74000000,118.87000000,13.6
1749260942,12.73000000,66.01000000,13.6
1749260942,12.72000000,58.76000000,13.6
1749260942,12.71000000,324.04000000,13.6
1749260942,12.70000000,2676.30000000,13.6
1749260942,12.69000000,10.51000000,13.6
1749260942,12.68000000,2219.86000000,13.6
1749260942,12.67000000,29.82000000,13.6
1749260942,12.66000000,37.07000000,13.6
1749260942,12.65000000,1204.81000000,13.6
1749260942,12.64000000,165.83000000,13.6
1749260942,12.63000000,37.77000000,13.6
1749260942,12.62000000,91.59000000,13.6
1749260942,12.61000000,154.61000000,13.6
1749261244,13.59000000,3354.01000000,13.59
1749261244,13.58000000,17969.76000000,13.59
1749261244,13.57000000,12285.44000000,13.59
1749261244,13.56000000,14135.05000000,13.59
1749261244,13.55000000,5657.39000000,13.59
1749261244,13.54000000,1813.52000000,13.59
1749261244,13.53000000,6758.43000000,13.59
1749261244,13.52000000,6955.06000000,13.59
1749261244,13.51000000,1816.43000000,13.59
1749261244,13.50000000,1045.22000000,13.59
1749261244,13.49000000,1680.75000000,13.59
1749261244,13.48000000,6670.53000000,13.59
1749261244,13.47000000,654.94000000,13.59
1749261244,13.46000000,1543.48000000,13.59
1749261244,13.45000000,587.37000000,13.59
1749261244,13.44000000,539.84000000,13.59
1749261244,13.43000000,616.40000000,13.59
1749261244,13.42000000,1231.24000000,13.59
1749261244,13.41000000,4517.68000000,13.59
1749261244,13.40000000,2454.77000000,13.59
1749261244,13.39000000,679.44000000,13.59
1749261244,13.38000000,513.64000000,13.59
1749261244,13.37000000,696.38000000,13.59
1749261244,13.36000000,728.43000000,13.59
1749261244,13.35000000,596.94000000,13.59
1749261244,13.34000000,523.04000000,13.59
1749261244,13.33000000,512.70000000,13.59
1749261244,13.32000000,744.25000000,13.59
1749261244,13.31000000,1800.89000000,13.59
1749261244,13.30000000,4501.48000000,13.59
1749261244,13.29000000,536.13000000,13.59
1749261244,13.28000000,576.85000000,13.59
1749261244,13.27000000,578.87000000,13.59
1749261244,13.26000000,555.62000000,13.59
1749261244,13.25000000,763.97000000,13.59
1749261244,13.24000000,478.21000000,13.59
1749261244,13.23000000,950.76000000,13.59
1749261244,13.22000000,511.66000000,13.59
1749261244,13.21000000,448.65000000,13.59
1749261244,13.20000000,1934.66000000,13.59
1749261244,13.19000000,624.34000000,13.59
1749261244,13.18000000,372.09000000,13.59
1749261244,13.17000000,252.30000000,13.59
1749261244,13.16000000,107.92000000,13.59
1749261244,13.15000000,104.78000000,13.59
1749261244,13.14000000,32.27000000,13.59
1749261244,13.13000000,292.92000000,13.59
1749261244,13.12000000,76.96000000,13.59
1749261244,13.11000000,56.75000000,13.59
1749261244,13.10000000,10810.95000000,13.59
1749261244,13.09000000,189.81000000,13.59
1749261244,13.08000000,39.78000000,13.59
1749261244,13.07000000,363.71000000,13.59
1749261244,13.06000000,81.86000000,13.59
1749261244,13.05000000,19.13000000,13.59
1749261244,13.04000000,685.66000000,13.59
1749261244,13.03000000,67.15000000,13.59
1749261244,13.02000000,82.25000000,13.59
1749261244,13.01000000,5345.92000000,13.59
1749261244,13.00000000,6006.79000000,13.59
1749261244,12.99000000,184.40000000,13.59
1749261244,12.98000000,248.11000000,13.59
1749261244,12.97000000,38.31000000,13.59
1749261244,12.96000000,475.32000000,13.59
1749261244,12.95000000,17.96000000,13.59
1749261244,12.94000000,15.43000000,13.59
1749261244,12.93000000,8.71000000,13.59
1749261244,12.92000000,100.63000000,13.59
1749261244,12.91000000,73.59000000,13.59
1749261244,12.90000000,1903.22000000,13.59
1749261244,12.89000000,300.94000000,13.59
1749261244,12.88000000,46.54000000,13.59
1749261244,12.87000000,58.53000000,13.59
1749261244,12.86000000,24.48000000,13.59
1749261244,12.85000000,118.68000000,13.59
1749261244,12.84000000,458.57000000,13.59
1749261244,12.83000000,3198.37000000,13.59
1749261244,12.82000000,135.53000000,13.59
1749261244,12.81000000,40.45000000,13.59
1749261244,12.80000000,4750.50000000,13.59
1749261244,12.79000000,358.20000000,13.59
1749261244,12.78000000,24.55000000,13.59
1749261244,12.77000000,1137.70000000,13.59
1749261244,12.76000000,31.49000000,13.59
1749261244,12.75000000,633.67000000,13.59
1749261244,12.74000000,118.87000000,13.59
1749261244,12.73000000,66.01000000,13.59
1749261244,12.72000000,58.76000000,13.59
1749261244,12.71000000,324.04000000,13.59
1749261244,12.70000000,2676.30000000,13.59
1749261244,12.69000000,10.51000000,13.59
1749261244,12.68000000,2219.86000000,13.59
1749261244,12.67000000,29.82000000,13.59
1749261244,12.66000000,37.07000000,13.59
1749261244,12.65000000,1204.81000000,13.59
1749261244,12.64000000,165.83000000,13.59
1749261244,12.63000000,37.77000000,13.59
1749261244,12.62000000,91.59000000,13.59
1749261244,12.61000000,154.61000000,13.59
1749261244,12.60000000,3660.10000000,13.59
1749261545,13.60000000,1873.59000000,13.6
1749261545,13.59000000,10935.44000000,13.6
1749261545,13.58000000,9889.13000000,13.6
1749261545,13.57000000,7892.35000000,13.6
1749261545,13.56000000,10316.93000000,13.6
1749261545,13.55000000,1936.01000000,13.6
1749261545,13.54000000,5246.85000000,13.6
1749261545,13.53000000,6545.93000000,13.6
1749261545,13.52000000,6994.75000000,13.6
1749261545,13.51000000,1919.38000000,13.6
1749261545,13.50000000,1967.05000000,13.6
1749261545,13.49000000,1425.60000000,13.6
1749261545,13.48000000,5975.77000000,13.6
1749261545,13.47000000,878.80000000,13.6
1749261545,13.46000000,809.80000000,13.6
1749261545,13.45000000,565.43000000,13.6
1749261545,13.44000000,1275.68000000,13.6
1749261545,13.43000000,1427.06000000,13.6
1749261545,13.42000000,1232.86000000,13.6
1749261545,13.41000000,3772.78000000,13.6
1749261545,13.40000000,837.25000000,13.6
1749261545,13.39000000,1485.08000000,13.6
1749261545,13.38000000,521.10000000,13.6
1749261545,13.37000000,1510.68000000,13.6
1749261545,13.36000000,728.43000000,13.6
1749261545,13.35000000,596.94000000,13.6
1749261545,13.34000000,523.04000000,13.6
1749261545,13.33000000,699.91000000,13.6
1749261545,13.32000000,732.63000000,13.6
1749261545,13.31000000,1811.59000000,13.6
1749261545,13.30000000,4501.48000000,13.6
1749261545,13.29000000,536.13000000,13.6
1749261545,13.28000000,576.85000000,13.6
1749261545,13.27000000,578.87000000,13.6
1749261545,13.26000000,555.62000000,13.6
1749261545,13.25000000,763.97000000,13.6
1749261545,13.24000000,478.21000000,13.6
1749261545,13.23000000,950.76000000,13.6
1749261545,13.22000000,511.66000000,13.6
1749261545,13.21000000,448.65000000,13.6
1749261545,13.20000000,1934.66000000,13.6
1749261545,13.19000000,256.93000000,13.6
1749261545,13.18000000,372.09000000,13.6
1749261545,13.17000000,252.30000000,13.6
1749261545,13.16000000,107.92000000,13.6
1749261545,13.15000000,104.78000000,13.6
1749261545,13.14000000,32.27000000,13.6
1749261545,13.13000000,292.92000000,13.6
1749261545,13.12000000,76.96000000,13.6
1749261545,13.11000000,56.75000000,13.6
1749261545,13.10000000,10810.95000000,13.6
1749261545,13.09000000,189.81000000,13.6
1749261545,13.08000000,39.78000000,13.6
1749261545,13.07000000,363.71000000,13.6
1749261545,13.06000000,81.86000000,13.6
1749261545,13.05000000,19.13000000,13.6
1749261545,13.04000000,685.66000000,13.6
1749261545,13.03000000,67.15000000,13.6
1749261545,13.02000000,82.25000000,13.6
1749261545,13.01000000,5345.92000000,13.6
1749261545,13.00000000,6006.79000000,13.6
1749261545,12.99000000,184.40000000,13.6
1749261545,12.98000000,248.11000000,13.6
1749261545,12.97000000,38.31000000,13.6
1749261545,12.96000000,475.32000000,13.6
1749261545,12.95000000,17.96000000,13.6
1749261545,12.94000000,15.43000000,13.6
1749261545,12.93000000,8.71000000,13.6
1749261545,12.92000000,100.63000000,13.6
1749261545,12.91000000,73.59000000,13.6
1749261545,12.90000000,1903.22000000,13.6
1749261545,12.89000000,300.94000000,13.6
1749261545,12.88000000,46.54000000,13.6
1749261545,12.87000000,58.53000000,13.6
1749261545,12.86000000,24.48000000,13.6
1749261545,12.85000000,118.68000000,13.6
1749261545,12.84000000,457.83000000,13.6
1749261545,12.83000000,3198.37000000,13.6
1749261545,12.82000000,135.53000000,13.6
1749261545,12.81000000,40.45000000,13.6
1749261545,12.80000000,4750.50000000,13.6
1749261545,12.79000000,358.20000000,13.6
1749261545,12.78000000,24.55000000,13.6
1749261545,12.77000000,1137.70000000,13.6
1749261545,12.76000000,31.49000000,13.6
1749261545,12.75000000,633.67000000,13.6
1749261545,12.74000000,118.87000000,13.6
1749261545,12.73000000,66.01000000,13.6
1749261545,12.72000000,58.76000000,13.6
1749261545,12.71000000,324.04000000,13.6
1749261545,12.70000000,2676.30000000,13.6
1749261545,12.69000000,10.51000000,13.6
1749261545,12.68000000,2219.86000000,13.6
1749261545,12.67000000,29.82000000,13.6
1749261545,12.66000000,37.07000000,13.6
1749261545,12.65000000,1204.81000000,13.6
1749261545,12.64000000,165.83000000,13.6
1749261545,12.63000000,37.77000000,13.6
1749261545,12.62000000,91.59000000,13.6
1749261545,12.61000000,154.61000000,13.6
1749261846,13.60000000,6038.58000000,13.6
1749261846,13.59000000,9415.36000000,13.6
1749261846,13.58000000,8738.40000000,13.6
1749261846,13.57000000,9748.63000000,13.6
1749261846,13.56000000,7102.50000000,13.6
1749261846,13.55000000,5519.20000000,13.6
1749261846,13.54000000,1622.23000000,13.6
1749261846,13.53000000,6518.04000000,13.6
1749261846,13.52000000,6999.28000000,13.6
1749261846,13.51000000,1650.49000000,13.6
1749261846,13.50000000,1869.69000000,13.6
1749261846,13.49000000,1431.33000000,13.6
1749261846,13.48000000,6109.85000000,13.6
1749261846,13.47000000,736.58000000,13.6
1749261846,13.46000000,1611.81000000,13.6
1749261846,13.45000000,556.69000000,13.6
1749261846,13.44000000,580.25000000,13.6
1749261846,13.43000000,1427.06000000,13.6
1749261846,13.42000000,1240.29000000,13.6
1749261846,13.41000000,3822.16000000,13.6
1749261846,13.40000000,837.25000000,13.6
1749261846,13.39000000,671.99000000,13.6
1749261846,13.38000000,513.64000000,13.6
1749261846,13.37000000,1510.68000000,13.6
1749261846,13.36000000,1543.34000000,13.6
1749261846,13.35000000,596.94000000,13.6
1749261846,13.34000000,523.04000000,13.6
1749261846,13.33000000,560.86000000,13.6
1749261846,13.32000000,732.63000000,13.6
1749261846,13.31000000,1762.93000000,13.6
1749261846,13.30000000,4501.48000000,13.6
1749261846,13.29000000,536.13000000,13.6
1749261846,13.28000000,576.85000000,13.6
1749261846,13.27000000,578.87000000,13.6
1749261846,13.26000000,555.62000000,13.6
1749261846,13.25000000,763.97000000,13.6
1749261846,13.24000000,478.21000000,13.6
1749261846,13.23000000,847.26000000,13.6
1749261846,13.22000000,511.66000000,13.6
1749261846,13.21000000,448.65000000,13.6
1749261846,13.20000000,1925.02000000,13.6
1749261846,13.19000000,256.93000000,13.6
1749261846,13.18000000,372.09000000,13.6
1749261846,13.17000000,252.30000000,13.6
1749261846,13.16000000,107.92000000,13.6
1749261846,13.15000000,104.78000000,13.6
1749261846,13.14000000,32.27000000,13.6
1749261846,13.13000000,292.92000000,13.6
1749261846,13.12000000,76.96000000,13.6
1749261846,13.11000000,52.37000000,13.6
1749261846,13.10000000,10810.95000000,13.6
1749261846,13.09000000,189.81000000,13.6
1749261846,13.08000000,77.98000000,13.6
1749261846,13.07000000,363.71000000,13.6
1749261846,13.06000000,81.86000000,13.6
1749261846,13.05000000,19.13000000,13.6
1749261846,13.04000000,685.66000000,13.6
1749261846,13.03000000,67.15000000,13.6
1749261846,13.02000000,82.25000000,13.6
1749261846,13.01000000,5345.92000000,13.6
1749261846,13.00000000,5993.71000000,13.6
1749261846,12.99000000,184.40000000,13.6
1749261846,12.98000000,248.11000000,13.6
1749261846,12.97000000,38.31000000,13.6
1749261846,12.96000000,475.32000000,13.6
1749261846,12.95000000,17.96000000,13.6
1749261846,12.94000000,13.87000000,13.6
1749261846,12.93000000,9.49000000,13.6
1749261846,12.92000000,101.41000000,13.6
1749261846,12.91000000,73.59000000,13.6
1749261846,12.90000000,1903.22000000,13.6
1749261846,12.89000000,300.94000000,13.6
1749261846,12.88000000,46.54000000,13.6
1749261846,12.87000000,58.53000000,13.6
1749261846,12.86000000,24.48000000,13.6
1749261846,12.85000000,118.68000000,13.6
1749261846,12.84000000,457.83000000,13.6
1749261846,12.83000000,3198.37000000,13.6
1749261846,12.82000000,135.53000000,13.6
1749261846,12.81000000,40.45000000,13.6
1749261846,12.80000000,4750.50000000,13.6
1749261846,12.79000000,358.20000000,13.6
1749261846,12.78000000,24.55000000,13.6
1749261846,12.77000000,1137.70000000,13.6
1749261846,12.76000000,31.49000000,13.6
1749261846,12.75000000,633.67000000,13.6
1749261846,12.74000000,118.87000000,13.6
1749261846,12.73000000,66.01000000,13.6
1749261846,12.72000000,58.76000000,13.6
1749261846,12.71000000,324.04000000,13.6
1749261846,12.70000000,2676.30000000,13.6
1749261846,12.69000000,10.51000000,13.6
1749261846,12.68000000,2219.86000000,13.6
1749261846,12.67000000,29.82000000,13.6
1749261846,12.66000000,37.07000000,13.6
1749261846,12.65000000,1204.81000000,13.6
1749261846,12.64000000,165.83000000,13.6
1749261846,12.63000000,37.77000000,13.6
1749261846,12.62000000,91.59000000,13.6
1749261846,12.61000000,154.61000000,13.6
1749262148,13.62000000,3033.12000000,13.62
1749262148,13.61000000,10801.20000000,13.62
1749262148,13.60000000,18030.44000000,13.62
1749262148,13.59000000,10795.11000000,13.62
1749262148,13.58000000,8342.17000000,13.62
1749262148,13.57000000,4742.30000000,13.62
1749262148,13.56000000,7097.30000000,13.62
1749262148,13.55000000,6371.50000000,13.62
1749262148,13.54000000,1812.97000000,13.62
1749262148,13.53000000,1668.60000000,13.62
1749262148,13.52000000,7795.00000000,13.62
1749262148,13.51000000,827.66000000,13.62
1749262148,13.50000000,1046.60000000,13.62
1749262148,13.49000000,1505.12000000,13.62
1749262148,13.48000000,5779.08000000,13.62
1749262148,13.47000000,795.35000000,13.62
1749262148,13.46000000,1630.46000000,13.62
1749262148,13.45000000,556.69000000,13.62
1749262148,13.44000000,696.56000000,13.62
1749262148,13.43000000,2164.52000000,13.62
1749262148,13.42000000,502.83000000,13.62
1749262148,13.41000000,3772.78000000,13.62
1749262148,13.40000000,837.25000000,13.62
1749262148,13.39000000,1485.08000000,13.62
1749262148,13.38000000,513.64000000,13.62
1749262148,13.37000000,1510.68000000,13.62
1749262148,13.36000000,728.43000000,13.62
1749262148,13.35000000,596.94000000,13.62
1749262148,13.34000000,523.04000000,13.62
1749262148,13.33000000,558.67000000,13.62
1749262148,13.32000000,736.76000000,13.62
1749262148,13.31000000,1762.93000000,13.62
1749262148,13.30000000,4501.48000000,13.62
1749262148,13.29000000,536.13000000,13.62
1749262148,13.28000000,576.85000000,13.62
1749262148,13.27000000,555.74000000,13.62
1749262148,13.26000000,555.62000000,13.62
1749262148,13.25000000,660.47000000,13.62
1749262148,13.24000000,374.71000000,13.62
1749262148,13.23000000,734.27000000,13.62
1749262148,13.22000000,497.46000000,13.62
1749262148,13.21000000,77.51000000,13.62
1749262148,13.20000000,1562.96000000,13.62
1749262148,13.19000000,256.93000000,13.62
1749262148,13.18000000,372.09000000,13.62
1749262148,13.17000000,252.30000000,13.62
1749262148,13.16000000,107.92000000,13.62
1749262148,13.15000000,104.78000000,13.62
1749262148,13.14000000,32.27000000,13.62
1749262148,13.13000000,292.92000000,13.62
1749262148,13.12000000,76.96000000,13.62
1749262148,13.11000000,52.37000000,13.62
1749262148,13.10000000,10810.95000000,13.62
1749262148,13.09000000,189.81000000,13.62
1749262148,13.08000000,77.98000000,13.62
1749262148,13.07000000,363.71000000,13.62
1749262148,13.06000000,104.99000000,13.62
1749262148,13.05000000,19.13000000,13.62
1749262148,13.04000000,685.66000000,13.62
1749262148,13.03000000,67.15000000,13.62
1749262148,13.02000000,82.25000000,13.62
1749262148,13.01000000,5345.15000000,13.62
1749262148,13.00000000,5993.71000000,13.62
1749262148,12.99000000,184.40000000,13.62
1749262148,12.98000000,248.11000000,13.62
1749262148,12.97000000,38.31000000,13.62
1749262148,12.96000000,475.32000000,13.62
1749262148,12.95000000,17.96000000,13.62
1749262148,12.94000000,15.43000000,13.62
1749262148,12.93000000,10.27000000,13.62
1749262148,12.92000000,101.41000000,13.62
1749262148,12.91000000,72.81000000,13.62
1749262148,12.90000000,1902.44000000,13.62
1749262148,12.89000000,300.94000000,13.62
1749262148,12.88000000,46.54000000,13.62
1749262148,12.87000000,58.53000000,13.62
1749262148,12.86000000,23.74000000,13.62
1749262148,12.85000000,117.94000000,13.62
1749262148,12.84000000,457.83000000,13.62
1749262148,12.83000000,3198.37000000,13.62
1749262148,12.82000000,135.53000000,13.62
1749262148,12.81000000,40.45000000,13.62
1749262148,12.80000000,4750.50000000,13.62
1749262148,12.79000000,358.20000000,13.62
1749262148,12.78000000,24.55000000,13.62
1749262148,12.77000000,1137.70000000,13.62
1749262148,12.76000000,31.49000000,13.62
1749262148,12.75000000,633.67000000,13.62
1749262148,12.74000000,118.87000000,13.62
1749262148,12.73000000,66.01000000,13.62
1749262148,12.72000000,58.76000000,13.62
1749262148,12.71000000,324.04000000,13.62
1749262148,12.70000000,2676.30000000,13.62
1749262148,12.69000000,10.51000000,13.62
1749262148,12.68000000,492.27000000,13.62
1749262148,12.67000000,29.82000000,13.62
1749262148,12.66000000,37.07000000,13.62
1749262148,12.65000000,1204.81000000,13.62
1749262148,12.64000000,165.83000000,13.62
1749262148,12.63000000,37.77000000,13.62
1749262450,13.64000000,2412.17000000,13.64
1749262450,13.63000000,15006.73000000,13.64
1749262450,13.62000000,13618.59000000,13.64
1749262450,13.61000000,13829.63000000,13.64
1749262450,13.60000000,5320.59000000,13.64
1749262450,13.59000000,5778.41000000,13.64
1749262450,13.58000000,7392.26000000,13.64
1749262450,13.57000000,7511.24000000,13.64
1749262450,13.56000000,1732.67000000,13.64
1749262450,13.55000000,1485.95000000,13.64
1749262450,13.54000000,8340.14000000,13.64
1749262450,13.53000000,1010.78000000,13.64
1749262450,13.52000000,1434.42000000,13.64
1749262450,13.51000000,1216.16000000,13.64
1749262450,13.50000000,940.91000000,13.64
1749262450,13.49000000,1514.00000000,13.64
1749262450,13.48000000,5664.42000000,13.64
1749262450,13.47000000,1585.71000000,13.64
1749262450,13.46000000,605.05000000,13.64
1749262450,13.45000000,661.72000000,13.64
1749262450,13.44000000,612.24000000,13.64
1749262450,13.43000000,1353.86000000,13.64
1749262450,13.42000000,1306.67000000,13.64
1749262450,13.41000000,3633.09000000,13.64
1749262450,13.40000000,1642.29000000,13.64
1749262450,13.39000000,671.99000000,13.64
1749262450,13.38000000,513.64000000,13.64
1749262450,13.37000000,705.57000000,13.64
1749262450,13.36000000,728.43000000,13.64
1749262450,13.35000000,631.53000000,13.64
1749262450,13.34000000,530.52000000,13.64
1749262450,13.33000000,510.84000000,13.64
1749262450,13.32000000,732.25000000,13.64
1749262450,13.31000000,1762.93000000,13.64
1749262450,13.30000000,4501.48000000,13.64
1749262450,13.29000000,536.13000000,13.64
1749262450,13.28000000,576.85000000,13.64
1749262450,13.27000000,452.24000000,13.64
1749262450,13.26000000,452.12000000,13.64
1749262450,13.25000000,660.47000000,13.64
1749262450,13.24000000,348.85000000,13.64
1749262450,13.23000000,475.59000000,13.64
1749262450,13.22000000,142.80000000,13.64
1749262450,13.21000000,77.51000000,13.64
1749262450,13.20000000,1586.09000000,13.64
1749262450,13.19000000,256.93000000,13.64
1749262450,13.18000000,372.09000000,13.64
1749262450,13.17000000,252.30000000,13.64
1749262450,13.16000000,107.92000000,13.64
1749262450,13.15000000,104.78000000,13.64
1749262450,13.14000000,32.27000000,13.64
1749262450,13.13000000,292.92000000,13.64
1749262450,13.12000000,84.58000000,13.64
1749262450,13.11000000,58.51000000,13.64
1749262450,13.10000000,10810.95000000,13.64
1749262450,13.09000000,189.81000000,13.64
1749262450,13.08000000,77.98000000,13.64
1749262450,13.07000000,363.71000000,13.64
1749262450,13.06000000,81.86000000,13.64
1749262450,13.05000000,19.13000000,13.64
1749262450,13.04000000,685.66000000,13.64
1749262450,13.03000000,67.15000000,13.64
1749262450,13.02000000,82.25000000,13.64
1749262450,13.01000000,5345.15000000,13.64
1749262450,13.00000000,5993.71000000,13.64
1749262450,12.99000000,184.40000000,13.64
1749262450,12.98000000,248.11000000,13.64
1749262450,12.97000000,38.31000000,13.64
1749262450,12.96000000,476.88000000,13.64
1749262450,12.95000000,17.96000000,13.64
1749262450,12.94000000,15.43000000,13.64
1749262450,12.93000000,9.49000000,13.64
1749262450,12.92000000,100.63000000,13.64
1749262450,12.91000000,72.81000000,13.64
1749262450,12.90000000,1904.66000000,13.64
1749262450,12.89000000,311.93000000,13.64
1749262450,12.88000000,45.80000000,13.64
1749262450,12.87000000,46.78000000,13.64
1749262450,12.86000000,23.74000000,13.64
1749262450,12.85000000,117.94000000,13.64
1749262450,12.84000000,457.83000000,13.64
1749262450,12.83000000,3198.37000000,13.64
1749262450,12.82000000,135.53000000,13.64
1749262450,12.81000000,40.45000000,13.64
1749262450,12.80000000,4750.50000000,13.64
1749262450,12.79000000,358.20000000,13.64
1749262450,12.78000000,24.55000000,13.64
1749262450,12.77000000,1137.70000000,13.64
1749262450,12.76000000,31.49000000,13.64
1749262450,12.75000000,633.67000000,13.64
1749262450,12.74000000,118.87000000,13.64
1749262450,12.73000000,66.01000000,13.64
1749262450,12.72000000,58.76000000,13.64
1749262450,12.71000000,324.04000000,13.64
1749262450,12.70000000,2676.30000000,13.64
1749262450,12.69000000,10.51000000,13.64
1749262450,12.68000000,2215.44000000,13.64
1749262450,12.67000000,29.82000000,13.64
1749262450,12.66000000,37.07000000,13.64
1749262450,12.65000000,1204.81000000,13.64
1749262751,13.66000000,2277.57000000,13.66
1749262751,13.65000000,13934.58000000,13.66
1749262751,13.64000000,12824.11000000,13.66
1749262751,13.63000000,8959.62000000,13.66
1749262751,13.62000000,7240.64000000,13.66
1749262751,13.61000000,7912.14000000,13.66
1749262751,13.60000000,6912.66000000,13.66
1749262751,13.59000000,3483.20000000,13.66
1749262751,13.58000000,8351.50000000,13.66
1749262751,13.57000000,2170.74000000,13.66
1749262751,13.56000000,8599.62000000,13.66
1749262751,13.55000000,956.33000000,13.66
1749262751,13.54000000,1770.70000000,13.66
1749262751,13.53000000,941.74000000,13.66
1749262751,13.52000000,5512.18000000,13.66
1749262751,13.51000000,1678.05000000,13.66
1749262751,13.50000000,1930.79000000,13.66
1749262751,13.49000000,691.60000000,13.66
1749262751,13.48000000,896.92000000,13.66
1749262751,13.47000000,1517.61000000,13.66
1749262751,13.46000000,1372.81000000,13.66
1749262751,13.45000000,669.14000000,13.66
1749262751,13.44000000,539.84000000,13.66
1749262751,13.43000000,623.83000000,13.66
1749262751,13.42000000,495.40000000,13.66
1749262751,13.41000000,3625.65000000,13.66
1749262751,13.40000000,1642.29000000,13.66
1749262751,13.39000000,671.99000000,13.66
1749262751,13.38000000,513.64000000,13.66
1749262751,13.37000000,744.02000000,13.66
1749262751,13.36000000,740.01000000,13.66
1749262751,13.35000000,589.60000000,13.66
1749262751,13.34000000,546.17000000,13.66
1749262751,13.33000000,510.84000000,13.66
1749262751,13.32000000,732.25000000,13.66
1749262751,13.31000000,1762.93000000,13.66
1749262751,13.30000000,4501.48000000,13.66
1749262751,13.29000000,432.63000000,13.66
1749262751,13.28000000,473.35000000,13.66
1749262751,13.27000000,452.24000000,13.66
1749262751,13.26000000,452.12000000,13.66
1749262751,13.25000000,289.26000000,13.66
1749262751,13.24000000,4.54000000,13.66
1749262751,13.23000000,475.59000000,13.66
1749262751,13.22000000,142.80000000,13.66
1749262751,13.21000000,77.51000000,13.66
1749262751,13.20000000,1562.96000000,13.66
1749262751,13.19000000,256.93000000,13.66
1749262751,13.18000000,372.09000000,13.66
1749262751,13.17000000,252.30000000,13.66
1749262751,13.16000000,107.92000000,13.66
1749262751,13.15000000,104.78000000,13.66
1749262751,13.14000000,32.27000000,13.66
1749262751,13.13000000,292.92000000,13.66
1749262751,13.12000000,84.58000000,13.66
1749262751,13.11000000,58.51000000,13.66
1749262751,13.10000000,10810.95000000,13.66
1749262751,13.09000000,189.81000000,13.66
1749262751,13.08000000,77.98000000,13.66
1749262751,13.07000000,363.71000000,13.66
1749262751,13.06000000,81.86000000,13.66
1749262751,13.05000000,19.13000000,13.66
1749262751,13.04000000,685.66000000,13.66
1749262751,13.03000000,67.15000000,13.66
1749262751,13.02000000,82.25000000,13.66
1749262751,13.01000000,5345.15000000,13.66
1749262751,13.00000000,5993.71000000,13.66
1749262751,12.99000000,184.40000000,13.66
1749262751,12.98000000,248.11000000,13.66
1749262751,12.97000000,38.31000000,13.66
1749262751,12.96000000,476.88000000,13.66
1749262751,12.95000000,17.96000000,13.66
1749262751,12.94000000,15.43000000,13.66
1749262751,12.93000000,9.49000000,13.66
1749262751,12.92000000,100.63000000,13.66
1749262751,12.91000000,72.81000000,13.66
1749262751,12.90000000,1903.92000000,13.66
1749262751,12.89000000,311.19000000,13.66
1749262751,12.88000000,45.80000000,13.66
1749262751,12.87000000,46.78000000,13.66
1749262751,12.86000000,23.74000000,13.66
1749262751,12.85000000,117.94000000,13.66
1749262751,12.84000000,457.83000000,13.66
1749262751,12.83000000,3198.37000000,13.66
1749262751,12.82000000,135.53000000,13.66
1749262751,12.81000000,40.45000000,13.66
1749262751,12.80000000,4750.50000000,13.66
1749262751,12.79000000,358.20000000,13.66
1749262751,12.78000000,24.55000000,13.66
1749262751,12.77000000,1137.70000000,13.66
1749262751,12.76000000,31.49000000,13.66
1749262751,12.75000000,633.67000000,13.66
1749262751,12.74000000,118.87000000,13.66
1749262751,12.73000000,66.01000000,13.66
1749262751,12.72000000,58.76000000,13.66
1749262751,12.71000000,324.04000000,13.66
1749262751,12.70000000,2676.30000000,13.66
1749262751,12.69000000,10.51000000,13.66
1749262751,12.68000000,2215.44000000,13.66
1749262751,12.67000000,29.82000000,13.66
1749263053,13.65000000,7349.41000000,13.65
1749263053,13.64000000,14190.39000000,13.65
1749263053,13.63000000,12859.70000000,13.65
1749263053,13.62000000,10098.14000000,13.65
1749263053,13.61000000,7490.98000000,13.65
1749263053,13.60000000,3427.01000000,13.65
1749263053,13.59000000,8647.78000000,13.65
1749263053,13.58000000,9259.21000000,13.65
1749263053,13.57000000,2196.97000000,13.65
1749263053,13.56000000,2639.62000000,13.65
1749263053,13.55000000,1690.54000000,13.65
1749263053,13.54000000,1036.49000000,13.65
1749263053,13.53000000,5619.84000000,13.65
1749263053,13.52000000,1516.67000000,13.65
1749263053,13.51000000,942.21000000,13.65
1749263053,13.50000000,1779.06000000,13.65
1749263053,13.49000000,691.60000000,13.65
1749263053,13.48000000,1636.51000000,13.65
1749263053,13.47000000,3905.38000000,13.65
1749263053,13.46000000,1372.81000000,13.65
1749263053,13.45000000,661.72000000,13.65
1749263053,13.44000000,539.84000000,13.65
1749263053,13.43000000,616.40000000,13.65
1749263053,13.42000000,495.40000000,13.65
1749263053,13.41000000,502.61000000,13.65
1749263053,13.40000000,1642.29000000,13.65
1749263053,13.39000000,671.99000000,13.65
1749263053,13.38000000,516.75000000,13.65
1749263053,13.37000000,742.45000000,13.65
1749263053,13.36000000,1915.89000000,13.65
1749263053,13.35000000,588.57000000,13.65
1749263053,13.34000000,546.17000000,13.65
1749263053,13.33000000,510.84000000,13.65
1749263053,13.32000000,732.25000000,13.65
1749263053,13.31000000,534.60000000,13.65
1749263053,13.30000000,4501.48000000,13.65
1749263053,13.29000000,432.63000000,13.65
1749263053,13.28000000,465.99000000,13.65
1749263053,13.27000000,452.24000000,13.65
1749263053,13.26000000,1680.82000000,13.65
1749263053,13.25000000,630.19000000,13.65
1749263053,13.24000000,4.54000000,13.65
1749263053,13.23000000,473.45000000,13.65
1749263053,13.22000000,142.80000000,13.65
1749263053,13.21000000,77.51000000,13.65
1749263053,13.20000000,351.17000000,13.65
1749263053,13.19000000,256.93000000,13.65
1749263053,13.18000000,372.09000000,13.65
1749263053,13.17000000,252.30000000,13.65
1749263053,13.16000000,706.15000000,13.65
1749263053,13.15000000,104.78000000,13.65
1749263053,13.14000000,32.27000000,13.65
1749263053,13.13000000,292.92000000,13.65
1749263053,13.12000000,84.58000000,13.65
1749263053,13.11000000,58.51000000,13.65
1749263053,13.10000000,10191.07000000,13.65
1749263053,13.09000000,189.81000000,13.65
1749263053,13.08000000,77.98000000,13.65
1749263053,13.07000000,363.71000000,13.65
1749263053,13.06000000,81.86000000,13.65
1749263053,13.05000000,19.13000000,13.65
1749263053,13.04000000,685.66000000,13.65
1749263053,13.03000000,67.15000000,13.65
1749263053,13.02000000,82.25000000,13.65
1749263053,13.01000000,5345.15000000,13.65
1749263053,13.00000000,5993.71000000,13.65
1749263053,12.99000000,184.40000000,13.65
1749263053,12.98000000,248.11000000,13.65
1749263053,12.97000000,38.31000000,13.65
1749263053,12.96000000,476.88000000,13.65
1749263053,12.95000000,17.96000000,13.65
1749263053,12.94000000,15.43000000,13.65
1749263053,12.93000000,9.49000000,13.65
1749263053,12.92000000,100.63000000,13.65
1749263053,12.91000000,72.81000000,13.65
1749263053,12.90000000,1904.66000000,13.65
1749263053,12.89000000,311.19000000,13.65
1749263053,12.88000000,45.80000000,13.65
1749263053,12.87000000,46.78000000,13.65
1749263053,12.86000000,23.74000000,13.65
1749263053,12.85000000,117.94000000,13.65
1749263053,12.84000000,457.83000000,13.65
1749263053,12.83000000,3198.37000000,13.65
1749263053,12.82000000,135.53000000,13.65
1749263053,12.81000000,40.45000000,13.65
1749263053,12.80000000,4750.50000000,13.65
1749263053,12.79000000,358.20000000,13.65
1749263053,12.78000000,24.55000000,13.65
1749263053,12.77000000,1137.70000000,13.65
1749263053,12.76000000,31.49000000,13.65
1749263053,12.75000000,633.67000000,13.65
1749263053,12.74000000,118.87000000,13.65
1749263053,12.73000000,66.01000000,13.65
1749263053,12.72000000,58.76000000,13.65
1749263053,12.71000000,324.04000000,13.65
1749263053,12.70000000,2677.08000000,13.65
1749263053,12.69000000,10.51000000,13.65
1749263053,12.68000000,2215.44000000,13.65
1749263053,12.67000000,29.82000000,13.65
1749263053,12.66000000,37.07000000,13.65
1749263355,13.68000000,2439.68000000,13.69
1749263355,13.67000000,9883.58000000,13.69
1749263355,13.66000000,15750.47000000,13.69
1749263355,13.65000000,9124.75000000,13.69
1749263355,13.64000000,8632.00000000,13.69
1749263355,13.63000000,6650.23000000,13.69
1749263355,13.62000000,6726.11000000,13.69
1749263355,13.61000000,8369.32000000,13.69
1749263355,13.60000000,3698.87000000,13.69
1749263355,13.59000000,3252.40000000,13.69
1749263355,13.58000000,10239.75000000,13.69
1749263355,13.57000000,1073.28000000,13.69
1749263355,13.56000000,1680.23000000,13.69
1749263355,13.55000000,916.26000000,13.69
1749263355,13.54000000,1021.87000000,13.69
1749263355,13.53000000,7231.80000000,13.69
1749263355,13.52000000,700.21000000,13.69
1749263355,13.51000000,932.72000000,13.69
1749263355,13.50000000,1561.78000000,13.69
1749263355,13.49000000,1702.10000000,13.69
1749263355,13.48000000,899.05000000,13.69
1749263355,13.47000000,3905.38000000,13.69
1749263355,13.46000000,522.25000000,13.69
1749263355,13.45000000,648.69000000,13.69
1749263355,13.44000000,539.84000000,13.69
1749263355,13.43000000,1427.06000000,13.69
1749263355,13.42000000,495.40000000,13.69
1749263355,13.41000000,506.69000000,13.69
1749263355,13.40000000,841.35000000,13.69
1749263355,13.39000000,575.84000000,13.69
1749263355,13.38000000,512.64000000,13.69
1749263355,13.37000000,703.71000000,13.69
1749263355,13.36000000,1915.89000000,13.69
1749263355,13.35000000,586.33000000,13.69
1749263355,13.34000000,523.04000000,13.69
1749263355,13.33000000,510.84000000,13.69
1749263355,13.32000000,732.25000000,13.69
1749263355,13.31000000,431.10000000,13.69
1749263355,13.30000000,4397.98000000,13.69
1749263355,13.29000000,432.63000000,13.69
1749263355,13.28000000,465.99000000,13.69
1749263355,13.27000000,69.71000000,13.69
1749263355,13.26000000,1305.69000000,13.69
1749263355,13.25000000,289.26000000,13.69
1749263355,13.24000000,4.54000000,13.69
1749263355,13.23000000,473.45000000,13.69
1749263355,13.22000000,142.80000000,13.69
1749263355,13.21000000,77.51000000,13.69
1749263355,13.20000000,351.17000000,13.69
1749263355,13.19000000,256.93000000,13.69
1749263355,13.18000000,372.09000000,13.69
1749263355,13.17000000,252.30000000,13.69
1749263355,13.16000000,706.15000000,13.69
1749263355,13.15000000,104.78000000,13.69
1749263355,13.14000000,32.27000000,13.69
1749263355,13.13000000,292.92000000,13.69
1749263355,13.12000000,107.71000000,13.69
1749263355,13.11000000,58.51000000,13.69
1749263355,13.10000000,4165.04000000,13.69
1749263355,13.09000000,189.81000000,13.69
1749263355,13.08000000,77.98000000,13.69
1749263355,13.07000000,363.71000000,13.69
1749263355,13.06000000,81.86000000,13.69
1749263355,13.05000000,19.13000000,13.69
1749263355,13.04000000,685.66000000,13.69
1749263355,13.03000000,67.15000000,13.69
1749263355,13.02000000,82.25000000,13.69
1749263355,13.01000000,5345.15000000,13.69
1749263355,13.00000000,5995.25000000,13.69
1749263355,12.99000000,184.40000000,13.69
1749263355,12.98000000,248.88000000,13.69
1749263355,12.97000000,38.31000000,13.69
1749263355,12.96000000,476.49000000,13.69
1749263355,12.95000000,17.96000000,13.69
1749263355,12.94000000,13.87000000,13.69
1749263355,12.93000000,9.49000000,13.69
1749263355,12.92000000,99.11000000,13.69
1749263355,12.91000000,72.07000000,13.69
1749263355,12.90000000,1903.92000000,13.69
1749263355,12.89000000,311.19000000,13.69
1749263355,12.88000000,45.80000000,13.69
1749263355,12.87000000,46.78000000,13.69
1749263355,12.86000000,23.74000000,13.69
1749263355,12.85000000,117.94000000,13.69
1749263355,12.84000000,457.83000000,13.69
1749263355,12.83000000,3198.37000000,13.69
1749263355,12.82000000,135.53000000,13.69
1749263355,12.81000000,40.45000000,13.69
1749263355,12.80000000,4750.50000000,13.69
1749263355,12.79000000,358.20000000,13.69
1749263355,12.78000000,24.55000000,13.69
1749263355,12.77000000,1137.70000000,13.69
1749263355,12.76000000,31.49000000,13.69
1749263355,12.75000000,633.67000000,13.69
1749263355,12.74000000,118.87000000,13.69
1749263355,12.73000000,66.01000000,13.69
1749263355,12.72000000,58.76000000,13.69
1749263355,12.71000000,324.04000000,13.69
1749263355,12.70000000,2673.15000000,13.69
1749263355,12.69000000,10.51000000,13.69
1749263656,13.65000000,5053.96000000,13.65
1749263656,13.64000000,18631.77000000,13.65
1749263656,13.63000000,12545.00000000,13.65
1749263656,13.62000000,6444.20000000,13.65
1749263656,13.61000000,9234.45000000,13.65
1749263656,13.60000000,7288.39000000,13.65
1749263656,13.59000000,8287.01000000,13.65
1749263656,13.58000000,9518.14000000,13.65
1749263656,13.57000000,1928.00000000,13.65
1749263656,13.56000000,998.11000000,13.65
1749263656,13.55000000,1798.68000000,13.65
1749263656,13.54000000,652.87000000,13.65
1749263656,13.53000000,6434.54000000,13.65
1749263656,13.52000000,700.21000000,13.65
1749263656,13.51000000,931.83000000,13.65
1749263656,13.50000000,2334.38000000,13.65
1749263656,13.49000000,886.76000000,13.65
1749263656,13.48000000,899.05000000,13.65
1749263656,13.47000000,4650.25000000,13.65
1749263656,13.46000000,1323.70000000,13.65
1749263656,13.45000000,656.70000000,13.65
1749263656,13.44000000,539.84000000,13.65
1749263656,13.43000000,1427.06000000,13.65
1749263656,13.42000000,516.89000000,13.65
1749263656,13.41000000,506.69000000,13.65
1749263656,13.40000000,836.12000000,13.65
1749263656,13.39000000,543.02000000,13.65
1749263656,13.38000000,520.10000000,13.65
1749263656,13.37000000,741.15000000,13.65
1749263656,13.36000000,1915.89000000,13.65
1749263656,13.35000000,586.33000000,13.65
1749263656,13.34000000,523.04000000,13.65
1749263656,13.33000000,510.84000000,13.65
1749263656,13.32000000,732.25000000,13.65
1749263656,13.31000000,534.60000000,13.65
1749263656,13.30000000,4501.48000000,13.65
1749263656,13.29000000,536.13000000,13.65
1749263656,13.28000000,465.99000000,13.65
1749263656,13.27000000,406.63000000,13.65
1749263656,13.26000000,1666.63000000,13.65
1749263656,13.25000000,627.70000000,13.65
1749263656,13.24000000,4.54000000,13.65
1749263656,13.23000000,474.08000000,13.65
1749263656,13.22000000,142.80000000,13.65
1749263656,13.21000000,77.51000000,13.65
1749263656,13.20000000,351.17000000,13.65
1749263656,13.19000000,256.93000000,13.65
1749263656,13.18000000,372.09000000,13.65
1749263656,13.17000000,252.30000000,13.65
1749263656,13.16000000,706.15000000,13.65
1749263656,13.15000000,104.78000000,13.65
1749263656,13.14000000,32.27000000,13.65
1749263656,13.13000000,292.92000000,13.65
1749263656,13.12000000,84.58000000,13.65
1749263656,13.11000000,58.51000000,13.65
1749263656,13.10000000,4165.04000000,13.65
1749263656,13.09000000,189.81000000,13.65
1749263656,13.08000000,77.98000000,13.65
1749263656,13.07000000,363.71000000,13.65
1749263656,13.06000000,81.86000000,13.65
1749263656,13.05000000,19.13000000,13.65
1749263656,13.04000000,685.66000000,13.65
1749263656,13.03000000,67.15000000,13.65
1749263656,13.02000000,82.25000000,13.65
1749263656,13.01000000,5345.15000000,13.65
1749263656,13.00000000,5992.47000000,13.65
1749263656,12.99000000,184.40000000,13.65
1749263656,12.98000000,248.88000000,13.65
1749263656,12.97000000,38.31000000,13.65
1749263656,12.96000000,476.88000000,13.65
1749263656,12.95000000,17.96000000,13.65
1749263656,12.94000000,13.87000000,13.65
1749263656,12.93000000,9.49000000,13.65
1749263656,12.92000000,99.85000000,13.65
1749263656,12.91000000,72.81000000,13.65
1749263656,12.90000000,1904.66000000,13.65
1749263656,12.89000000,311.19000000,13.65
1749263656,12.88000000,45.80000000,13.65
1749263656,12.87000000,46.78000000,13.65
1749263656,12.86000000,23.74000000,13.65
1749263656,12.85000000,117.94000000,13.65
1749263656,12.84000000,457.83000000,13.65
1749263656,12.83000000,3198.37000000,13.65
1749263656,12.82000000,135.53000000,13.65
1749263656,12.81000000,40.45000000,13.65
1749263656,12.80000000,4750.50000000,13.65
1749263656,12.79000000,358.20000000,13.65
1749263656,12.78000000,24.55000000,13.65
1749263656,12.77000000,1137.70000000,13.65
1749263656,12.76000000,31.49000000,13.65
1749263656,12.75000000,633.67000000,13.65
1749263656,12.74000000,118.87000000,13.65
1749263656,12.73000000,66.01000000,13.65
1749263656,12.72000000,58.76000000,13.65
1749263656,12.71000000,324.04000000,13.65
1749263656,12.70000000,2673.15000000,13.65
1749263656,12.69000000,10.51000000,13.65
1749263656,12.68000000,2215.44000000,13.65
1749263656,12.67000000,29.82000000,13.65
1749263656,12.66000000,37.07000000,13.65
1749263958,13.67000000,5401.97000000,13.68
1749263958,13.66000000,10591.13000000,13.68
1749263958,13.65000000,8331.95000000,13.68
1749263958,13.64000000,8317.59000000,13.68
1749263958,13.63000000,3480.59000000,13.68
1749263958,13.62000000,6557.42000000,13.68
1749263958,13.61000000,5262.67000000,13.68
1749263958,13.60000000,7258.57000000,13.68
1749263958,13.59000000,8409.04000000,13.68
1749263958,13.58000000,4249.59000000,13.68
1749263958,13.57000000,7067.16000000,13.68
1749263958,13.56000000,1426.26000000,13.68
1749263958,13.55000000,800.25000000,13.68
1749263958,13.54000000,736.89000000,13.68
1749263958,13.53000000,6265.52000000,13.68
1749263958,13.52000000,973.64000000,13.68
1749263958,13.51000000,944.77000000,13.68
1749263958,13.50000000,1588.22000000,13.68
1749263958,13.49000000,886.01000000,13.68
1749263958,13.48000000,1597.05000000,13.68
1749263958,13.47000000,3910.20000000,13.68
1749263958,13.46000000,1324.54000000,13.68
1749263958,13.45000000,656.70000000,13.68
1749263958,13.44000000,539.84000000,13.68
1749263958,13.43000000,1427.06000000,13.68
1749263958,13.42000000,516.89000000,13.68
1749263958,13.41000000,504.46000000,13.68
1749263958,13.40000000,836.12000000,13.68
1749263958,13.39000000,576.75000000,13.68
1749263958,13.38000000,520.10000000,13.68
1749263958,13.37000000,707.82000000,13.68
1749263958,13.36000000,1915.89000000,13.68
1749263958,13.35000000,588.57000000,13.68
1749263958,13.34000000,523.04000000,13.68
1749263958,13.33000000,510.84000000,13.68
1749263958,13.32000000,732.25000000,13.68
1749263958,13.31000000,534.60000000,13.68
1749263958,13.30000000,4397.98000000,13.68
1749263958,13.29000000,432.63000000,13.68
1749263958,13.28000000,465.99000000,13.68
1749263958,13.27000000,405.27000000,13.68
1749263958,13.26000000,1328.82000000,13.68
1749263958,13.25000000,289.26000000,13.68
1749263958,13.24000000,4.54000000,13.68
1749263958,13.23000000,474.08000000,13.68
1749263958,13.22000000,142.80000000,13.68
1749263958,13.21000000,77.51000000,13.68
1749263958,13.20000000,351.17000000,13.68
1749263958,13.19000000,256.93000000,13.68
1749263958,13.18000000,372.09000000,13.68
1749263958,13.17000000,252.30000000,13.68
1749263958,13.16000000,706.15000000,13.68
1749263958,13.15000000,104.78000000,13.68
1749263958,13.14000000,32.27000000,13.68
1749263958,13.13000000,292.92000000,13.68
1749263958,13.12000000,84.58000000,13.68
1749263958,13.11000000,58.51000000,13.68
1749263958,13.10000000,4165.04000000,13.68
1749263958,13.09000000,189.81000000,13.68
1749263958,13.08000000,77.98000000,13.68
1749263958,13.07000000,363.71000000,13.68
1749263958,13.06000000,81.86000000,13.68
1749263958,13.05000000,19.13000000,13.68
1749263958,13.04000000,685.66000000,13.68
1749263958,13.03000000,67.15000000,13.68
1749263958,13.02000000,82.25000000,13.68
1749263958,13.01000000,5345.15000000,13.68
1749263958,13.00000000,5993.72000000,13.68
1749263958,12.99000000,184.40000000,13.68
1749263958,12.98000000,249.65000000,13.68
1749263958,12.97000000,38.31000000,13.68
1749263958,12.96000000,477.06000000,13.68
1749263958,12.95000000,17.96000000,13.68
1749263958,12.94000000,13.87000000,13.68
1749263958,12.93000000,8.71000000,13.68
1749263958,12.92000000,99.85000000,13.68
1749263958,12.91000000,72.07000000,13.68
1749263958,12.90000000,1903.92000000,13.68
1749263958,12.89000000,311.19000000,13.68
1749263958,12.88000000,45.80000000,13.68
1749263958,12.87000000,46.78000000,13.68
1749263958,12.86000000,23.74000000,13.68
1749263958,12.85000000,117.94000000,13.68
1749263958,12.84000000,457.83000000,13.68
1749263958,12.83000000,3198.37000000,13.68
1749263958,12.82000000,135.53000000,13.68
1749263958,12.81000000,40.45000000,13.68
1749263958,12.80000000,4750.50000000,13.68
1749263958,12.79000000,358.20000000,13.68
1749263958,12.78000000,24.55000000,13.68
1749263958,12.77000000,1137.70000000,13.68
1749263958,12.76000000,31.49000000,13.68
1749263958,12.75000000,633.67000000,13.68
1749263958,12.74000000,118.87000000,13.68
1749263958,12.73000000,66.01000000,13.68
1749263958,12.72000000,58.76000000,13.68
1749263958,12.71000000,324.04000000,13.68
1749263958,12.70000000,2673.15000000,13.68
1749263958,12.69000000,10.51000000,13.68
1749263958,12.68000000,2215.44000000,13.68
1749264259,13.62000000,4865.51000000,13.62
1749264259,13.61000000,11863.56000000,13.62
1749264259,13.60000000,10901.82000000,13.62
1749264259,13.59000000,12812.48000000,13.62
1749264259,13.58000000,7064.01000000,13.62
1749264259,13.57000000,2047.42000000,13.62
1749264259,13.56000000,6702.76000000,13.62
1749264259,13.55000000,7653.42000000,13.62
1749264259,13.54000000,956.26000000,13.62
1749264259,13.53000000,5432.18000000,13.62
1749264259,13.52000000,2502.87000000,13.62
1749264259,13.51000000,932.53000000,13.62
1749264259,13.50000000,1798.50000000,13.62
1749264259,13.49000000,1533.37000000,13.62
1749264259,13.48000000,909.41000000,13.62
1749264259,13.47000000,3945.36000000,13.62
1749264259,13.46000000,602.48000000,13.62
1749264259,13.45000000,661.60000000,13.62
1749264259,13.44000000,1284.72000000,13.62
1749264259,13.43000000,2237.72000000,13.62
1749264259,13.42000000,516.89000000,13.62
1749264259,13.41000000,502.61000000,13.62
1749264259,13.40000000,885.70000000,13.62
1749264259,13.39000000,671.99000000,13.62
1749264259,13.38000000,516.75000000,13.62
1749264259,13.37000000,703.84000000,13.62
1749264259,13.36000000,1917.75000000,13.62
1749264259,13.35000000,588.57000000,13.62
1749264259,13.34000000,523.04000000,13.62
1749264259,13.33000000,548.13000000,13.62
1749264259,13.32000000,732.25000000,13.62
1749264259,13.31000000,534.60000000,13.62
1749264259,13.30000000,4501.48000000,13.62
1749264259,13.29000000,536.13000000,13.62
1749264259,13.28000000,569.49000000,13.62
1749264259,13.27000000,466.09000000,13.62
1749264259,13.26000000,1663.03000000,13.62
1749264259,13.25000000,623.29000000,13.62
1749264259,13.24000000,338.14000000,13.62
1749264259,13.23000000,806.95000000,13.62
1749264259,13.22000000,483.74000000,13.62
1749264259,13.21000000,77.51000000,13.62
1749264259,13.20000000,351.17000000,13.62
1749264259,13.19000000,256.93000000,13.62
1749264259,13.18000000,372.09000000,13.62
1749264259,13.17000000,10939.69000000,13.62
1749264259,13.16000000,706.15000000,13.62
1749264259,13.15000000,104.78000000,13.62
1749264259,13.14000000,32.27000000,13.62
1749264259,13.13000000,292.92000000,13.62
1749264259,13.12000000,84.58000000,13.62
1749264259,13.11000000,58.51000000,13.62
1749264259,13.10000000,4165.04000000,13.62
1749264259,13.09000000,189.81000000,13.62
1749264259,13.08000000,77.98000000,13.62
1749264259,13.07000000,363.71000000,13.62
1749264259,13.06000000,81.86000000,13.62
1749264259,13.05000000,19.13000000,13.62
1749264259,13.04000000,685.66000000,13.62
1749264259,13.03000000,67.15000000,13.62
1749264259,13.02000000,82.25000000,13.62
1749264259,13.01000000,5345.15000000,13.62
1749264259,13.00000000,5993.72000000,13.62
1749264259,12.99000000,184.40000000,13.62
1749264259,12.98000000,249.65000000,13.62
1749264259,12.97000000,38.31000000,13.62
1749264259,12.96000000,477.45000000,13.62
1749264259,12.95000000,17.96000000,13.62
1749264259,12.94000000,13.87000000,13.62
1749264259,12.93000000,8.71000000,13.62
1749264259,12.92000000,110.81000000,13.62
1749264259,12.91000000,72.81000000,13.62
1749264259,12.90000000,1904.66000000,13.62
1749264259,12.89000000,300.94000000,13.62
1749264259,12.88000000,46.54000000,13.62
1749264259,12.87000000,47.52000000,13.62
1749264259,12.86000000,23.74000000,13.62
1749264259,12.85000000,117.94000000,13.62
1749264259,12.84000000,374.35000000,13.62
1749264259,12.83000000,3198.37000000,13.62
1749264259,12.82000000,135.53000000,13.62
1749264259,12.81000000,40.45000000,13.62
1749264259,12.80000000,4751.00000000,13.62
1749264259,12.79000000,358.20000000,13.62
1749264259,12.78000000,24.55000000,13.62
1749264259,12.77000000,1137.70000000,13.62
1749264259,12.76000000,31.49000000,13.62
1749264259,12.75000000,633.67000000,13.62
1749264259,12.74000000,118.87000000,13.62
1749264259,12.73000000,66.01000000,13.62
1749264259,12.72000000,58.76000000,13.62
1749264259,12.71000000,324.04000000,13.62
1749264259,12.70000000,2673.15000000,13.62
1749264259,12.69000000,10.51000000,13.62
1749264259,12.68000000,2057.72000000,13.62
1749264259,12.67000000,29.82000000,13.62
1749264259,12.66000000,37.07000000,13.62
1749264259,12.65000000,1204.81000000,13.62
1749264259,12.64000000,165.83000000,13.62
1749264259,12.63000000,36.93000000,13.62
1749264563,13.65000000,3701.02000000,13.65
1749264563,13.64000000,8412.41000000,13.65
1749264563,13.63000000,8087.36000000,13.65
1749264563,13.62000000,6529.59000000,13.65
1749264563,13.61000000,4431.96000000,13.65
1749264563,13.60000000,6928.70000000,13.65
1749264563,13.59000000,7634.14000000,13.65
1749264563,13.58000000,11931.23000000,13.65
1749264563,13.57000000,2140.10000000,13.65
1749264563,13.56000000,1434.70000000,13.65
1749264563,13.55000000,7459.10000000,13.65
1749264563,13.54000000,2324.43000000,13.65
1749264563,13.53000000,6203.73000000,13.65
1749264563,13.52000000,714.83000000,13.65
1749264563,13.51000000,1025.46000000,13.65
1749264563,13.50000000,1626.61000000,13.65
1749264563,13.49000000,840.13000000,13.65
1749264563,13.48000000,905.70000000,13.65
1749264563,13.47000000,5491.08000000,13.65
1749264563,13.46000000,643.39000000,13.65
1749264563,13.45000000,710.74000000,13.65
1749264563,13.44000000,547.26000000,13.65
1749264563,13.43000000,1427.06000000,13.65
1749264563,13.42000000,516.89000000,13.65
1749264563,13.41000000,502.61000000,13.65
1749264563,13.40000000,885.70000000,13.65
1749264563,13.39000000,1485.08000000,13.65
1749264563,13.38000000,512.64000000,13.65
1749264563,13.37000000,703.84000000,13.65
1749264563,13.36000000,1954.94000000,13.65
1749264563,13.35000000,592.69000000,13.65
1749264563,13.34000000,523.04000000,13.65
1749264563,13.33000000,510.84000000,13.65
1749264563,13.32000000,732.25000000,13.65
1749264563,13.31000000,534.60000000,13.65
1749264563,13.30000000,4501.48000000,13.65
1749264563,13.29000000,536.13000000,13.65
1749264563,13.28000000,569.49000000,13.65
1749264563,13.27000000,362.59000000,13.65
1749264563,13.26000000,1663.03000000,13.65
1749264563,13.25000000,623.29000000,13.65
1749264563,13.24000000,4.54000000,13.65
1749264563,13.23000000,474.08000000,13.65
1749264563,13.22000000,142.80000000,13.65
1749264563,13.21000000,77.51000000,13.65
1749264563,13.20000000,351.17000000,13.65
1749264563,13.19000000,256.93000000,13.65
1749264563,13.18000000,391.06000000,13.65
1749264563,13.17000000,10939.69000000,13.65
1749264563,13.16000000,706.15000000,13.65
1749264563,13.15000000,104.78000000,13.65
1749264563,13.14000000,32.27000000,13.65
1749264563,13.13000000,292.92000000,13.65
1749264563,13.12000000,84.58000000,13.65
1749264563,13.11000000,52.37000000,13.65
1749264563,13.10000000,10357.61000000,13.65
1749264563,13.09000000,189.81000000,13.65
1749264563,13.08000000,77.98000000,13.65
1749264563,13.07000000,363.71000000,13.65
1749264563,13.06000000,81.86000000,13.65
1749264563,13.05000000,19.13000000,13.65
1749264563,13.04000000,685.66000000,13.65
1749264563,13.03000000,67.15000000,13.65
1749264563,13.02000000,82.25000000,13.65
1749264563,13.01000000,5345.15000000,13.65
1749264563,13.00000000,5993.72000000,13.65
1749264563,12.99000000,184.40000000,13.65
1749264563,12.98000000,249.65000000,13.65
1749264563,12.97000000,38.31000000,13.65
1749264563,12.96000000,475.89000000,13.65
1749264563,12.95000000,18.74000000,13.65
1749264563,12.94000000,14.65000000,13.65
1749264563,12.93000000,8.71000000,13.65
1749264563,12.92000000,110.81000000,13.65
1749264563,12.91000000,72.81000000,13.65
1749264563,12.90000000,1904.66000000,13.65
1749264563,12.89000000,300.20000000,13.65
1749264563,12.88000000,45.80000000,13.65
1749264563,12.87000000,46.78000000,13.65
1749264563,12.86000000,23.74000000,13.65
1749264563,12.85000000,117.94000000,13.65
1749264563,12.84000000,374.35000000,13.65
1749264563,12.83000000,3198.37000000,13.65
1749264563,12.82000000,135.53000000,13.65
1749264563,12.81000000,40.45000000,13.65
1749264563,12.80000000,4750.50000000,13.65
1749264563,12.79000000,358.20000000,13.65
1749264563,12.78000000,24.55000000,13.65
1749264563,12.77000000,1137.70000000,13.65
1749264563,12.76000000,31.49000000,13.65
1749264563,12.75000000,633.67000000,13.65
1749264563,12.74000000,118.87000000,13.65
1749264563,12.73000000,66.01000000,13.65
1749264563,12.72000000,58.76000000,13.65
1749264563,12.71000000,324.04000000,13.65
1749264563,12.70000000,2673.15000000,13.65
1749264563,12.69000000,10.51000000,13.65
1749264563,12.68000000,2057.72000000,13.65
1749264563,12.67000000,29.82000000,13.65
1749264563,12.66000000,37.07000000,13.65
1749264865,13.71000000,2115.57000000,13.72
1749264865,13.70000000,11056.01000000,13.72
1749264865,13.69000000,17761.20000000,13.72
1749264865,13.68000000,9659.65000000,13.72
1749264865,13.67000000,6894.52000000,13.72
1749264865,13.66000000,3724.79000000,13.72
1749264865,13.65000000,3155.89000000,13.72
1749264865,13.64000000,3327.15000000,13.72
1749264865,13.63000000,5765.58000000,13.72
1749264865,13.62000000,6761.32000000,13.72
1749264865,13.61000000,4115.08000000,13.72
1749264865,13.60000000,8217.14000000,13.72
1749264865,13.59000000,10868.43000000,13.72
1749264865,13.58000000,2437.58000000,13.72
1749264865,13.57000000,1001.74000000,13.72
1749264865,13.56000000,723.44000000,13.72
1749264865,13.55000000,1612.35000000,13.72
1749264865,13.54000000,1546.57000000,13.72
1749264865,13.53000000,5560.18000000,13.72
1749264865,13.52000000,778.66000000,13.72
1749264865,13.51000000,2312.50000000,13.72
1749264865,13.50000000,869.67000000,13.72
1749264865,13.49000000,694.83000000,13.72
1749264865,13.48000000,681.92000000,13.72
1749264865,13.47000000,3705.21000000,13.72
1749264865,13.46000000,515.68000000,13.72
1749264865,13.45000000,1458.74000000,13.72
1749264865,13.44000000,541.69000000,13.72
1749264865,13.43000000,616.40000000,13.72
1749264865,13.42000000,524.32000000,13.72
1749264865,13.41000000,504.84000000,13.72
1749264865,13.40000000,922.24000000,13.72
1749264865,13.39000000,543.02000000,13.72
1749264865,13.38000000,512.64000000,13.72
1749264865,13.37000000,696.38000000,13.72
1749264865,13.36000000,1915.89000000,13.72
1749264865,13.35000000,586.33000000,13.72
1749264865,13.34000000,419.54000000,13.72
1749264865,13.33000000,407.34000000,13.72
1749264865,13.32000000,478.60000000,13.72
1749264865,13.31000000,431.10000000,13.72
1749264865,13.30000000,4011.45000000,13.72
1749264865,13.29000000,46.60000000,13.72
1749264865,13.28000000,79.61000000,13.72
1749264865,13.27000000,27.03000000,13.72
1749264865,13.26000000,1328.82000000,13.72
1749264865,13.25000000,137.87000000,13.72
1749264865,13.24000000,4.54000000,13.72
1749264865,13.23000000,474.08000000,13.72
1749264865,13.22000000,142.80000000,13.72
1749264865,13.21000000,77.51000000,13.72
1749264865,13.20000000,351.17000000,13.72
1749264865,13.19000000,105.30000000,13.72
1749264865,13.18000000,391.06000000,13.72
1749264865,13.17000000,10939.69000000,13.72
1749264865,13.16000000,706.15000000,13.72
1749264865,13.15000000,104.78000000,13.72
1749264865,13.14000000,32.27000000,13.72
1749264865,13.13000000,140.60000000,13.72
1749264865,13.12000000,84.58000000,13.72
1749264865,13.11000000,52.37000000,13.72
1749264865,13.10000000,10357.61000000,13.72
1749264865,13.09000000,189.81000000,13.72
1749264865,13.08000000,77.98000000,13.72
1749264865,13.07000000,210.69000000,13.72
1749264865,13.06000000,81.86000000,13.72
1749264865,13.05000000,19.13000000,13.72
1749264865,13.04000000,685.66000000,13.72
1749264865,13.03000000,67.15000000,13.72
1749264865,13.02000000,82.25000000,13.72
1749264865,13.01000000,5345.92000000,13.72
1749264865,13.00000000,5993.18000000,13.72
1749264865,12.99000000,31.98000000,13.72
1749264865,12.98000000,248.88000000,13.72
1749264865,12.97000000,38.31000000,13.72
1749264865,12.96000000,475.50000000,13.72
1749264865,12.95000000,18.00000000,13.72
1749264865,12.94000000,13.91000000,13.72
1749264865,12.93000000,7.97000000,13.72
1749264865,12.92000000,110.07000000,13.72
1749264865,12.91000000,72.07000000,13.72
1749264865,12.90000000,1903.92000000,13.72
1749264865,12.89000000,300.20000000,13.72
1749264865,12.88000000,45.80000000,13.72
1749264865,12.87000000,46.78000000,13.72
1749264865,12.86000000,23.74000000,13.72
1749264865,12.85000000,117.94000000,13.72
1749264865,12.84000000,373.65000000,13.72
1749264865,12.83000000,3198.37000000,13.72
1749264865,12.82000000,135.53000000,13.72
1749264865,12.81000000,40.45000000,13.72
1749264865,12.80000000,4750.50000000,13.72
1749264865,12.79000000,358.20000000,13.72
1749264865,12.78000000,24.55000000,13.72
1749264865,12.77000000,1137.70000000,13.72
1749264865,12.76000000,31.49000000,13.72
1749264865,12.75000000,633.67000000,13.72
1749264865,12.74000000,118.87000000,13.72
1749264865,12.73000000,66.01000000,13.72
1749264865,12.72000000,58.76000000,13.72
1749265168,13.72000000,2599.44000000,13.72
1749265168,13.71000000,13824.18000000,13.72
1749265168,13.70000000,15612.92000000,13.72
1749265168,13.69000000,8094.05000000,13.72
1749265168,13.68000000,9030.23000000,13.72
1749265168,13.67000000,3226.27000000,13.72
1749265168,13.66000000,11872.49000000,13.72
1749265168,13.65000000,3558.31000000,13.72
1749265168,13.64000000,3091.30000000,13.72
1749265168,13.63000000,9026.50000000,13.72
1749265168,13.62000000,3673.13000000,13.72
1749265168,13.61000000,2999.81000000,13.72
1749265168,13.60000000,2351.70000000,13.72
1749265168,13.59000000,2174.74000000,13.72
1749265168,13.58000000,1799.38000000,13.72
1749265168,13.57000000,5858.69000000,13.72
1749265168,13.56000000,733.65000000,13.72
1749265168,13.55000000,2372.35000000,13.72
1749265168,13.54000000,732.95000000,13.72
1749265168,13.53000000,1086.45000000,13.72
1749265168,13.52000000,736.37000000,13.72
1749265168,13.51000000,1484.10000000,13.72
1749265168,13.50000000,682.52000000,13.72
1749265168,13.49000000,501.35000000,13.72
1749265168,13.48000000,674.58000000,13.72
1749265168,13.47000000,3705.21000000,13.72
1749265168,13.46000000,515.68000000,13.72
1749265168,13.45000000,1539.77000000,13.72
1749265168,13.44000000,727.37000000,13.72
1749265168,13.43000000,620.49000000,13.72
1749265168,13.42000000,554.60000000,13.72
1749265168,13.41000000,504.84000000,13.72
1749265168,13.40000000,912.96000000,13.72
1749265168,13.39000000,538.91000000,13.72
1749265168,13.38000000,587.24000000,13.72
1749265168,13.37000000,696.38000000,13.72
1749265168,13.36000000,1812.39000000,13.72
1749265168,13.35000000,482.83000000,13.72
1749265168,13.34000000,419.54000000,13.72
1749265168,13.33000000,557.37000000,13.72
1749265168,13.32000000,437.07000000,13.72
1749265168,13.31000000,118.38000000,13.72
1749265168,13.30000000,4011.45000000,13.72
1749265168,13.29000000,46.60000000,13.72
1749265168,13.28000000,80.23000000,13.72
1749265168,13.27000000,177.74000000,13.72
1749265168,13.26000000,1305.69000000,13.72
1749265168,13.25000000,137.87000000,13.72
1749265168,13.24000000,4.54000000,13.72
1749265168,13.23000000,473.45000000,13.72
1749265168,13.22000000,142.80000000,13.72
1749265168,13.21000000,228.91000000,13.72
1749265168,13.20000000,351.17000000,13.72
1749265168,13.19000000,103.55000000,13.72
1749265168,13.18000000,391.06000000,13.72
1749265168,13.17000000,10939.69000000,13.72
1749265168,13.16000000,706.15000000,13.72
1749265168,13.15000000,104.78000000,13.72
1749265168,13.14000000,184.47000000,13.72
1749265168,13.13000000,140.60000000,13.72
1749265168,13.12000000,84.58000000,13.72
1749265168,13.11000000,52.37000000,13.72
1749265168,13.10000000,6463.56000000,13.72
1749265168,13.09000000,189.81000000,13.72
1749265168,13.08000000,230.88000000,13.72
1749265168,13.07000000,210.69000000,13.72
1749265168,13.06000000,82.53000000,13.72
1749265168,13.05000000,19.13000000,13.72
1749265168,13.04000000,685.66000000,13.72
1749265168,13.03000000,67.92000000,13.72
1749265168,13.02000000,82.25000000,13.72
1749265168,13.01000000,5499.64000000,13.72
1749265168,13.00000000,5992.51000000,13.72
1749265168,12.99000000,31.98000000,13.72
1749265168,12.98000000,248.11000000,13.72
1749265168,12.97000000,38.31000000,13.72
1749265168,12.96000000,474.77000000,13.72
1749265168,12.95000000,18.00000000,13.72
1749265168,12.94000000,13.91000000,13.72
1749265168,12.93000000,7.97000000,13.72
1749265168,12.92000000,110.07000000,13.72
1749265168,12.91000000,72.07000000,13.72
1749265168,12.90000000,1903.92000000,13.72
1749265168,12.89000000,300.20000000,13.72
1749265168,12.88000000,45.80000000,13.72
1749265168,12.87000000,46.78000000,13.72
1749265168,12.86000000,23.74000000,13.72
1749265168,12.85000000,117.94000000,13.72
1749265168,12.84000000,373.65000000,13.72
1749265168,12.83000000,3198.37000000,13.72
1749265168,12.82000000,135.53000000,13.72
1749265168,12.81000000,40.45000000,13.72
1749265168,12.80000000,4750.50000000,13.72
1749265168,12.79000000,358.20000000,13.72
1749265168,12.78000000,24.55000000,13.72
1749265168,12.77000000,1137.70000000,13.72
1749265168,12.76000000,31.49000000,13.72
1749265168,12.75000000,633.67000000,13.72
1749265168,12.74000000,118.87000000,13.72
1749265168,12.73000000,66.01000000,13.72
1749265470,13.76000000,2890.49000000,13.76
1749265470,13.75000000,9558.79000000,13.76
1749265470,13.74000000,12523.87000000,13.76
1749265470,13.73000000,6841.86000000,13.76
1749265470,13.72000000,7380.36000000,13.76
1749265470,13.71000000,3234.39000000,13.76
1749265470,13.70000000,3079.77000000,13.76
1749265470,13.69000000,5919.39000000,13.76
1749265470,13.68000000,4491.43000000,13.76
1749265470,13.67000000,6589.47000000,13.76
1749265470,13.66000000,8227.05000000,13.76
1749265470,13.65000000,3917.44000000,13.76
1749265470,13.64000000,2120.90000000,13.76
1749265470,13.63000000,8738.37000000,13.76
1749265470,13.62000000,2001.45000000,13.76
1749265470,13.61000000,2321.88000000,13.76
1749265470,13.60000000,1543.40000000,13.76
1749265470,13.59000000,691.82000000,13.76
1749265470,13.58000000,1140.21000000,13.76
1749265470,13.57000000,6644.09000000,13.76
1749265470,13.56000000,1754.78000000,13.76
1749265470,13.55000000,1466.99000000,13.76
1749265470,13.54000000,3774.32000000,13.76
1749265470,13.53000000,676.85000000,13.76
1749265470,13.52000000,550.70000000,13.76
1749265470,13.51000000,672.47000000,13.76
1749265470,13.50000000,1403.83000000,13.76
1749265470,13.49000000,501.35000000,13.76
1749265470,13.48000000,673.91000000,13.76
1749265470,13.47000000,589.61000000,13.76
1749265470,13.46000000,552.67000000,13.76
1749265470,13.45000000,516.20000000,13.76
1749265470,13.44000000,543.93000000,13.76
1749265470,13.43000000,634.78000000,13.76
1749265470,13.42000000,495.40000000,13.76
1749265470,13.41000000,541.33000000,13.76
1749265470,13.40000000,905.16000000,13.76
1749265470,13.39000000,435.41000000,13.76
1749265470,13.38000000,409.14000000,13.76
1749265470,13.37000000,592.88000000,13.76
1749265470,13.36000000,1811.70000000,13.76
1749265470,13.35000000,824.69000000,13.76
1749265470,13.34000000,78.23000000,13.76
1749265470,13.33000000,7.67000000,13.76
1749265470,13.32000000,80.99000000,13.76
1749265470,13.31000000,43.38000000,13.76
1749265470,13.30000000,4010.76000000,13.76
1749265470,13.29000000,428.51000000,13.76
1749265470,13.28000000,80.23000000,13.76
1749265470,13.27000000,27.03000000,13.76
1749265470,13.26000000,1305.69000000,13.76
1749265470,13.25000000,136.36000000,13.76
1749265470,13.24000000,4.54000000,13.76
1749265470,13.23000000,472.76000000,13.76
1749265470,13.22000000,526.32000000,13.76
1749265470,13.21000000,77.10000000,13.76
1749265470,13.20000000,351.17000000,13.76
1749265470,13.19000000,103.55000000,13.76
1749265470,13.18000000,372.09000000,13.76
1749265470,13.17000000,10939.69000000,13.76
1749265470,13.16000000,705.46000000,13.76
1749265470,13.15000000,490.77000000,13.76
1749265470,13.14000000,32.27000000,13.76
1749265470,13.13000000,140.60000000,13.76
1749265470,13.12000000,84.58000000,13.76
1749265470,13.11000000,52.37000000,13.76
1749265470,13.10000000,6462.87000000,13.76
1749265470,13.09000000,577.56000000,13.76
1749265470,13.08000000,77.98000000,13.76
1749265470,13.07000000,211.46000000,13.76
1749265470,13.06000000,83.30000000,13.76
1749265470,13.05000000,20.67000000,13.76
1749265470,13.04000000,685.27000000,13.76
1749265470,13.03000000,67.23000000,13.76
1749265470,13.02000000,83.02000000,13.76
1749265470,13.01000000,5735.28000000,13.76
1749265470,13.00000000,5999.46000000,13.76
1749265470,12.99000000,29.70000000,13.76
1749265470,12.98000000,247.38000000,13.76
1749265470,12.97000000,37.58000000,13.76
1749265470,12.96000000,452.08000000,13.76
1749265470,12.95000000,17.22000000,13.76
1749265470,12.94000000,13.13000000,13.76
1749265470,12.93000000,7.97000000,13.76
1749265470,12.92000000,109.64000000,13.76
1749265470,12.91000000,72.07000000,13.76
1749265470,12.90000000,1903.23000000,13.76
1749265470,12.89000000,300.20000000,13.76
1749265470,12.88000000,45.80000000,13.76
1749265470,12.87000000,46.78000000,13.76
1749265470,12.86000000,23.74000000,13.76
1749265470,12.85000000,117.94000000,13.76
1749265470,12.84000000,373.65000000,13.76
1749265470,12.83000000,3197.68000000,13.76
1749265470,12.82000000,135.53000000,13.76
1749265470,12.81000000,40.45000000,13.76
1749265470,12.80000000,4750.50000000,13.76
1749265470,12.79000000,358.20000000,13.76
1749265470,12.78000000,24.55000000,13.76
1749265470,12.77000000,1137.70000000,13.76
1749265771,13.74000000,2124.78000000,13.75
1749265771,13.73000000,9525.12000000,13.75
1749265771,13.72000000,9673.07000000,13.75
1749265771,13.71000000,8113.30000000,13.75
1749265771,13.70000000,9688.52000000,13.75
1749265771,13.69000000,6885.02000000,13.75
1749265771,13.68000000,7553.46000000,13.75
1749265771,13.67000000,3134.47000000,13.75
1749265771,13.66000000,3716.82000000,13.75
1749265771,13.65000000,8922.08000000,13.75
1749265771,13.64000000,3146.90000000,13.75
1749265771,13.63000000,2984.76000000,13.75
1749265771,13.62000000,2002.19000000,13.75
1749265771,13.61000000,5476.41000000,13.75
1749265771,13.60000000,780.87000000,13.75
1749265771,13.59000000,1412.06000000,13.75
1749265771,13.58000000,1824.05000000,13.75
1749265771,13.57000000,1117.15000000,13.75
1749265771,13.56000000,2491.70000000,13.75
1749265771,13.55000000,737.18000000,13.75
1749265771,13.54000000,3774.32000000,13.75
1749265771,13.53000000,569.54000000,13.75
1749265771,13.52000000,550.70000000,13.75
1749265771,13.51000000,672.47000000,13.75
1749265771,13.50000000,1403.83000000,13.75
1749265771,13.49000000,505.76000000,13.75
1749265771,13.48000000,712.95000000,13.75
1749265771,13.47000000,589.61000000,13.75
1749265771,13.46000000,520.40000000,13.75
1749265771,13.45000000,548.86000000,13.75
1749265771,13.44000000,539.84000000,13.75
1749265771,13.43000000,615.71000000,13.75
1749265771,13.42000000,495.40000000,13.75
1749265771,13.41000000,504.11000000,13.75
1749265771,13.40000000,905.16000000,13.75
1749265771,13.39000000,538.91000000,13.75
1749265771,13.38000000,512.64000000,13.75
1749265771,13.37000000,592.88000000,13.75
1749265771,13.36000000,1811.70000000,13.75
1749265771,13.35000000,823.64000000,13.75
1749265771,13.34000000,381.88000000,13.75
1749265771,13.33000000,7.67000000,13.75
1749265771,13.32000000,80.99000000,13.75
1749265771,13.31000000,43.38000000,13.75
1749265771,13.30000000,4010.76000000,13.75
1749265771,13.29000000,428.51000000,13.75
1749265771,13.28000000,80.23000000,13.75
1749265771,13.27000000,27.03000000,13.75
1749265771,13.26000000,1305.69000000,13.75
1749265771,13.25000000,136.36000000,13.75
1749265771,13.24000000,4.54000000,13.75
1749265771,13.23000000,472.76000000,13.75
1749265771,13.22000000,526.32000000,13.75
1749265771,13.21000000,76.09000000,13.75
1749265771,13.20000000,353.30000000,13.75
1749265771,13.19000000,103.55000000,13.75
1749265771,13.18000000,372.51000000,13.75
1749265771,13.17000000,10939.69000000,13.75
1749265771,13.16000000,705.46000000,13.75
1749265771,13.15000000,490.77000000,13.75
1749265771,13.14000000,32.27000000,13.75
1749265771,13.13000000,140.60000000,13.75
1749265771,13.12000000,84.58000000,13.75
1749265771,13.11000000,52.37000000,13.75
1749265771,13.10000000,6462.87000000,13.75
1749265771,13.09000000,577.56000000,13.75
1749265771,13.08000000,77.98000000,13.75
1749265771,13.07000000,213.16000000,13.75
1749265771,13.06000000,83.30000000,13.75
1749265771,13.05000000,20.67000000,13.75
1749265771,13.04000000,686.43000000,13.75
1749265771,13.03000000,66.46000000,13.75
1749265771,13.02000000,83.02000000,13.75
1749265771,13.01000000,5735.28000000,13.75
1749265771,13.00000000,6034.44000000,13.75
1749265771,12.99000000,30.43000000,13.75
1749265771,12.98000000,247.38000000,13.75
1749265771,12.97000000,37.58000000,13.75
1749265771,12.96000000,452.08000000,13.75
1749265771,12.95000000,17.22000000,13.75
1749265771,12.94000000,13.13000000,13.75
1749265771,12.93000000,7.97000000,13.75
1749265771,12.92000000,109.64000000,13.75
1749265771,12.91000000,72.07000000,13.75
1749265771,12.90000000,1903.23000000,13.75
1749265771,12.89000000,300.20000000,13.75
1749265771,12.88000000,45.80000000,13.75
1749265771,12.87000000,46.78000000,13.75
1749265771,12.86000000,16.74000000,13.75
1749265771,12.85000000,117.94000000,13.75
1749265771,12.84000000,373.65000000,13.75
1749265771,12.83000000,3197.68000000,13.75
1749265771,12.82000000,135.53000000,13.75
1749265771,12.81000000,40.45000000,13.75
1749265771,12.80000000,4750.50000000,13.75
1749265771,12.79000000,358.20000000,13.75
1749265771,12.78000000,24.55000000,13.75
1749265771,12.77000000,1137.70000000,13.75
1749265771,12.76000000,30.80000000,13.75
1749265771,12.75000000,633.67000000,13.75
1749266073,13.77000000,5154.26000000,13.78
1749266073,13.76000000,18212.92000000,13.78
1749266073,13.75000000,11904.33000000,13.78
1749266073,13.74000000,5903.36000000,13.78
1749266073,13.73000000,4366.06000000,13.78
1749266073,13.72000000,5756.70000000,13.78
1749266073,13.71000000,4257.30000000,13.78
1749266073,13.70000000,11338.12000000,13.78
1749266073,13.69000000,3111.32000000,13.78
1749266073,13.68000000,2914.21000000,13.78
1749266073,13.67000000,10000.16000000,13.78
1749266073,13.66000000,3000.49000000,13.78
1749266073,13.65000000,1675.98000000,13.78
1749266073,13.64000000,745.07000000,13.78
1749266073,13.63000000,618.13000000,13.78
1749266073,13.62000000,1367.65000000,13.78
1749266073,13.61000000,6326.67000000,13.78
1749266073,13.60000000,1021.13000000,13.78
1749266073,13.59000000,2214.52000000,13.78
1749266073,13.58000000,857.90000000,13.78
1749266073,13.57000000,1157.29000000,13.78
1749266073,13.56000000,761.89000000,13.78
1749266073,13.55000000,562.07000000,13.78
1749266073,13.54000000,3626.75000000,13.78
1749266073,13.53000000,1334.41000000,13.78
1749266073,13.52000000,547.78000000,13.78
1749266073,13.51000000,669.21000000,13.78
1749266073,13.50000000,597.45000000,13.78
1749266073,13.49000000,506.61000000,13.78
1749266073,13.48000000,719.82000000,13.78
1749266073,13.47000000,589.99000000,13.78
1749266073,13.46000000,520.41000000,13.78
1749266073,13.45000000,550.77000000,13.78
1749266073,13.44000000,539.84000000,13.78
1749266073,13.43000000,616.49000000,13.78
1749266073,13.42000000,495.40000000,13.78
1749266073,13.41000000,504.11000000,13.78
1749266073,13.40000000,771.22000000,13.78
1749266073,13.39000000,435.41000000,13.78
1749266073,13.38000000,409.14000000,13.78
1749266073,13.37000000,976.15000000,13.78
1749266073,13.36000000,1433.28000000,13.78
1749266073,13.35000000,103.29000000,13.78
1749266073,13.34000000,41.94000000,13.78
1749266073,13.33000000,8.29000000,13.78
1749266073,13.32000000,104.12000000,13.78
1749266073,13.31000000,427.49000000,13.78
1749266073,13.30000000,4010.04000000,13.78
1749266073,13.29000000,46.60000000,13.78
1749266073,13.28000000,79.61000000,13.78
1749266073,13.27000000,27.03000000,13.78
1749266073,13.26000000,1313.01000000,13.78
1749266073,13.25000000,136.36000000,13.78
1749266073,13.24000000,3.91000000,13.78
1749266073,13.23000000,859.94000000,13.78
1749266073,13.22000000,143.76000000,13.78
1749266073,13.21000000,76.09000000,13.78
1749266073,13.20000000,353.30000000,13.78
1749266073,13.19000000,103.55000000,13.78
1749266073,13.18000000,372.51000000,13.78
1749266073,13.17000000,10939.69000000,13.78
1749266073,13.16000000,1093.94000000,13.78
1749266073,13.15000000,104.78000000,13.78
1749266073,13.14000000,32.27000000,13.78
1749266073,13.13000000,140.14000000,13.78
1749266073,13.12000000,84.58000000,13.78
1749266073,13.11000000,442.99000000,13.78
1749266073,13.10000000,6462.87000000,13.78
1749266073,13.09000000,191.51000000,13.78
1749266073,13.08000000,79.52000000,13.78
1749266073,13.07000000,213.93000000,13.78
1749266073,13.06000000,82.63000000,13.78
1749266073,13.05000000,19.13000000,13.78
1749266073,13.04000000,686.04000000,13.78
1749266073,13.03000000,66.46000000,13.78
1749266073,13.02000000,474.90000000,13.78
1749266073,13.01000000,5344.41000000,13.78
1749266073,13.00000000,6044.61000000,13.78
1749266073,12.99000000,29.70000000,13.78
1749266073,12.98000000,247.38000000,13.78
1749266073,12.97000000,37.58000000,13.78
1749266073,12.96000000,452.85000000,13.78
1749266073,12.95000000,17.22000000,13.78
1749266073,12.94000000,13.13000000,13.78
1749266073,12.93000000,7.97000000,13.78
1749266073,12.92000000,98.68000000,13.78
1749266073,12.91000000,72.07000000,13.78
1749266073,12.90000000,1903.23000000,13.78
1749266073,12.89000000,300.20000000,13.78
1749266073,12.88000000,45.80000000,13.78
1749266073,12.87000000,46.78000000,13.78
1749266073,12.86000000,16.74000000,13.78
1749266073,12.85000000,117.94000000,13.78
1749266073,12.84000000,373.65000000,13.78
1749266073,12.83000000,3197.68000000,13.78
1749266073,12.82000000,135.53000000,13.78
1749266073,12.81000000,40.45000000,13.78
1749266073,12.80000000,4750.50000000,13.78
1749266073,12.79000000,358.20000000,13.78
1749266073,12.78000000,81.55000000,13.78
1749266374,13.75000000,4965.05000000,13.75
1749266374,13.74000000,13267.25000000,13.75
1749266374,13.73000000,10038.63000000,13.75
1749266374,13.72000000,11528.07000000,13.75
1749266374,13.71000000,7122.70000000,13.75
1749266374,13.70000000,7914.45000000,13.75
1749266374,13.69000000,9004.02000000,13.75
1749266374,13.68000000,2963.10000000,13.75
1749266374,13.67000000,2085.53000000,13.75
1749266374,13.66000000,772.40000000,13.75
1749266374,13.65000000,6887.76000000,13.75
1749266374,13.64000000,1517.66000000,13.75
1749266374,13.63000000,618.13000000,13.75
1749266374,13.62000000,681.09000000,13.75
1749266374,13.61000000,2235.10000000,13.75
1749266374,13.60000000,873.40000000,13.75
1749266374,13.59000000,1547.40000000,13.75
1749266374,13.58000000,897.33000000,13.75
1749266374,13.57000000,1016.29000000,13.75
1749266374,13.56000000,761.63000000,13.75
1749266374,13.55000000,1294.50000000,13.75
1749266374,13.54000000,3626.75000000,13.75
1749266374,13.53000000,1327.04000000,13.75
1749266374,13.52000000,549.26000000,13.75
1749266374,13.51000000,669.76000000,13.75
1749266374,13.50000000,598.18000000,13.75
1749266374,13.49000000,555.06000000,13.75
1749266374,13.48000000,1870.55000000,13.75
1749266374,13.47000000,582.58000000,13.75
1749266374,13.46000000,516.33000000,13.75
1749266374,13.45000000,587.08000000,13.75
1749266374,13.44000000,539.84000000,13.75
1749266374,13.43000000,616.49000000,13.75
1749266374,13.42000000,495.40000000,13.75
1749266374,13.41000000,504.11000000,13.75
1749266374,13.40000000,873.22000000,13.75
1749266374,13.39000000,435.41000000,13.75
1749266374,13.38000000,767.11000000,13.75
1749266374,13.37000000,562.37000000,13.75
1749266374,13.36000000,593.36000000,13.75
1749266374,13.35000000,464.67000000,13.75
1749266374,13.34000000,49.20000000,13.75
1749266374,13.33000000,8.29000000,13.75
1749266374,13.32000000,80.99000000,13.75
1749266374,13.31000000,438.84000000,13.75
1749266374,13.30000000,4010.04000000,13.75
1749266374,13.29000000,46.60000000,13.75
1749266374,13.28000000,79.61000000,13.75
1749266374,13.27000000,27.03000000,13.75
1749266374,13.26000000,1299.55000000,13.75
1749266374,13.25000000,93.30000000,13.75
1749266374,13.24000000,402.02000000,13.75
1749266374,13.23000000,474.07000000,13.75
1749266374,13.22000000,143.76000000,13.75
1749266374,13.21000000,76.09000000,13.75
1749266374,13.20000000,365.46000000,13.75
1749266374,13.19000000,103.55000000,13.75
1749266374,13.18000000,371.95000000,13.75
1749266374,13.17000000,11339.92000000,13.75
1749266374,13.16000000,743.37000000,13.75
1749266374,13.15000000,104.78000000,13.75
1749266374,13.14000000,30.74000000,13.75
1749266374,13.13000000,140.14000000,13.75
1749266374,13.12000000,84.58000000,13.75
1749266374,13.11000000,455.09000000,13.75
1749266374,13.10000000,6463.44000000,13.75
1749266374,13.09000000,191.51000000,13.75
1749266374,13.08000000,79.52000000,13.75
1749266374,13.07000000,213.93000000,13.75
1749266374,13.06000000,82.63000000,13.75
1749266374,13.05000000,19.13000000,13.75
1749266374,13.04000000,685.47000000,13.75
1749266374,13.03000000,66.45000000,13.75
1749266374,13.02000000,487.08000000,13.75
1749266374,13.01000000,5345.14000000,13.75
1749266374,13.00000000,6045.34000000,13.75
1749266374,12.99000000,29.70000000,13.75
1749266374,12.98000000,247.38000000,13.75
1749266374,12.97000000,37.58000000,13.75
1749266374,12.96000000,453.42000000,13.75
1749266374,12.95000000,17.22000000,13.75
1749266374,12.94000000,13.13000000,13.75
1749266374,12.93000000,7.97000000,13.75
1749266374,12.92000000,98.68000000,13.75
1749266374,12.91000000,72.07000000,13.75
1749266374,12.90000000,1902.65000000,13.75
1749266374,12.89000000,300.20000000,13.75
1749266374,12.88000000,45.80000000,13.75
1749266374,12.87000000,46.78000000,13.75
1749266374,12.86000000,20.63000000,13.75
1749266374,12.85000000,117.94000000,13.75
1749266374,12.84000000,373.65000000,13.75
1749266374,12.83000000,3197.68000000,13.75
1749266374,12.82000000,136.11000000,13.75
1749266374,12.81000000,40.45000000,13.75
1749266374,12.80000000,4750.50000000,13.75
1749266374,12.79000000,358.20000000,13.75
1749266374,12.78000000,81.55000000,13.75
1749266374,12.77000000,1134.56000000,13.75
1749266374,12.76000000,30.22000000,13.75
1749266677,13.81000000,3247.15000000,13.81
1749266677,13.80000000,12936.44000000,13.81
1749266677,13.79000000,14969.40000000,13.81
1749266677,13.78000000,9090.09000000,13.81
1749266677,13.77000000,6386.75000000,13.81
1749266677,13.76000000,3172.20000000,13.81
1749266677,13.75000000,3137.72000000,13.81
1749266677,13.74000000,3417.72000000,13.81
1749266677,13.73000000,6362.71000000,13.81
1749266677,13.72000000,7009.23000000,13.81
1749266677,13.71000000,3812.30000000,13.81
1749266677,13.70000000,7688.55000000,13.81
1749266677,13.69000000,8003.45000000,13.81
1749266677,13.68000000,2447.53000000,13.81
1749266677,13.67000000,674.12000000,13.81
1749266677,13.66000000,1447.78000000,13.81
1749266677,13.65000000,5703.66000000,13.81
1749266677,13.64000000,886.92000000,13.81
1749266677,13.63000000,634.83000000,13.81
1749266677,13.62000000,1370.43000000,13.81
1749266677,13.61000000,1567.59000000,13.81
1749266677,13.60000000,1612.51000000,13.81
1749266677,13.59000000,1297.19000000,13.81
1749266677,13.58000000,722.17000000,13.81
1749266677,13.57000000,963.88000000,13.81
1749266677,13.56000000,758.22000000,13.81
1749266677,13.55000000,515.09000000,13.81
1749266677,13.54000000,3626.75000000,13.81
1749266677,13.53000000,1368.61000000,13.81
1749266677,13.52000000,551.10000000,13.81
1749266677,13.51000000,537.86000000,13.81
1749266677,13.50000000,599.01000000,13.81
1749266677,13.49000000,566.73000000,13.81
1749266677,13.48000000,1879.81000000,13.81
1749266677,13.47000000,580.36000000,13.81
1749266677,13.46000000,516.33000000,13.81
1749266677,13.45000000,550.22000000,13.81
1749266677,13.44000000,436.34000000,13.81
1749266677,13.43000000,512.99000000,13.81
1749266677,13.42000000,391.90000000,13.81
1749266677,13.41000000,403.81000000,13.81
1749266677,13.40000000,416.85000000,13.81
1749266677,13.39000000,55.87000000,13.81
1749266677,13.38000000,28.85000000,13.81
1749266677,13.37000000,214.79000000,13.81
1749266677,13.36000000,245.82000000,13.81
1749266677,13.35000000,116.67000000,13.81
1749266677,13.34000000,49.20000000,13.81
1749266677,13.33000000,8.29000000,13.81
1749266677,13.32000000,80.99000000,13.81
1749266677,13.31000000,42.82000000,13.81
1749266677,13.30000000,4010.04000000,13.81
1749266677,13.29000000,46.60000000,13.81
1749266677,13.28000000,79.61000000,13.81
1749266677,13.27000000,27.03000000,13.81
1749266677,13.26000000,1299.55000000,13.81
1749266677,13.25000000,93.30000000,13.81
1749266677,13.24000000,3.91000000,13.81
1749266677,13.23000000,474.07000000,13.81
1749266677,13.22000000,143.76000000,13.81
1749266677,13.21000000,76.09000000,13.81
1749266677,13.20000000,342.33000000,13.81
1749266677,13.19000000,103.55000000,13.81
1749266677,13.18000000,371.95000000,13.81
1749266677,13.17000000,10939.69000000,13.81
1749266677,13.16000000,743.37000000,13.81
1749266677,13.15000000,104.78000000,13.81
1749266677,13.14000000,30.74000000,13.81
1749266677,13.13000000,140.14000000,13.81
1749266677,13.12000000,84.58000000,13.81
1749266677,13.11000000,53.03000000,13.81
1749266677,13.10000000,6463.44000000,13.81
1749266677,13.09000000,191.51000000,13.81
1749266677,13.08000000,79.52000000,13.81
1749266677,13.07000000,213.93000000,13.81
1749266677,13.06000000,82.63000000,13.81
1749266677,13.05000000,18.39000000,13.81
1749266677,13.04000000,684.73000000,13.81
1749266677,13.03000000,65.72000000,13.81
1749266677,13.02000000,81.51000000,13.81
1749266677,13.01000000,5344.41000000,13.81
1749266677,13.00000000,6041.32000000,13.81
1749266677,12.99000000,29.70000000,13.81
1749266677,12.98000000,247.38000000,13.81
1749266677,12.97000000,37.58000000,13.81
1749266677,12.96000000,453.42000000,13.81
1749266677,12.95000000,17.22000000,13.81
1749266677,12.94000000,13.13000000,13.81
1749266677,12.93000000,7.97000000,13.81
1749266677,12.92000000,98.68000000,13.81
1749266677,12.91000000,72.07000000,13.81
1749266677,12.90000000,1902.65000000,13.81
1749266677,12.89000000,300.20000000,13.81
1749266677,12.88000000,45.80000000,13.81
1749266677,12.87000000,46.78000000,13.81
1749266677,12.86000000,20.63000000,13.81
1749266677,12.85000000,117.94000000,13.81
1749266677,12.84000000,373.65000000,13.81
1749266677,12.83000000,3197.68000000,13.81
1749266677,12.82000000,136.11000000,13.81
1749266979,13.79000000,5438.42000000,13.79
1749266979,13.78000000,11032.65000000,13.79
1749266979,13.77000000,9042.33000000,13.79
1749266979,13.76000000,10936.94000000,13.79
1749266979,13.75000000,3510.44000000,13.79
1749266979,13.74000000,11189.43000000,13.79
1749266979,13.73000000,3048.68000000,13.79
1749266979,13.72000000,3278.47000000,13.79
1749266979,13.71000000,8817.19000000,13.79
1749266979,13.70000000,2840.86000000,13.79
1749266979,13.69000000,3047.08000000,13.79
1749266979,13.68000000,2471.84000000,13.79
1749266979,13.67000000,1398.23000000,13.79
1749266979,13.66000000,715.72000000,13.79
1749266979,13.65000000,5780.44000000,13.79
1749266979,13.64000000,2402.54000000,13.79
1749266979,13.63000000,618.13000000,13.79
1749266979,13.62000000,1436.10000000,13.79
1749266979,13.61000000,4633.89000000,13.79
1749266979,13.60000000,875.03000000,13.79
1749266979,13.59000000,488.79000000,13.79
1749266979,13.58000000,721.72000000,13.79
1749266979,13.57000000,963.88000000,13.79
1749266979,13.56000000,758.22000000,13.79
1749266979,13.55000000,521.33000000,13.79
1749266979,13.54000000,504.44000000,13.79
1749266979,13.53000000,1330.74000000,13.79
1749266979,13.52000000,551.10000000,13.79
1749266979,13.51000000,586.94000000,13.79
1749266979,13.50000000,599.01000000,13.79
1749266979,13.49000000,543.60000000,13.79
1749266979,13.48000000,1868.33000000,13.79
1749266979,13.47000000,580.36000000,13.79
1749266979,13.46000000,516.33000000,13.79
1749266979,13.45000000,550.22000000,13.79
1749266979,13.44000000,436.34000000,13.79
1749266979,13.43000000,512.99000000,13.79
1749266979,13.42000000,391.90000000,13.79
1749266979,13.41000000,403.81000000,13.79
1749266979,13.40000000,755.60000000,13.79
1749266979,13.39000000,785.03000000,13.79
1749266979,13.38000000,28.85000000,13.79
1749266979,13.37000000,214.79000000,13.79
1749266979,13.36000000,245.82000000,13.79
1749266979,13.35000000,116.67000000,13.79
1749266979,13.34000000,49.20000000,13.79
1749266979,13.33000000,8.29000000,13.79
1749266979,13.32000000,463.78000000,13.79
1749266979,13.31000000,42.82000000,13.79
1749266979,13.30000000,4010.04000000,13.79
1749266979,13.29000000,69.73000000,13.79
1749266979,13.28000000,79.61000000,13.79
1749266979,13.27000000,27.03000000,13.79
1749266979,13.26000000,1299.55000000,13.79
1749266979,13.25000000,478.11000000,13.79
1749266979,13.24000000,3.91000000,13.79
1749266979,13.23000000,474.07000000,13.79
1749266979,13.22000000,105.94000000,13.79
1749266979,13.21000000,76.09000000,13.79
1749266979,13.20000000,342.33000000,13.79
1749266979,13.19000000,103.55000000,13.79
1749266979,13.18000000,758.80000000,13.79
1749266979,13.17000000,10939.69000000,13.79
1749266979,13.16000000,743.37000000,13.79
1749266979,13.15000000,104.78000000,13.79
1749266979,13.14000000,30.74000000,13.79
1749266979,13.13000000,140.14000000,13.79
1749266979,13.12000000,84.58000000,13.79
1749266979,13.11000000,441.94000000,13.79
1749266979,13.10000000,6466.52000000,13.79
1749266979,13.09000000,193.05000000,13.79
1749266979,13.08000000,77.98000000,13.79
1749266979,13.07000000,212.39000000,13.79
1749266979,13.06000000,81.86000000,13.79
1749266979,13.05000000,19.12000000,13.79
1749266979,13.04000000,684.69000000,13.79
1749266979,13.03000000,457.02000000,13.79
1749266979,13.02000000,81.51000000,13.79
1749266979,13.01000000,5344.41000000,13.79
1749266979,13.00000000,6047.48000000,13.79
1749266979,12.99000000,29.70000000,13.79
1749266979,12.98000000,247.38000000,13.79
1749266979,12.97000000,37.58000000,13.79
1749266979,12.96000000,453.42000000,13.79
1749266979,12.95000000,17.22000000,13.79
1749266979,12.94000000,13.13000000,13.79
1749266979,12.93000000,7.97000000,13.79
1749266979,12.92000000,98.68000000,13.79
1749266979,12.91000000,72.07000000,13.79
1749266979,12.90000000,1902.65000000,13.79
1749266979,12.89000000,300.20000000,13.79
1749266979,12.88000000,45.80000000,13.79
1749266979,12.87000000,46.78000000,13.79
1749266979,12.86000000,20.63000000,13.79
1749266979,12.85000000,117.94000000,13.79
1749266979,12.84000000,373.65000000,13.79
1749266979,12.83000000,3197.68000000,13.79
1749266979,12.82000000,136.11000000,13.79
1749266979,12.81000000,41.52000000,13.79
1749266979,12.80000000,4749.50000000,13.79
1749267281,13.77000000,5153.60000000,13.77
1749267281,13.76000000,12381.10000000,13.77
1749267281,13.75000000,8507.36000000,13.77
1749267281,13.74000000,9270.74000000,13.77
1749267281,13.73000000,7084.53000000,13.77
1749267281,13.72000000,11656.11000000,13.77
1749267281,13.71000000,2734.99000000,13.77
1749267281,13.70000000,2941.89000000,13.77
1749267281,13.69000000,3144.58000000,13.77
1749267281,13.68000000,8316.51000000,13.77
1749267281,13.67000000,1720.19000000,13.77
1749267281,13.66000000,1837.21000000,13.77
1749267281,13.65000000,5722.01000000,13.77
1749267281,13.64000000,732.34000000,13.77
1749267281,13.63000000,1792.64000000,13.77
1749267281,13.62000000,636.75000000,13.77
1749267281,13.61000000,4766.04000000,13.77
1749267281,13.60000000,1608.25000000,13.77
1749267281,13.59000000,1297.25000000,13.77
1749267281,13.58000000,714.37000000,13.77
1749267281,13.57000000,963.88000000,13.77
1749267281,13.56000000,765.58000000,13.77
1749267281,13.55000000,517.92000000,13.77
1749267281,13.54000000,501.52000000,13.77
1749267281,13.53000000,1330.74000000,13.77
1749267281,13.52000000,558.48000000,13.77
1749267281,13.51000000,545.35000000,13.77
1749267281,13.50000000,601.94000000,13.77
1749267281,13.49000000,580.31000000,13.77
1749267281,13.48000000,1868.71000000,13.77
1749267281,13.47000000,580.36000000,13.77
1749267281,13.46000000,517.07000000,13.77
1749267281,13.45000000,550.22000000,13.77
1749267281,13.44000000,562.97000000,13.77
1749267281,13.43000000,616.49000000,13.77
1749267281,13.42000000,391.90000000,13.77
1749267281,13.41000000,403.81000000,13.77
1749267281,13.40000000,763.26000000,13.77
1749267281,13.39000000,787.81000000,13.77
1749267281,13.38000000,378.32000000,13.77
1749267281,13.37000000,564.06000000,13.77
1749267281,13.36000000,239.81000000,13.77
1749267281,13.35000000,116.67000000,13.77
1749267281,13.34000000,49.20000000,13.77
1749267281,13.33000000,8.29000000,13.77
1749267281,13.32000000,463.40000000,13.77
1749267281,13.31000000,42.82000000,13.77
1749267281,13.30000000,4010.04000000,13.77
1749267281,13.29000000,24.64000000,13.77
1749267281,13.28000000,79.61000000,13.77
1749267281,13.27000000,27.78000000,13.77
1749267281,13.26000000,1299.55000000,13.77
1749267281,13.25000000,478.11000000,13.77
1749267281,13.24000000,3.91000000,13.77
1749267281,13.23000000,474.07000000,13.77
1749267281,13.22000000,105.94000000,13.77
1749267281,13.21000000,76.09000000,13.77
1749267281,13.20000000,342.33000000,13.77
1749267281,13.19000000,103.55000000,13.77
1749267281,13.18000000,758.80000000,13.77
1749267281,13.17000000,10939.69000000,13.77
1749267281,13.16000000,743.37000000,13.77
1749267281,13.15000000,104.78000000,13.77
1749267281,13.14000000,30.74000000,13.77
1749267281,13.13000000,140.14000000,13.77
1749267281,13.12000000,84.58000000,13.77
1749267281,13.11000000,441.94000000,13.77
1749267281,13.10000000,6466.52000000,13.77
1749267281,13.09000000,164.00000000,13.77
1749267281,13.08000000,77.98000000,13.77
1749267281,13.07000000,212.39000000,13.77
1749267281,13.06000000,81.86000000,13.77
1749267281,13.05000000,19.12000000,13.77
1749267281,13.04000000,684.69000000,13.77
1749267281,13.03000000,457.75000000,13.77
1749267281,13.02000000,82.24000000,13.77
1749267281,13.01000000,5344.41000000,13.77
1749267281,13.00000000,6047.48000000,13.77
1749267281,12.99000000,29.70000000,13.77
1749267281,12.98000000,247.38000000,13.77
1749267281,12.97000000,37.58000000,13.77
1749267281,12.96000000,453.42000000,13.77
1749267281,12.95000000,17.22000000,13.77
1749267281,12.94000000,13.13000000,13.77
1749267281,12.93000000,7.97000000,13.77
1749267281,12.92000000,98.68000000,13.77
1749267281,12.91000000,72.07000000,13.77
1749267281,12.90000000,1902.65000000,13.77
1749267281,12.89000000,240.93000000,13.77
1749267281,12.88000000,45.80000000,13.77
1749267281,12.87000000,46.78000000,13.77
1749267281,12.86000000,20.63000000,13.77
1749267281,12.85000000,117.94000000,13.77
1749267281,12.84000000,373.65000000,13.77
1749267281,12.83000000,3197.68000000,13.77
1749267281,12.82000000,136.11000000,13.77
1749267281,12.81000000,41.52000000,13.77
1749267281,12.80000000,4749.50000000,13.77
1749267281,12.79000000,358.20000000,13.77
1749267281,12.78000000,81.55000000,13.77
1749267583,13.81000000,6953.20000000,13.82
1749267583,13.80000000,10914.28000000,13.82
1749267583,13.79000000,6981.07000000,13.82
1749267583,13.78000000,7994.16000000,13.82
1749267583,13.77000000,3880.00000000,13.82
1749267583,13.76000000,5600.76000000,13.82
1749267583,13.75000000,7339.01000000,13.82
1749267583,13.74000000,9028.29000000,13.82
1749267583,13.73000000,2637.24000000,13.82
1749267583,13.72000000,3561.02000000,13.82
1749267583,13.71000000,9628.87000000,13.82
1749267583,13.70000000,3461.11000000,13.82
1749267583,13.69000000,2234.11000000,13.82
1749267583,13.68000000,816.27000000,13.82
1749267583,13.67000000,653.17000000,13.82
1749267583,13.66000000,1524.48000000,13.82
1749267583,13.65000000,5722.01000000,13.82
1749267583,13.64000000,1530.52000000,13.82
1749267583,13.63000000,1725.32000000,13.82
1749267583,13.62000000,1436.10000000,13.82
1749267583,13.61000000,3956.54000000,13.82
1749267583,13.60000000,733.42000000,13.82
1749267583,13.59000000,488.79000000,13.82
1749267583,13.58000000,714.37000000,13.82
1749267583,13.57000000,963.88000000,13.82
1749267583,13.56000000,1561.11000000,13.82
1749267583,13.55000000,517.61000000,13.82
1749267583,13.54000000,501.52000000,13.82
