timestamp,price,volume,current_price
1749260784,7.39900000,93.73000000,7.397
1749260784,7.39800000,7.77000000,7.397
1749260784,7.39700000,29.08000000,7.397
1749260784,7.39600000,44.23000000,7.397
1749260784,7.39500000,44.50000000,7.397
1749260784,7.39400000,92.23000000,7.397
1749260784,7.39300000,467.77000000,7.397
1749260784,7.39200000,1276.49000000,7.397
1749260784,7.39100000,500.89000000,7.397
1749260784,7.39000000,33.20000000,7.397
1749260784,7.38900000,21.94000000,7.397
1749260784,7.38800000,186.70000000,7.397
1749260784,7.38700000,600.48000000,7.397
1749260784,7.38600000,261.08000000,7.397
1749260784,7.38500000,11.27000000,7.397
1749260784,7.38400000,110.53000000,7.397
1749260784,7.38300000,365.93000000,7.397
1749260784,7.38200000,267.74000000,7.397
1749260784,7.38100000,348.15000000,7.397
1749260784,7.38000000,222.17000000,7.397
1749260784,7.37900000,188.30000000,7.397
1749260784,7.37800000,68.27000000,7.397
1749260784,7.37700000,49.28000000,7.397
1749260784,7.37600000,229.60000000,7.397
1749260784,7.37500000,100.93000000,7.397
1749260784,7.37400000,5.39000000,7.397
1749260784,7.37200000,14.27000000,7.397
1749260784,7.37100000,18.02000000,7.397
1749260784,7.37000000,13.53000000,7.397
1749260784,7.36800000,63.17000000,7.397
1749260784,7.36700000,36.24000000,7.397
1749260784,7.36600000,23.82000000,7.397
1749260784,7.36500000,535.49000000,7.397
1749260784,7.36400000,50.24000000,7.397
1749260784,7.36300000,14.56000000,7.397
1749260784,7.36000000,0.75000000,7.397
1749260784,7.35900000,14.56000000,7.397
1749260784,7.35800000,1.61000000,7.397
1749260784,7.35700000,13.55000000,7.397
1749260784,7.35600000,511.46000000,7.397
1749260784,7.35500000,1.02000000,7.397
1749260784,7.35400000,13.55000000,7.397
1749260784,7.35300000,52.42000000,7.397
1749260784,7.35200000,67.21000000,7.397
1749260784,7.35100000,3.29000000,7.397
1749260784,7.35000000,1.18000000,7.397
1749260784,7.34900000,270.69000000,7.397
1749260784,7.34700000,180.42000000,7.397
1749260784,7.34600000,274.20000000,7.397
1749260784,7.34500000,13.57000000,7.397
1749260784,7.34400000,106.11000000,7.397
1749260784,7.34300000,15.31000000,7.397
1749260784,7.34200000,467.30000000,7.397
1749260784,7.34100000,66.47000000,7.397
1749260784,7.34000000,64.18000000,7.397
1749260784,7.33900000,1.02000000,7.397
1749260784,7.33700000,6.75000000,7.397
1749260784,7.33600000,0.75000000,7.397
1749260784,7.33500000,1.02000000,7.397
1749260784,7.33400000,54.18000000,7.397
1749260784,7.33300000,108.35000000,7.397
1749260784,7.33100000,2.30000000,7.397
1749260784,7.33000000,10.00000000,7.397
1749260784,7.32800000,0.76000000,7.397
1749260784,7.32700000,1.02000000,7.397
1749260784,7.32600000,55.02000000,7.397
1749260784,7.32400000,24.14000000,7.397
1749260784,7.32300000,1.02000000,7.397
1749260784,7.32200000,430.54000000,7.397
1749260784,7.32100000,101.75000000,7.397
1749260784,7.32000000,0.76000000,7.397
1749260784,7.31900000,8.07000000,7.397
1749260784,7.31800000,68.95000000,7.397
1749260784,7.31600000,132.09000000,7.397
1749260784,7.31500000,1.02000000,7.397
1749260784,7.31300000,1.37000000,7.397
1749260784,7.31200000,0.76000000,7.397
1749260784,7.31100000,1.02000000,7.397
1749260784,7.31000000,233.98000000,7.397
1749260784,7.30900000,324.79000000,7.397
1749260784,7.30800000,15.64000000,7.397
1749260784,7.30700000,1.02000000,7.397
1749260784,7.30600000,2.78000000,7.397
1749260784,7.30500000,0.70000000,7.397
1749260784,7.30300000,1.02000000,7.397
1749260784,7.30100000,616.33000000,7.397
1749260784,7.30000000,57.79000000,7.397
1749260784,7.29900000,103.54000000,7.397
1749260784,7.29700000,1.10000000,7.397
1749260784,7.29500000,1.75000000,7.397
1749260784,7.29300000,1.52000000,7.397
1749260784,7.29200000,280.42000000,7.397
1749260784,7.29100000,1.02000000,7.397
1749260784,7.29000000,94.70000000,7.397
1749260784,7.28900000,2.07000000,7.397
1749260784,7.28800000,15.77000000,7.397
1749260784,7.28700000,1.02000000,7.397
1749260784,7.28600000,14.81000000,7.397
1749260784,7.28500000,27.40000000,7.397
1749260784,7.28300000,1.02000000,7.397
1749261104,7.37800000,0.75000000,7.379
1749261104,7.37700000,20.92000000,7.379
1749261104,7.37600000,53.19000000,7.379
1749261104,7.37500000,60.07000000,7.379
1749261104,7.37400000,96.70000000,7.379
1749261104,7.37300000,27.94000000,7.379
1749261104,7.37200000,32.69000000,7.379
1749261104,7.37100000,38.96000000,7.379
1749261104,7.37000000,22.69000000,7.379
1749261104,7.36900000,70.99000000,7.379
1749261104,7.36800000,174.61000000,7.379
1749261104,7.36700000,22.96000000,7.379
1749261104,7.36600000,164.59000000,7.379
1749261104,7.36500000,42.20000000,7.379
1749261104,7.36400000,21.67000000,7.379
1749261104,7.36300000,21.94000000,7.379
1749261104,7.36200000,28.99000000,7.379
1749261104,7.36100000,119.10000000,7.379
1749261104,7.36000000,72.17000000,7.379
1749261104,7.35900000,25.30000000,7.379
1749261104,7.35800000,43.09000000,7.379
1749261104,7.35700000,20.92000000,7.379
1749261104,7.35600000,198.32000000,7.379
1749261104,7.35500000,35.48000000,7.379
1749261104,7.35400000,228.43000000,7.379
1749261104,7.35300000,74.85000000,7.379
1749261104,7.35200000,116.71000000,7.379
1749261104,7.35100000,148.38000000,7.379
1749261104,7.35000000,35.64000000,7.379
1749261104,7.34900000,42.93000000,7.379
1749261104,7.34800000,4.14000000,7.379
1749261104,7.34700000,58.08000000,7.379
1749261104,7.34600000,295.12000000,7.379
1749261104,7.34500000,36.09000000,7.379
1749261104,7.34400000,70.61000000,7.379
1749261104,7.34300000,15.24000000,7.379
1749261104,7.34200000,543.26000000,7.379
1749261104,7.34100000,49.77000000,7.379
1749261104,7.34000000,60.62000000,7.379
1749261104,7.33900000,14.55000000,7.379
1749261104,7.33700000,13.53000000,7.379
1749261104,7.33600000,14.28000000,7.379
1749261104,7.33500000,1067.16000000,7.379
1749261104,7.33400000,13.53000000,7.379
1749261104,7.33300000,177.18000000,7.379
1749261104,7.33200000,52.28000000,7.379
1749261104,7.33100000,1.02000000,7.379
1749261104,7.33000000,10.00000000,7.379
1749261104,7.32900000,64.33000000,7.379
1749261104,7.32800000,72.97000000,7.379
1749261104,7.32700000,14.56000000,7.379
1749261104,7.32500000,13.54000000,7.379
1749261104,7.32400000,211.07000000,7.379
1749261104,7.32300000,14.57000000,7.379
1749261104,7.32200000,430.54000000,7.379
1749261104,7.32100000,57.64000000,7.379
1749261104,7.32000000,53.10000000,7.379
1749261104,7.31900000,8.07000000,7.379
1749261104,7.31700000,151.45000000,7.379
1749261104,7.31600000,59.84000000,7.379
1749261104,7.31500000,1.02000000,7.379
1749261104,7.31400000,324.63000000,7.379
1749261104,7.31300000,235.25000000,7.379
1749261104,7.31200000,1.55000000,7.379
1749261104,7.31100000,99.98000000,7.379
1749261104,7.31000000,1.24000000,7.379
1749261104,7.30800000,596.73000000,7.379
1749261104,7.30700000,80.25000000,7.379
1749261104,7.30600000,2.78000000,7.379
1749261104,7.30500000,108.63000000,7.379
1749261104,7.30400000,71.75000000,7.379
1749261104,7.30300000,1.02000000,7.379
1749261104,7.30100000,19.89000000,7.379
1749261104,7.30000000,70.46000000,7.379
1749261104,7.29900000,1.02000000,7.379
1749261104,7.29500000,14.70000000,7.379
1749261104,7.29200000,678.82000000,7.379
1749261104,7.29100000,3.09000000,7.379
1749261104,7.29000000,10.00000000,7.379
1749261104,7.28800000,51.38000000,7.379
1749261104,7.28700000,7.54000000,7.379
1749261104,7.28600000,1.11000000,7.379
1749261104,7.28300000,1.02000000,7.379
1749261104,7.28000000,10.00000000,7.379
1749261104,7.27900000,9.31000000,7.379
1749261104,7.27800000,137.54000000,7.379
1749261104,7.27600000,100.42000000,7.379
1749261104,7.27500000,281.79000000,7.379
1749261104,7.27400000,0.80000000,7.379
1749261104,7.27300000,2.21000000,7.379
1749261104,7.27200000,8.57000000,7.379
1749261104,7.27100000,1.02000000,7.379
1749261104,7.27000000,31.80000000,7.379
1749261104,7.26800000,5.27000000,7.379
1749261104,7.26700000,4.07000000,7.379
1749261104,7.26500000,100.30000000,7.379
1749261104,7.26400000,591.51000000,7.379
1749261104,7.26300000,1.03000000,7.379
1749261104,7.26200000,0.98000000,7.379
1749261104,7.25300000,33.08000000,7.379
1749261417,7.40700000,20.92000000,7.404
1749261417,7.40600000,38.72000000,7.404
1749261417,7.40500000,52.97000000,7.404
1749261417,7.40400000,139.45000000,7.404
1749261417,7.40300000,8.04000000,7.404
1749261417,7.40200000,28.69000000,7.404
1749261417,7.40100000,8.79000000,7.404
1749261417,7.40000000,37.68000000,7.404
1749261417,7.39900000,80.60000000,7.404
1749261417,7.39800000,172.12000000,7.404
1749261417,7.39700000,27.94000000,7.404
1749261417,7.39600000,22.69000000,7.404
1749261417,7.39500000,50.49000000,7.404
1749261417,7.39400000,91.78000000,7.404
1749261417,7.39300000,88.42000000,7.404
1749261417,7.39200000,24.42000000,7.404
1749261417,7.39100000,21.94000000,7.404
1749261417,7.39000000,32.16000000,7.404
1749261417,7.38900000,149.08000000,7.404
1749261417,7.38800000,72.88000000,7.404
1749261417,7.38700000,21.94000000,7.404
1749261417,7.38500000,37.59000000,7.404
1749261417,7.38400000,102.67000000,7.404
1749261417,7.38300000,134.03000000,7.404
1749261417,7.38200000,210.19000000,7.404
1749261417,7.38100000,48.00000000,7.404
1749261417,7.38000000,75.54000000,7.404
1749261417,7.37900000,35.42000000,7.404
1749261417,7.37800000,41.40000000,7.404
1749261417,7.37700000,70.18000000,7.404
1749261417,7.37600000,75.27000000,7.404
1749261417,7.37500000,36.77000000,7.404
1749261417,7.37400000,143.77000000,7.404
1749261417,7.37300000,57.83000000,7.404
1749261417,7.37200000,35.15000000,7.404
1749261417,7.37100000,33.44000000,7.404
1749261417,7.36900000,34.40000000,7.404
1749261417,7.36800000,84.27000000,7.404
1749261417,7.36700000,14.50000000,7.404
1749261417,7.36600000,462.67000000,7.404
1749261417,7.36500000,331.11000000,7.404
1749261417,7.36400000,53.34000000,7.404
1749261417,7.36300000,14.50000000,7.404
1749261417,7.36100000,479.61000000,7.404
1749261417,7.36000000,0.75000000,7.404
1749261417,7.35900000,14.50000000,7.404
1749261417,7.35700000,81.06000000,7.404
1749261417,7.35600000,51.83000000,7.404
1749261417,7.35500000,14.50000000,7.404
1749261417,7.35400000,466.26000000,7.404
1749261417,7.35300000,53.21000000,7.404
1749261417,7.35200000,55.56000000,7.404
1749261417,7.35100000,3.29000000,7.404
1749261417,7.35000000,56.13000000,7.404
1749261417,7.34900000,54.85000000,7.404
1749261417,7.34700000,21.88000000,7.404
1749261417,7.34400000,53.91000000,7.404
1749261417,7.34300000,1.73000000,7.404
1749261417,7.34000000,10.98000000,7.404
1749261417,7.33900000,2.30000000,7.404
1749261417,7.33800000,7.54000000,7.404
1749261417,7.33600000,0.75000000,7.404
1749261417,7.33500000,1.02000000,7.404
1749261417,7.33300000,108.35000000,7.404
1749261417,7.33100000,1.02000000,7.404
1749261417,7.33000000,10.00000000,7.404
1749261417,7.32800000,0.76000000,7.404
1749261417,7.32700000,1.02000000,7.404
1749261417,7.32400000,156.08000000,7.404
1749261417,7.32300000,1.02000000,7.404
1749261417,7.32200000,430.54000000,7.404
1749261417,7.32100000,3.32000000,7.404
1749261417,7.31900000,8.07000000,7.404
1749261417,7.31600000,17.59000000,7.404
1749261417,7.31500000,1.02000000,7.404
1749261417,7.31400000,324.63000000,7.404
1749261417,7.31300000,235.25000000,7.404
1749261417,7.31100000,1.02000000,7.404
1749261417,7.30800000,596.73000000,7.404
1749261417,7.30700000,1.02000000,7.404
1749261417,7.30600000,3.89000000,7.404
1749261417,7.30500000,280.32000000,7.404
1749261417,7.30400000,70.99000000,7.404
1749261417,7.30300000,1.02000000,7.404
1749261417,7.30100000,83.08000000,7.404
1749261417,7.30000000,60.36000000,7.404
1749261417,7.29900000,1.02000000,7.404
1749261417,7.29800000,3.39000000,7.404
1749261417,7.29700000,137.04000000,7.404
1749261417,7.29500000,1.02000000,7.404
1749261417,7.29200000,13.68000000,7.404
1749261417,7.29100000,1.02000000,7.404
1749261417,7.29000000,10.00000000,7.404
1749261417,7.28900000,13.69000000,7.404
1749261417,7.28800000,15.77000000,7.404
1749261417,7.28700000,1.02000000,7.404
1749261417,7.28600000,1.11000000,7.404
1749261417,7.28400000,34.26000000,7.404
1749261417,7.28300000,1.02000000,7.404
1749261417,7.28200000,3.04000000,7.404
1749261734,7.41700000,6.00000000,7.416
1749261734,7.41600000,26.92000000,7.416
1749261734,7.41500000,68.54000000,7.416
1749261734,7.41400000,27.94000000,7.416
1749261734,7.41300000,44.83000000,7.416
1749261734,7.41200000,79.37000000,7.416
1749261734,7.41100000,112.64000000,7.416
1749261734,7.41000000,27.94000000,7.416
1749261734,7.40900000,27.94000000,7.416
1749261734,7.40800000,45.77000000,7.416
1749261734,7.40700000,84.57000000,7.416
1749261734,7.40600000,128.37000000,7.416
1749261734,7.40500000,119.74000000,7.416
1749261734,7.40400000,561.04000000,7.416
1749261734,7.40300000,592.61000000,7.416
1749261734,7.40200000,932.65000000,7.416
1749261734,7.40100000,325.26000000,7.416
1749261734,7.40000000,716.48000000,7.416
1749261734,7.39900000,629.60000000,7.416
1749261734,7.39800000,331.42000000,7.416
1749261734,7.39700000,21.94000000,7.416
1749261734,7.39600000,22.69000000,7.416
1749261734,7.39500000,33.19000000,7.416
1749261734,7.39400000,20.92000000,7.416
1749261734,7.39300000,24.44000000,7.416
1749261734,7.39200000,673.53000000,7.416
1749261734,7.39100000,330.57000000,7.416
1749261734,7.39000000,59.23000000,7.416
1749261734,7.38900000,346.12000000,7.416
1749261734,7.38800000,71.24000000,7.416
1749261734,7.38700000,21.94000000,7.416
1749261734,7.38600000,38.81000000,7.416
1749261734,7.38500000,16.08000000,7.416
1749261734,7.38400000,14.24000000,7.416
1749261734,7.38300000,1.02000000,7.416
1749261734,7.38200000,13.49000000,7.416
1749261734,7.38000000,51.52000000,7.416
1749261734,7.37900000,22.65000000,7.416
1749261734,7.37800000,100.01000000,7.416
1749261734,7.37700000,62.23000000,7.416
1749261734,7.37600000,103.35000000,7.416
1749261734,7.37500000,14.53000000,7.416
1749261734,7.37300000,15.00000000,7.416
1749261734,7.37200000,0.75000000,7.416
1749261734,7.37100000,14.54000000,7.416
1749261734,7.37000000,13.52000000,7.416
1749261734,7.36900000,371.94000000,7.416
1749261734,7.36800000,104.56000000,7.416
1749261734,7.36700000,1.02000000,7.416
1749261734,7.36600000,7.05000000,7.416
1749261734,7.36500000,75.40000000,7.416
1749261734,7.36400000,306.98000000,7.416
1749261734,7.36300000,14.55000000,7.416
1749261734,7.36100000,13.54000000,7.416
1749261734,7.36000000,480.48000000,7.416
1749261734,7.35900000,1.02000000,7.416
1749261734,7.35700000,13.54000000,7.416
1749261734,7.35600000,71.83000000,7.416
1749261734,7.35500000,14.50000000,7.416
1749261734,7.35400000,446.26000000,7.416
1749261734,7.35300000,53.21000000,7.416
1749261734,7.35200000,55.56000000,7.416
1749261734,7.35100000,3.29000000,7.416
1749261734,7.35000000,1.18000000,7.416
1749261734,7.34700000,29.93000000,7.416
1749261734,7.34400000,0.75000000,7.416
1749261734,7.34300000,1.73000000,7.416
1749261734,7.34000000,10.98000000,7.416
1749261734,7.33900000,1.02000000,7.416
1749261734,7.33800000,233.87000000,7.416
1749261734,7.33700000,54.12000000,7.416
1749261734,7.33600000,54.95000000,7.416
1749261734,7.33500000,1.02000000,7.416
1749261734,7.33300000,108.35000000,7.416
1749261734,7.33100000,1.02000000,7.416
1749261734,7.33000000,10.00000000,7.416
1749261734,7.32800000,0.76000000,7.416
1749261734,7.32700000,1.02000000,7.416
1749261734,7.32400000,24.14000000,7.416
1749261734,7.32300000,1.02000000,7.416
1749261734,7.32200000,430.54000000,7.416
1749261734,7.32100000,3.32000000,7.416
1749261734,7.31900000,8.07000000,7.416
1749261734,7.31500000,4.44000000,7.416
1749261734,7.31400000,324.63000000,7.416
1749261734,7.31300000,1.37000000,7.416
1749261734,7.31100000,1.02000000,7.416
1749261734,7.30900000,107.87000000,7.416
1749261734,7.30800000,15.64000000,7.416
1749261734,7.30700000,1.02000000,7.416
1749261734,7.30600000,2.78000000,7.416
1749261734,7.30500000,0.70000000,7.416
1749261734,7.30400000,13.66000000,7.416
1749261734,7.30300000,280.80000000,7.416
1749261734,7.30100000,2.27000000,7.416
1749261734,7.30000000,56.79000000,7.416
1749261734,7.29900000,1.02000000,7.416
1749261734,7.29800000,3.39000000,7.416
1749261734,7.29700000,153.30000000,7.416
1749261734,7.29500000,1.02000000,7.416
1749262041,7.41800000,41.04000000,7.418
1749262041,7.41700000,42.06000000,7.418
1749262041,7.41600000,82.96000000,7.418
1749262041,7.41500000,34.51000000,7.418
1749262041,7.41400000,35.26000000,7.418
1749262041,7.41300000,34.41000000,7.418
1749262041,7.41200000,35.30000000,7.418
1749262041,7.41100000,50.37000000,7.418
1749262041,7.41000000,220.87000000,7.418
1749262041,7.40900000,791.84000000,7.418
1749262041,7.40800000,789.73000000,7.418
1749262041,7.40700000,648.49000000,7.418
1749262041,7.40600000,22.69000000,7.418
1749262041,7.40500000,42.76000000,7.418
1749262041,7.40400000,22.69000000,7.418
1749262041,7.40300000,22.96000000,7.418
1749262041,7.40200000,403.87000000,7.418
1749262041,7.40100000,314.54000000,7.418
1749262041,7.40000000,323.50000000,7.418
1749262041,7.39900000,1494.32000000,7.418
1749262041,7.39800000,633.31000000,7.418
1749262041,7.39700000,88.64000000,7.418
1749262041,7.39600000,21.67000000,7.418
1749262041,7.39500000,35.82000000,7.418
1749262041,7.39400000,177.83000000,7.418
1749262041,7.39300000,20.92000000,7.418
1749262041,7.39200000,81.61000000,7.418
1749262041,7.39100000,250.13000000,7.418
1749262041,7.39000000,39.95000000,7.418
1749262041,7.38900000,70.41000000,7.418
1749262041,7.38800000,71.61000000,7.418
1749262041,7.38700000,35.43000000,7.418
1749262041,7.38600000,20.92000000,7.418
1749262041,7.38500000,34.41000000,7.418
1749262041,7.38400000,21.67000000,7.418
1749262041,7.38300000,40.88000000,7.418
1749262041,7.38200000,41.41000000,7.418
1749262041,7.38100000,20.92000000,7.418
1749262041,7.38000000,69.07000000,7.418
1749262041,7.37900000,45.78000000,7.418
1749262041,7.37800000,13.50000000,7.418
1749262041,7.37700000,54.65000000,7.418
1749262041,7.37600000,52.99000000,7.418
1749262041,7.37500000,14.53000000,7.418
1749262041,7.37400000,13.48000000,7.418
1749262041,7.37300000,488.91000000,7.418
1749262041,7.37100000,374.23000000,7.418
1749262041,7.37000000,40.23000000,7.418
1749262041,7.36800000,61.04000000,7.418
1749262041,7.36700000,20.92000000,7.418
1749262041,7.36600000,276.46000000,7.418
1749262041,7.36500000,62.58000000,7.418
1749262041,7.36400000,49.14000000,7.418
1749262041,7.36300000,14.47000000,7.418
1749262041,7.36200000,13.50000000,7.418
1749262041,7.36100000,466.16000000,7.418
1749262041,7.36000000,429.08000000,7.418
1749262041,7.35900000,14.52000000,7.418
1749262041,7.35600000,52.86000000,7.418
1749262041,7.35500000,1.02000000,7.418
1749262041,7.35300000,395.33000000,7.418
1749262041,7.35200000,54.74000000,7.418
1749262041,7.35100000,3.29000000,7.418
1749262041,7.35000000,9.23000000,7.418
1749262041,7.34700000,21.88000000,7.418
1749262041,7.34400000,7.65000000,7.418
1749262041,7.34300000,56.83000000,7.418
1749262041,7.34100000,224.08000000,7.418
1749262041,7.34000000,143.65000000,7.418
1749262041,7.33900000,1.02000000,7.418
1749262041,7.33600000,0.75000000,7.418
1749262041,7.33500000,1.02000000,7.418
1749262041,7.33300000,108.35000000,7.418
1749262041,7.33100000,1.02000000,7.418
1749262041,7.33000000,10.00000000,7.418
1749262041,7.32800000,234.85000000,7.418
1749262041,7.32700000,1.02000000,7.418
1749262041,7.32400000,37.65000000,7.418
1749262041,7.32300000,1.02000000,7.418
1749262041,7.32100000,16.84000000,7.418
1749262041,7.32000000,65.45000000,7.418
1749262041,7.31900000,8.07000000,7.418
1749262041,7.31700000,2.06000000,7.418
1749262041,7.31600000,1.37000000,7.418
1749262041,7.31500000,1.02000000,7.418
1749262041,7.31300000,1.37000000,7.418
1749262041,7.31200000,17.60000000,7.418
1749262041,7.31100000,80.21000000,7.418
1749262041,7.31000000,1.36000000,7.418
1749262041,7.30800000,295.05000000,7.418
1749262041,7.30700000,1.02000000,7.418
1749262041,7.30600000,2.78000000,7.418
1749262041,7.30500000,0.70000000,7.418
1749262041,7.30300000,1.02000000,7.418
1749262041,7.30100000,2.27000000,7.418
1749262041,7.30000000,56.79000000,7.418
1749262041,7.29900000,1.02000000,7.418
1749262041,7.29800000,3.39000000,7.418
1749262041,7.29700000,135.67000000,7.418
1749262041,7.29500000,1.02000000,7.418
1749262342,7.45100000,18.24000000,7.448
1749262342,7.45000000,20.92000000,7.448
1749262342,7.44900000,34.83000000,7.448
1749262342,7.44800000,49.63000000,7.448
1749262342,7.44700000,49.63000000,7.448
1749262342,7.44600000,35.60000000,7.448
1749262342,7.44500000,34.82000000,7.448
1749262342,7.44400000,35.49000000,7.448
1749262342,7.44300000,84.90000000,7.448
1749262342,7.44200000,43.05000000,7.448
1749262342,7.44100000,416.84000000,7.448
1749262342,7.44000000,1609.91000000,7.448
1749262342,7.43900000,459.19000000,7.448
1749262342,7.43800000,1132.15000000,7.448
1749262342,7.43700000,1297.50000000,7.448
1749262342,7.43600000,344.41000000,7.448
1749262342,7.43500000,274.37000000,7.448
1749262342,7.43400000,83.36000000,7.448
1749262342,7.43300000,304.83000000,7.448
1749262342,7.43200000,287.54000000,7.448
1749262342,7.43100000,342.41000000,7.448
1749262342,7.43000000,32.84000000,7.448
1749262342,7.42900000,20.92000000,7.448
1749262342,7.42800000,70.26000000,7.448
1749262342,7.42700000,29.38000000,7.448
1749262342,7.42600000,142.97000000,7.448
1749262342,7.42500000,73.94000000,7.448
1749262342,7.42400000,122.13000000,7.448
1749262342,7.42300000,210.29000000,7.448
1749262342,7.42200000,125.30000000,7.448
1749262342,7.42100000,20.92000000,7.448
1749262342,7.42000000,21.67000000,7.448
1749262342,7.41900000,40.82000000,7.448
1749262342,7.41800000,34.35000000,7.448
1749262342,7.41700000,0.70000000,7.448
1749262342,7.41600000,72.88000000,7.448
1749262342,7.41500000,35.38000000,7.448
1749262342,7.41400000,119.75000000,7.448
1749262342,7.41300000,70.25000000,7.448
1749262342,7.41200000,73.05000000,7.448
1749262342,7.41100000,35.39000000,7.448
1749262342,7.40900000,35.23000000,7.448
1749262342,7.40800000,0.75000000,7.448
1749262342,7.40700000,14.42000000,7.448
1749262342,7.40500000,13.38000000,7.448
1749262342,7.40400000,52.93000000,7.448
1749262342,7.40300000,15.60000000,7.448
1749262342,7.40200000,465.90000000,7.448
1749262342,7.40100000,64.73000000,7.448
1749262342,7.40000000,56.17000000,7.448
1749262342,7.39900000,440.53000000,7.448
1749262342,7.39800000,5.41000000,7.448
1749262342,7.39700000,13.42000000,7.448
1749262342,7.39600000,255.03000000,7.448
1749262342,7.39500000,14.44000000,7.448
1749262342,7.39300000,13.42000000,7.448
1749262342,7.39200000,370.34000000,7.448
1749262342,7.39100000,21.02000000,7.448
1749262342,7.38900000,61.71000000,7.448
1749262342,7.38800000,408.28000000,7.448
1749262342,7.38700000,7.76000000,7.448
1749262342,7.38400000,2.11000000,7.448
1749262342,7.38300000,55.65000000,7.448
1749262342,7.38100000,54.85000000,7.448
1749262342,7.38000000,1.81000000,7.448
1749262342,7.37900000,1.81000000,7.448
1749262342,7.37600000,0.75000000,7.448
1749262342,7.37500000,1.02000000,7.448
1749262342,7.37100000,1.02000000,7.448
1749262342,7.37000000,26.71000000,7.448
1749262342,7.36900000,1.09000000,7.448
1749262342,7.36800000,10.75000000,7.448
1749262342,7.36700000,1.02000000,7.448
1749262342,7.36600000,7.05000000,7.448
1749262342,7.36500000,10.00000000,7.448
1749262342,7.36300000,1.02000000,7.448
1749262342,7.35900000,1.02000000,7.448
1749262342,7.35800000,66.62000000,7.448
1749262342,7.35600000,13.45000000,7.448
1749262342,7.35500000,10.52000000,7.448
1749262342,7.35300000,4.52000000,7.448
1749262342,7.35200000,3.50000000,7.448
1749262342,7.35100000,90.12000000,7.448
1749262342,7.35000000,2.68000000,7.448
1749262342,7.34900000,0.69000000,7.448
1749262342,7.34700000,21.88000000,7.448
1749262342,7.34500000,232.86000000,7.448
1749262342,7.34400000,6.90000000,7.448
1749262342,7.34300000,1.73000000,7.448
1749262342,7.34200000,28.70000000,7.448
1749262342,7.34100000,1.35000000,7.448
1749262342,7.34000000,10.98000000,7.448
1749262342,7.33900000,282.37000000,7.448
1749262342,7.33800000,1.51000000,7.448
1749262342,7.33700000,134.93000000,7.448
1749262342,7.33600000,20.41000000,7.448
1749262342,7.33500000,1.02000000,7.448
1749262342,7.33300000,111.98000000,7.448
1749262342,7.33200000,592.79000000,7.448
1749262342,7.33100000,33.75000000,7.448
1749262644,7.43200000,1.76000000,7.433
1749262644,7.43100000,76.86000000,7.433
1749262644,7.43000000,39.18000000,7.433
1749262644,7.42900000,116.19000000,7.433
1749262644,7.42800000,275.53000000,7.433
1749262644,7.42700000,170.50000000,7.433
1749262644,7.42600000,612.31000000,7.433
1749262644,7.42500000,565.87000000,7.433
1749262644,7.42400000,597.63000000,7.433
1749262644,7.42300000,356.50000000,7.433
1749262644,7.42200000,472.70000000,7.433
1749262644,7.42100000,861.96000000,7.433
1749262644,7.42000000,285.31000000,7.433
1749262644,7.41900000,21.93000000,7.433
1749262644,7.41800000,21.67000000,7.433
1749262644,7.41700000,57.35000000,7.433
1749262644,7.41600000,119.09000000,7.433
1749262644,7.41500000,33.14000000,7.433
1749262644,7.41400000,46.22000000,7.433
1749262644,7.41300000,271.72000000,7.433
1749262644,7.41200000,146.36000000,7.433
1749262644,7.41100000,1.02000000,7.433
1749262644,7.41000000,20.92000000,7.433
1749262644,7.40900000,39.80000000,7.433
1749262644,7.40800000,3.42000000,7.433
1749262644,7.40700000,67.82000000,7.433
1749262644,7.40600000,7.00000000,7.433
1749262644,7.40500000,34.33000000,7.433
1749262644,7.40400000,74.60000000,7.433
1749262644,7.40300000,62.92000000,7.433
1749262644,7.40200000,824.12000000,7.433
1749262644,7.40100000,87.57000000,7.433
1749262644,7.40000000,74.52000000,7.433
1749262644,7.39900000,67.90000000,7.433
1749262644,7.39800000,515.90000000,7.433
1749262644,7.39600000,0.75000000,7.433
1749262644,7.39500000,36.01000000,7.433
1749262644,7.39400000,255.10000000,7.433
1749262644,7.39300000,13.42000000,7.433
1749262644,7.39200000,54.05000000,7.433
1749262644,7.39100000,14.44000000,7.433
1749262644,7.38900000,65.92000000,7.433
1749262644,7.38800000,50.90000000,7.433
1749262644,7.38700000,1.02000000,7.433
1749262644,7.38400000,0.75000000,7.433
1749262644,7.38300000,14.45000000,7.433
1749262644,7.38200000,13.43000000,7.433
1749262644,7.38100000,20.00000000,7.433
1749262644,7.38000000,67.97000000,7.433
1749262644,7.37900000,1.81000000,7.433
1749262644,7.37800000,13.44000000,7.433
1749262644,7.37700000,48.51000000,7.433
1749262644,7.37600000,50.73000000,7.433
1749262644,7.37500000,14.46000000,7.433
1749262644,7.37300000,6.74000000,7.433
1749262644,7.37100000,1.02000000,7.433
1749262644,7.37000000,26.71000000,7.433
1749262644,7.36900000,714.47000000,7.433
1749262644,7.36800000,114.32000000,7.433
1749262644,7.36700000,578.78000000,7.433
1749262644,7.36600000,7.05000000,7.433
1749262644,7.36500000,10.00000000,7.433
1749262644,7.36300000,323.53000000,7.433
1749262644,7.36000000,0.75000000,7.433
1749262644,7.35900000,1.02000000,7.433
1749262644,7.35800000,2.05000000,7.433
1749262644,7.35500000,4.20000000,7.433
1749262644,7.35200000,2.00000000,7.433
1749262644,7.35100000,18.28000000,7.433
1749262644,7.35000000,66.37000000,7.433
1749262644,7.34700000,21.88000000,7.433
1749262644,7.34600000,17.20000000,7.433
1749262644,7.34400000,6.90000000,7.433
1749262644,7.34300000,1.73000000,7.433
1749262644,7.34200000,96.37000000,7.433
1749262644,7.34100000,23.03000000,7.433
1749262644,7.34000000,10.98000000,7.433
1749262644,7.33900000,2.53000000,7.433
1749262644,7.33700000,137.95000000,7.433
1749262644,7.33600000,1.51000000,7.433
1749262644,7.33500000,1.02000000,7.433
1749262644,7.33400000,5.89000000,7.433
1749262644,7.33300000,108.35000000,7.433
1749262644,7.33200000,5.22000000,7.433
1749262644,7.33100000,1.02000000,7.433
1749262644,7.33000000,10.00000000,7.433
1749262644,7.32800000,281.41000000,7.433
1749262644,7.32700000,1.02000000,7.433
1749262644,7.32600000,27.25000000,7.433
1749262644,7.32400000,24.14000000,7.433
1749262644,7.32300000,1.02000000,7.433
1749262644,7.32100000,3.32000000,7.433
1749262644,7.32000000,20.45000000,7.433
1749262644,7.31900000,8.07000000,7.433
1749262644,7.31700000,99.65000000,7.433
1749262644,7.31500000,1.02000000,7.433
1749262644,7.31400000,580.61000000,7.433
1749262644,7.31300000,1.37000000,7.433
1749262644,7.31100000,123.90000000,7.433
1749262644,7.30800000,48.47000000,7.433
1749262945,7.39900000,7.02000000,7.4
1749262945,7.39800000,33.29000000,7.4
1749262945,7.39700000,57.34000000,7.4
1749262945,7.39600000,176.71000000,7.4
1749262945,7.39500000,638.37000000,7.4
1749262945,7.39400000,28.69000000,7.4
1749262945,7.39300000,228.58000000,7.4
1749262945,7.39200000,791.84000000,7.4
1749262945,7.39100000,792.96000000,7.4
1749262945,7.39000000,445.23000000,7.4
1749262945,7.38900000,780.02000000,7.4
1749262945,7.38800000,277.01000000,7.4
1749262945,7.38700000,781.84000000,7.4
1749262945,7.38600000,273.33000000,7.4
1749262945,7.38500000,349.82000000,7.4
1749262945,7.38400000,53.84000000,7.4
1749262945,7.38300000,38.62000000,7.4
1749262945,7.38200000,153.13000000,7.4
1749262945,7.38100000,139.67000000,7.4
1749262945,7.38000000,76.12000000,7.4
1749262945,7.37900000,40.89000000,7.4
1749262945,7.37800000,63.09000000,7.4
1749262945,7.37700000,252.90000000,7.4
1749262945,7.37600000,55.06000000,7.4
1749262945,7.37500000,44.65000000,7.4
1749262945,7.37400000,40.46000000,7.4
1749262945,7.37300000,7.00000000,7.4
1749262945,7.37200000,14.20000000,7.4
1749262945,7.37100000,1.02000000,7.4
1749262945,7.37000000,13.45000000,7.4
1749262945,7.36900000,21.55000000,7.4
1749262945,7.36800000,95.59000000,7.4
1749262945,7.36700000,125.68000000,7.4
1749262945,7.36600000,7.05000000,7.4
1749262945,7.36500000,74.39000000,7.4
1749262945,7.36400000,50.13000000,7.4
1749262945,7.36300000,1.02000000,7.4
1749262945,7.36200000,1.66000000,7.4
1749262945,7.36100000,13.47000000,7.4
1749262945,7.36000000,467.02000000,7.4
1749262945,7.35900000,14.49000000,7.4
1749262945,7.35800000,33.02000000,7.4
1749262945,7.35600000,752.21000000,7.4
1749262945,7.35500000,14.53000000,7.4
1749262945,7.35400000,13.49000000,7.4
1749262945,7.35300000,51.92000000,7.4
1749262945,7.35200000,53.56000000,7.4
1749262945,7.35100000,377.52000000,7.4
1749262945,7.35000000,1.18000000,7.4
1749262945,7.34800000,13.50000000,7.4
1749262945,7.34700000,41.88000000,7.4
1749262945,7.34400000,60.31000000,7.4
1749262945,7.34300000,111.67000000,7.4
1749262945,7.34200000,173.63000000,7.4
1749262945,7.34100000,50.30000000,7.4
1749262945,7.34000000,195.94000000,7.4
1749262945,7.33900000,1.02000000,7.4
1749262945,7.33800000,429.63000000,7.4
1749262945,7.33600000,0.75000000,7.4
1749262945,7.33500000,1.02000000,7.4
1749262945,7.33300000,108.35000000,7.4
1749262945,7.33200000,1.27000000,7.4
1749262945,7.33100000,581.38000000,7.4
1749262945,7.33000000,333.96000000,7.4
1749262945,7.32800000,4.39000000,7.4
1749262945,7.32700000,1.02000000,7.4
1749262945,7.32500000,233.50000000,7.4
1749262945,7.32400000,24.14000000,7.4
1749262945,7.32300000,1.02000000,7.4
1749262945,7.32100000,3.32000000,7.4
1749262945,7.32000000,99.60000000,7.4
1749262945,7.31900000,8.07000000,7.4
1749262945,7.31800000,127.37000000,7.4
1749262945,7.31500000,4.22000000,7.4
1749262945,7.31300000,72.28000000,7.4
1749262945,7.31200000,65.53000000,7.4
1749262945,7.31100000,1.02000000,7.4
1749262945,7.30800000,94.86000000,7.4
1749262945,7.30600000,2.78000000,7.4
1749262945,7.30500000,0.70000000,7.4
1749262945,7.30200000,27.34000000,7.4
1749262945,7.30100000,15.82000000,7.4
1749262945,7.30000000,56.79000000,7.4
1749262945,7.29900000,13.67000000,7.4
1749262945,7.29800000,137.16000000,7.4
1749262945,7.29700000,279.93000000,7.4
1749262945,7.29600000,8.27000000,7.4
1749262945,7.29500000,4.56000000,7.4
1749262945,7.29200000,582.36000000,7.4
1749262945,7.29100000,108.72000000,7.4
1749262945,7.29000000,16.77000000,7.4
1749262945,7.28800000,15.77000000,7.4
1749262945,7.28700000,4.56000000,7.4
1749262945,7.28600000,1.11000000,7.4
1749262945,7.28500000,32.93000000,7.4
1749262945,7.28000000,10.00000000,7.4
1749262945,7.27800000,459.23000000,7.4
1749262945,7.27700000,101.58000000,7.4
1749262945,7.27400000,0.80000000,7.4
1749262945,7.27200000,7.05000000,7.4
1749263252,7.38900000,21.58000000,7.388
1749263252,7.38800000,38.23000000,7.388
1749263252,7.38700000,45.05000000,7.388
1749263252,7.38600000,69.41000000,7.388
1749263252,7.38500000,133.77000000,7.388
1749263252,7.38400000,463.65000000,7.388
1749263252,7.38300000,694.59000000,7.388
1749263252,7.38200000,286.80000000,7.388
1749263252,7.38100000,34.70000000,7.388
1749263252,7.38000000,260.42000000,7.388
1749263252,7.37900000,805.54000000,7.388
1749263252,7.37800000,1189.99000000,7.388
1749263252,7.37700000,537.95000000,7.388
1749263252,7.37600000,1060.50000000,7.388
1749263252,7.37500000,282.67000000,7.388
1749263252,7.37400000,123.32000000,7.388
1749263252,7.37300000,280.80000000,7.388
1749263252,7.37200000,22.69000000,7.388
1749263252,7.37100000,22.96000000,7.388
1749263252,7.37000000,130.86000000,7.388
1749263252,7.36900000,21.94000000,7.388
1749263252,7.36800000,101.17000000,7.388
1749263252,7.36700000,153.83000000,7.388
1749263252,7.36600000,42.25000000,7.388
1749263252,7.36500000,106.24000000,7.388
1749263252,7.36400000,266.97000000,7.388
1749263252,7.36300000,120.20000000,7.388
1749263252,7.36200000,39.92000000,7.388
1749263252,7.36100000,47.93000000,7.388
1749263252,7.36000000,35.21000000,7.388
1749263252,7.35900000,21.94000000,7.388
1749263252,7.35800000,64.73000000,7.388
1749263252,7.35700000,27.92000000,7.388
1749263252,7.35600000,71.05000000,7.388
1749263252,7.35500000,35.48000000,7.388
1749263252,7.35400000,13.49000000,7.388
1749263252,7.35300000,95.32000000,7.388
1749263252,7.35200000,53.56000000,7.388
1749263252,7.35100000,16.79000000,7.388
1749263252,7.35000000,2.18000000,7.388
1749263252,7.34900000,13.52000000,7.388
1749263252,7.34800000,14.25000000,7.388
1749263252,7.34700000,21.88000000,7.388
1749263252,7.34500000,13.51000000,7.388
1749263252,7.34400000,60.31000000,7.388
1749263252,7.34300000,15.28000000,7.388
1749263252,7.34100000,90.72000000,7.388
1749263252,7.34000000,195.94000000,7.388
1749263252,7.33900000,14.56000000,7.388
1749263252,7.33800000,270.81000000,7.388
1749263252,7.33600000,916.02000000,7.388
1749263252,7.33500000,14.55000000,7.388
1749263252,7.33300000,108.35000000,7.388
1749263252,7.33200000,71.33000000,7.388
1749263252,7.33100000,580.28000000,7.388
1749263252,7.33000000,333.96000000,7.388
1749263252,7.32900000,52.72000000,7.388
1749263252,7.32800000,51.05000000,7.388
1749263252,7.32700000,362.93000000,7.388
1749263252,7.32600000,6.74000000,7.388
1749263252,7.32400000,24.14000000,7.388
1749263252,7.32300000,1.02000000,7.388
1749263252,7.32100000,3.32000000,7.388
1749263252,7.32000000,242.90000000,7.388
1749263252,7.31900000,9.32000000,7.388
1749263252,7.31800000,107.74000000,7.388
1749263252,7.31600000,54.55000000,7.388
1749263252,7.31500000,1.02000000,7.388
1749263252,7.31400000,55.49000000,7.388
1749263252,7.31300000,1.37000000,7.388
1749263252,7.31200000,0.76000000,7.388
1749263252,7.31100000,231.03000000,7.388
1749263252,7.30800000,447.03000000,7.388
1749263252,7.30700000,1.02000000,7.388
1749263252,7.30600000,2.78000000,7.388
1749263252,7.30500000,0.70000000,7.388
1749263252,7.30400000,0.76000000,7.388
1749263252,7.30300000,1.02000000,7.388
1749263252,7.30200000,3.64000000,7.388
1749263252,7.30100000,4.33000000,7.388
1749263252,7.30000000,83.45000000,7.388
1749263252,7.29900000,232.58000000,7.388
1749263252,7.29800000,119.98000000,7.388
1749263252,7.29700000,65.66000000,7.388
1749263252,7.29500000,235.48000000,7.388
1749263252,7.29400000,23.26000000,7.388
1749263252,7.29100000,71.12000000,7.388
1749263252,7.29000000,10.00000000,7.388
1749263252,7.28800000,15.77000000,7.388
1749263252,7.28600000,1.11000000,7.388
1749263252,7.28500000,79.47000000,7.388
1749263252,7.28000000,10.00000000,7.388
1749263252,7.27900000,416.73000000,7.388
1749263252,7.27800000,459.23000000,7.388
1749263252,7.27700000,586.60000000,7.388
1749263252,7.27600000,5.26000000,7.388
1749263252,7.27500000,27.44000000,7.388
1749263252,7.27400000,3.84000000,7.388
1749263252,7.27200000,20.77000000,7.388
1749263252,7.27000000,4.57000000,7.388
1749263553,7.34100000,33.11000000,7.342
1749263553,7.34000000,144.33000000,7.342
1749263553,7.33900000,50.85000000,7.342
1749263553,7.33800000,38.70000000,7.342
1749263553,7.33700000,27.95000000,7.342
1749263553,7.33600000,46.86000000,7.342
1749263553,7.33500000,103.41000000,7.342
1749263553,7.33400000,53.06000000,7.342
1749263553,7.33300000,130.30000000,7.342
1749263553,7.33200000,74.04000000,7.342
1749263553,7.33100000,21.94000000,7.342
1749263553,7.33000000,99.78000000,7.342
1749263553,7.32900000,266.46000000,7.342
1749263553,7.32800000,183.45000000,7.342
1749263553,7.32700000,21.94000000,7.342
1749263553,7.32600000,43.99000000,7.342
1749263553,7.32500000,68.11000000,7.342
1749263553,7.32400000,107.62000000,7.342
1749263553,7.32300000,138.00000000,7.342
1749263553,7.32200000,0.76000000,7.342
1749263553,7.32100000,17.87000000,7.342
1749263553,7.32000000,140.65000000,7.342
1749263553,7.31900000,200.11000000,7.342
1749263553,7.31800000,45.38000000,7.342
1749263553,7.31700000,63.26000000,7.342
1749263553,7.31600000,74.90000000,7.342
1749263553,7.31500000,14.58000000,7.342
1749263553,7.31400000,21.89000000,7.342
1749263553,7.31300000,114.95000000,7.342
1749263553,7.31200000,0.76000000,7.342
1749263553,7.31100000,131.02000000,7.342
1749263553,7.30900000,13.57000000,7.342
1749263553,7.30800000,69.03000000,7.342
1749263553,7.30700000,14.60000000,7.342
1749263553,7.30600000,16.36000000,7.342
1749263553,7.30500000,52.71000000,7.342
1749263553,7.30400000,907.05000000,7.342
1749263553,7.30300000,1.02000000,7.342
1749263553,7.30200000,45.38000000,7.342
1749263553,7.30100000,572.17000000,7.342
1749263553,7.30000000,152.59000000,7.342
1749263553,7.29900000,1041.74000000,7.342
1749263553,7.29800000,13.60000000,7.342
1749263553,7.29700000,450.60000000,7.342
1749263553,7.29600000,51.30000000,7.342
1749263553,7.29500000,1.02000000,7.342
1749263553,7.29400000,20.00000000,7.342
1749263553,7.29300000,51.70000000,7.342
1749263553,7.29200000,53.50000000,7.342
1749263553,7.29100000,1.02000000,7.342
1749263553,7.29000000,63.89000000,7.342
1749263553,7.28900000,13.61000000,7.342
1749263553,7.28800000,76.10000000,7.342
1749263553,7.28700000,1.02000000,7.342
1749263553,7.28600000,1.11000000,7.342
1749263553,7.28300000,1.02000000,7.342
1749263553,7.28100000,6.74000000,7.342
1749263553,7.28000000,10.76000000,7.342
1749263553,7.27900000,100.42000000,7.342
1749263553,7.27800000,459.23000000,7.342
1749263553,7.27500000,434.37000000,7.342
1749263553,7.27400000,0.80000000,7.342
1749263553,7.27300000,1.17000000,7.342
1749263553,7.27200000,7.81000000,7.342
1749263553,7.27100000,72.34000000,7.342
1749263553,7.26800000,236.03000000,7.342
1749263553,7.26700000,1.03000000,7.342
1749263553,7.26600000,523.19000000,7.342
1749263553,7.26400000,25.37000000,7.342
1749263553,7.26300000,1.03000000,7.342
1749263553,7.26200000,9.94000000,7.342
1749263553,7.25900000,13.75000000,7.342
1749263553,7.25600000,79.79000000,7.342
1749263553,7.25400000,66.05000000,7.342
1749263553,7.25200000,212.12000000,7.342
1749263553,7.25000000,2.54000000,7.342
1749263553,7.24400000,13.66000000,7.342
1749263553,7.24300000,282.17000000,7.342
1749263553,7.24100000,171.72000000,7.342
1749263553,7.24000000,111.11000000,7.342
1749263553,7.23800000,586.71000000,7.342
1749263553,7.23600000,33.16000000,7.342
1749263553,7.23300000,3.59000000,7.342
1749263553,7.23200000,36.74000000,7.342
1749263553,7.23100000,11.12000000,7.342
1749263553,7.23000000,10.00000000,7.342
1749263553,7.22700000,99.53000000,7.342
1749263553,7.22400000,20.73000000,7.342
1749263553,7.22300000,27.64000000,7.342
1749263553,7.22200000,27.64000000,7.342
1749263553,7.22100000,125.53000000,7.342
1749263553,7.22000000,69.13000000,7.342
1749263553,7.21900000,306.63000000,7.342
1749263553,7.21500000,13.70000000,7.342
1749263553,7.21000000,11.07000000,7.342
1749263553,7.20900000,750.00000000,7.342
1749263553,7.20800000,3.41000000,7.342
1749263553,7.20300000,194.02000000,7.342
1749263553,7.20200000,2.27000000,7.342
1749263553,7.20100000,32.92000000,7.342
1749263855,7.27500000,21.30000000,7.275
1749263855,7.27400000,99.18000000,7.275
1749263855,7.27300000,27.96000000,7.275
1749263855,7.27200000,46.00000000,7.275
1749263855,7.27100000,21.96000000,7.275
1749263855,7.27000000,62.34000000,7.275
1749263855,7.26900000,85.84000000,7.275
1749263855,7.26800000,29.76000000,7.275
1749263855,7.26700000,192.96000000,7.275
1749263855,7.26600000,128.98000000,7.275
1749263855,7.26500000,102.86000000,7.275
1749263855,7.26400000,64.14000000,7.275
1749263855,7.26300000,149.34000000,7.275
1749263855,7.26200000,57.12000000,7.275
1749263855,7.26100000,33.23000000,7.275
1749263855,7.26000000,23.76000000,7.275
1749263855,7.25900000,90.72000000,7.275
1749263855,7.25800000,110.89000000,7.275
1749263855,7.25700000,1.04000000,7.275
1749263855,7.25600000,192.22000000,7.275
1749263855,7.25500000,207.36000000,7.275
1749263855,7.25400000,36.16000000,7.275
1749263855,7.25300000,68.74000000,7.275
1749263855,7.25200000,29.32000000,7.275
1749263855,7.25100000,1.00000000,7.275
1749263855,7.25000000,470.56000000,7.275
1749263855,7.24900000,241.75000000,7.275
1749263855,7.24800000,1.80000000,7.275
1749263855,7.24700000,7.00000000,7.275
1749263855,7.24500000,135.92000000,7.275
1749263855,7.24400000,1.80000000,7.275
1749263855,7.24300000,76.29000000,7.275
1749263855,7.24200000,697.68000000,7.275
1749263855,7.24100000,5.42000000,7.275
1749263855,7.24000000,38.56000000,7.275
1749263855,7.23900000,5.54000000,7.275
1749263855,7.23800000,27.55000000,7.275
1749263855,7.23700000,218.10000000,7.275
1749263855,7.23600000,1.81000000,7.275
1749263855,7.23400000,952.30000000,7.275
1749263855,7.23300000,2.06000000,7.275
1749263855,7.23200000,669.88000000,7.275
1749263855,7.23100000,456.67000000,7.275
1749263855,7.23000000,10.00000000,7.275
1749263855,7.22900000,13.74000000,7.275
1749263855,7.22800000,23.47000000,7.275
1749263855,7.22700000,13.75000000,7.275
1749263855,7.22500000,127.67000000,7.275
1749263855,7.22400000,43.29000000,7.275
1749263855,7.22100000,1.12000000,7.275
1749263855,7.22000000,1.03000000,7.275
1749263855,7.21900000,768.25000000,7.275
1749263855,7.21600000,1.80000000,7.275
1749263855,7.21500000,48.14000000,7.275
1749263855,7.21400000,424.27000000,7.275
1749263855,7.21200000,438.16000000,7.275
1749263855,7.20800000,7.15000000,7.275
1749263855,7.20700000,55.31000000,7.275
1749263855,7.20500000,54.27000000,7.275
1749263855,7.20400000,1.03000000,7.275
1749263855,7.20200000,3.36000000,7.275
1749263855,7.20100000,32.92000000,7.275
1749263855,7.20000000,348.89000000,7.275
1749263855,7.19700000,0.70000000,7.275
1749263855,7.19600000,1.83000000,7.275
1749263855,7.19400000,0.70000000,7.275
1749263855,7.19300000,19.00000000,7.275
1749263855,7.19200000,1.81000000,7.275
1749263855,7.19000000,341.67000000,7.275
1749263855,7.18900000,0.83000000,7.275
1749263855,7.18800000,1.04000000,7.275
1749263855,7.18600000,591.93000000,7.275
1749263855,7.18400000,9.67000000,7.275
1749263855,7.18200000,66.71000000,7.275
1749263855,7.18000000,249.25000000,7.275
1749263855,7.17700000,13.25000000,7.275
1749263855,7.17600000,285.96000000,7.275
1749263855,7.17500000,48.28000000,7.275
1749263855,7.17300000,27.83000000,7.275
1749263855,7.17200000,139.07000000,7.275
1749263855,7.17000000,0.70000000,7.275
1749263855,7.16900000,1.12000000,7.275
1749263855,7.16800000,55.24000000,7.275
1749263855,7.16600000,5.71000000,7.275
1749263855,7.16500000,3.08000000,7.275
1749263855,7.16400000,102.23000000,7.275
1749263855,7.16300000,87.82000000,7.275
1749263855,7.16200000,3.08000000,7.275
1749263855,7.15900000,19.30000000,7.275
1749263855,7.15700000,17.91000000,7.275
1749263855,7.15600000,155.00000000,7.275
1749263855,7.15300000,136.62000000,7.275
1749263855,7.15100000,143.05000000,7.275
1749263855,7.15000000,100.76000000,7.275
1749263855,7.14800000,13.85000000,7.275
1749263855,7.14700000,82.84000000,7.275
1749263855,7.14600000,85.66000000,7.275
1749263855,7.14500000,944.98000000,7.275
1749263855,7.14400000,402.59000000,7.275
1749263855,7.14300000,199.84000000,7.275
1749264157,7.27900000,26.92000000,7.279
1749264157,7.27800000,62.08000000,7.279
1749264157,7.27700000,92.43000000,7.279
1749264157,7.27600000,113.32000000,7.279
1749264157,7.27500000,27.96000000,7.279
1749264157,7.27400000,42.64000000,7.279
1749264157,7.27300000,69.19000000,7.279
1749264157,7.27200000,88.87000000,7.279
1749264157,7.27100000,171.09000000,7.279
1749264157,7.27000000,93.02000000,7.279
1749264157,7.26900000,96.65000000,7.279
1749264157,7.26800000,51.19000000,7.279
1749264157,7.26700000,90.50000000,7.279
1749264157,7.26600000,36.54000000,7.279
1749264157,7.26500000,33.59000000,7.279
1749264157,7.26400000,91.40000000,7.279
1749264157,7.26300000,34.59000000,7.279
1749264157,7.26200000,34.73000000,7.279
1749264157,7.26100000,137.69000000,7.279
1749264157,7.26000000,37.41000000,7.279
1749264157,7.25900000,257.84000000,7.279
1749264157,7.25800000,109.09000000,7.279
1749264157,7.25700000,73.66000000,7.279
1749264157,7.25600000,36.64000000,7.279
1749264157,7.25500000,278.14000000,7.279
1749264157,7.25400000,209.56000000,7.279
1749264157,7.25200000,26.09000000,7.279
1749264157,7.25100000,607.26000000,7.279
1749264157,7.25000000,400.61000000,7.279
1749264157,7.24800000,4.33000000,7.279
1749264157,7.24700000,33.76000000,7.279
1749264157,7.24600000,78.93000000,7.279
1749264157,7.24500000,20.92000000,7.279
1749264157,7.24400000,91.33000000,7.279
1749264157,7.24300000,34.35000000,7.279
1749264157,7.24200000,67.06000000,7.279
1749264157,7.24000000,62.00000000,7.279
1749264157,7.23900000,474.12000000,7.279
1749264157,7.23700000,149.36000000,7.279
1749264157,7.23600000,42.88000000,7.279
1749264157,7.23500000,260.91000000,7.279
1749264157,7.23400000,366.57000000,7.279
1749264157,7.23300000,23.78000000,7.279
1749264157,7.23200000,15.54000000,7.279
1749264157,7.23100000,456.67000000,7.279
1749264157,7.23000000,23.73000000,7.279
1749264157,7.22900000,27.38000000,7.279
1749264157,7.22800000,65.94000000,7.279
1749264157,7.22700000,35.48000000,7.279
1749264157,7.22500000,85.49000000,7.279
1749264157,7.22400000,8.85000000,7.279
1749264157,7.22300000,68.72000000,7.279
1749264157,7.22100000,1.12000000,7.279
1749264157,7.22000000,1.03000000,7.279
1749264157,7.21900000,292.81000000,7.279
1749264157,7.21700000,0.81000000,7.279
1749264157,7.21600000,57.18000000,7.279
1749264157,7.21500000,13.70000000,7.279
1749264157,7.21400000,6.87000000,7.279
1749264157,7.21300000,5.39000000,7.279
1749264157,7.21200000,438.16000000,7.279
1749264157,7.20900000,1.10000000,7.279
1749264157,7.20800000,56.78000000,7.279
1749264157,7.20400000,1.03000000,7.279
1749264157,7.20200000,2.27000000,7.279
1749264157,7.20000000,136.08000000,7.279
1749264157,7.19800000,48.13000000,7.279
1749264157,7.19700000,0.70000000,7.279
1749264157,7.19600000,1.04000000,7.279
1749264157,7.19400000,0.70000000,7.279
1749264157,7.19300000,19.00000000,7.279
1749264157,7.19100000,237.85000000,7.279
1749264157,7.19000000,344.93000000,7.279
1749264157,7.18900000,4.53000000,7.279
1749264157,7.18800000,77.89000000,7.279
1749264157,7.18600000,0.98000000,7.279
1749264157,7.18400000,6.90000000,7.279
1749264157,7.18200000,80.61000000,7.279
1749264157,7.18000000,10.00000000,7.279
1749264157,7.17900000,34.76000000,7.279
1749264157,7.17700000,291.78000000,7.279
1749264157,7.17500000,1.54000000,7.279
1749264157,7.17400000,142.61000000,7.279
1749264157,7.17300000,5.33000000,7.279
1749264157,7.17200000,55.21000000,7.279
1749264157,7.17100000,101.08000000,7.279
1749264157,7.17000000,27.84000000,7.279
1749264157,7.16900000,598.53000000,7.279
1749264157,7.16800000,13.92000000,7.279
1749264157,7.16700000,1.54000000,7.279
1749264157,7.16600000,4.18000000,7.279
1749264157,7.16500000,1.39000000,7.279
1749264157,7.16400000,100.85000000,7.279
1749264157,7.16300000,94.79000000,7.279
1749264157,7.15900000,36.96000000,7.279
1749264157,7.15700000,3.93000000,7.279
1749264157,7.15600000,148.01000000,7.279
1749264157,7.15500000,13.69000000,7.279
1749264157,7.15300000,25.79000000,7.279
1749264157,7.15100000,11.44000000,7.279
1749264458,7.28600000,20.92000000,7.289
1749264458,7.28500000,61.65000000,7.289
1749264458,7.28400000,46.92000000,7.289
1749264458,7.28300000,94.57000000,7.289
1749264458,7.28200000,119.18000000,7.289
1749264458,7.28100000,135.81000000,7.289
1749264458,7.28000000,202.46000000,7.289
1749264458,7.27900000,291.36000000,7.289
1749264458,7.27800000,140.27000000,7.289
1749264458,7.27700000,167.23000000,7.289
1749264458,7.27600000,92.39000000,7.289
1749264458,7.27500000,21.96000000,7.289
1749264458,7.27400000,41.59000000,7.289
1749264458,7.27300000,39.67000000,7.289
1749264458,7.27200000,40.86000000,7.289
1749264458,7.27100000,21.95000000,7.289
1749264458,7.27000000,32.91000000,7.289
1749264458,7.26900000,37.54000000,7.289
1749264458,7.26800000,95.78000000,7.289
1749264458,7.26700000,37.51000000,7.289
1749264458,7.26600000,121.24000000,7.289
1749264458,7.26500000,89.71000000,7.289
1749264458,7.26400000,22.72000000,7.289
1749264458,7.26300000,103.56000000,7.289
1749264458,7.26200000,20.92000000,7.289
1749264458,7.26100000,213.13000000,7.289
1749264458,7.26000000,63.52000000,7.289
1749264458,7.25900000,146.12000000,7.289
1749264458,7.25800000,111.65000000,7.289
1749264458,7.25700000,141.92000000,7.289
1749264458,7.25600000,1.79000000,7.289
1749264458,7.25500000,37.47000000,7.289
1749264458,7.25400000,14.98000000,7.289
1749264458,7.25300000,19.86000000,7.289
1749264458,7.25200000,91.15000000,7.289
1749264458,7.24800000,1.79000000,7.289
1749264458,7.24600000,104.35000000,7.289
1749264458,7.24400000,1.79000000,7.289
1749264458,7.24300000,260.74000000,7.289
1749264458,7.24200000,390.39000000,7.289
1749264458,7.24100000,474.25000000,7.289
1749264458,7.24000000,39.66000000,7.289
1749264458,7.23700000,149.36000000,7.289
1749264458,7.23600000,1.03000000,7.289
1749264458,7.23500000,46.48000000,7.289
1749264458,7.23300000,368.68000000,7.289
1749264458,7.23200000,1.80000000,7.289
1749264458,7.23100000,467.99000000,7.289
1749264458,7.23000000,10.50000000,7.289
1749264458,7.22800000,1.03000000,7.289
1749264458,7.22600000,587.68000000,7.289
1749264458,7.22500000,71.77000000,7.289
1749264458,7.22400000,8.85000000,7.289
1749264458,7.22100000,7.99000000,7.289
1749264458,7.22000000,56.47000000,7.289
1749264458,7.21800000,1.13000000,7.289
1749264458,7.21600000,7.19000000,7.289
1749264458,7.21500000,13.70000000,7.289
1749264458,7.21400000,114.11000000,7.289
1749264458,7.21200000,438.16000000,7.289
1749264458,7.20800000,1.80000000,7.289
1749264458,7.20700000,0.81000000,7.289
1749264458,7.20400000,1.03000000,7.289
1749264458,7.20200000,2.27000000,7.289
1749264458,7.20000000,206.18000000,7.289
1749264458,7.19800000,48.13000000,7.289
1749264458,7.19700000,0.70000000,7.289
1749264458,7.19600000,1.04000000,7.289
1749264458,7.19400000,0.70000000,7.289
1749264458,7.19300000,19.00000000,7.289
1749264458,7.19200000,4.30000000,7.289
1749264458,7.19100000,241.55000000,7.289
1749264458,7.19000000,341.67000000,7.289
1749264458,7.18900000,0.83000000,7.289
1749264458,7.18800000,12.27000000,7.289
1749264458,7.18600000,0.98000000,7.289
1749264458,7.18400000,292.43000000,7.289
1749264458,7.18000000,11.04000000,7.289
1749264458,7.17800000,80.66000000,7.289
1749264458,7.17700000,11.09000000,7.289
1749264458,7.17600000,28.95000000,7.289
1749264458,7.17500000,1.54000000,7.289
1749264458,7.17400000,4.63000000,7.289
1749264458,7.17200000,140.12000000,7.289
1749264458,7.16900000,101.95000000,7.289
1749264458,7.16800000,34.81000000,7.289
1749264458,7.16600000,4.18000000,7.289
1749264458,7.16400000,100.85000000,7.289
1749264458,7.16300000,80.86000000,7.289
1749264458,7.16100000,21.66000000,7.289
1749264458,7.15900000,50.90000000,7.289
1749264458,7.15700000,3.93000000,7.289
1749264458,7.15600000,148.01000000,7.289
1749264458,7.15300000,4.86000000,7.289
1749264458,7.15200000,750.00000000,7.289
1749264458,7.15100000,593.84000000,7.289
1749264458,7.15000000,1.18000000,7.289
1749264458,7.14800000,195.51000000,7.289
1749264458,7.14600000,25.53000000,7.289
1749264458,7.14500000,113.95000000,7.289
1749264760,7.32500000,55.04000000,7.328
1749264760,7.32400000,59.92000000,7.328
1749264760,7.32300000,71.12000000,7.328
1749264760,7.32200000,116.56000000,7.328
1749264760,7.32100000,292.87000000,7.328
1749264760,7.32000000,126.88000000,7.328
1749264760,7.31900000,96.22000000,7.328
1749264760,7.31800000,57.53000000,7.328
1749264760,7.31700000,96.07000000,7.328
1749264760,7.31600000,23.74000000,7.328
1749264760,7.31500000,95.18000000,7.328
1749264760,7.31400000,190.99000000,7.328
1749264760,7.31300000,21.95000000,7.328
1749264760,7.31200000,23.74000000,7.328
1749264760,7.31100000,37.83000000,7.328
1749264760,7.31000000,37.83000000,7.328
1749264760,7.30900000,37.84000000,7.328
1749264760,7.30800000,71.67000000,7.328
1749264760,7.30700000,190.23000000,7.328
1749264760,7.30600000,21.68000000,7.328
1749264760,7.30500000,36.76000000,7.328
1749264760,7.30400000,138.55000000,7.328
1749264760,7.30300000,205.24000000,7.328
1749264760,7.30200000,21.68000000,7.328
1749264760,7.30100000,122.88000000,7.328
1749264760,7.30000000,22.71000000,7.328
1749264760,7.29900000,87.52000000,7.328
1749264760,7.29800000,87.84000000,7.328
1749264760,7.29700000,20.92000000,7.328
1749264760,7.29600000,74.66000000,7.328
1749264760,7.29500000,20.92000000,7.328
1749264760,7.29400000,28.46000000,7.328
1749264760,7.29300000,27.92000000,7.328
1749264760,7.29200000,28.17000000,7.328
1749264760,7.29100000,89.46000000,7.328
1749264760,7.29000000,125.14000000,7.328
1749264760,7.28800000,1.79000000,7.328
1749264760,7.28700000,5.47000000,7.328
1749264760,7.28600000,20.92000000,7.328
1749264760,7.28500000,74.90000000,7.328
1749264760,7.28400000,1.79000000,7.328
1749264760,7.28300000,315.17000000,7.328
1749264760,7.28200000,20.04000000,7.328
1749264760,7.28000000,1.79000000,7.328
1749264760,7.27900000,577.61000000,7.328
1749264760,7.27800000,21.87000000,7.328
1749264760,7.27700000,13.65000000,7.328
1749264760,7.27600000,1.03000000,7.328
1749264760,7.27500000,13.64000000,7.328
1749264760,7.27400000,52.60000000,7.328
1749264760,7.27300000,13.67000000,7.328
1749264760,7.27200000,28.85000000,7.328
1749264760,7.27100000,13.67000000,7.328
1749264760,7.26900000,451.76000000,7.328
1749264760,7.26800000,105.71000000,7.328
1749264760,7.26400000,1.80000000,7.328
1749264760,7.26300000,49.79000000,7.328
1749264760,7.26000000,1.04000000,7.328
1749264760,7.25900000,366.51000000,7.328
1749264760,7.25800000,0.80000000,7.328
1749264760,7.25600000,1.79000000,7.328
1749264760,7.25500000,6.84000000,7.328
1749264760,7.25400000,55.52000000,7.328
1749264760,7.25200000,647.24000000,7.328
1749264760,7.25000000,47.58000000,7.328
1749264760,7.24900000,506.64000000,7.328
1749264760,7.24800000,1.79000000,7.328
1749264760,7.24400000,1.03000000,7.328
1749264760,7.24300000,20.50000000,7.328
1749264760,7.24200000,346.40000000,7.328
1749264760,7.24000000,39.66000000,7.328
1749264760,7.23900000,71.52000000,7.328
1749264760,7.23800000,21.18000000,7.328
1749264760,7.23600000,1.03000000,7.328
1749264760,7.23300000,2.06000000,7.328
1749264760,7.23200000,1.03000000,7.328
1749264760,7.23100000,14.08000000,7.328
1749264760,7.23000000,247.06000000,7.328
1749264760,7.22900000,14.41000000,7.328
1749264760,7.22800000,329.61000000,7.328
1749264760,7.22400000,8.08000000,7.328
1749264760,7.22300000,286.98000000,7.328
1749264760,7.22200000,1.37000000,7.328
1749264760,7.22100000,1.12000000,7.328
1749264760,7.22000000,1.03000000,7.328
1749264760,7.21700000,1.53000000,7.328
1749264760,7.21600000,2.56000000,7.328
1749264760,7.21500000,18.31000000,7.328
1749264760,7.21400000,62.90000000,7.328
1749264760,7.21300000,137.25000000,7.328
1749264760,7.21200000,5.64000000,7.328
1749264760,7.21000000,1.51000000,7.328
1749264760,7.20800000,18.88000000,7.328
1749264760,7.20700000,99.58000000,7.328
1749264760,7.20500000,6.92000000,7.328
1749264760,7.20400000,1.03000000,7.328
1749264760,7.20300000,33.31000000,7.328
1749264760,7.20200000,16.13000000,7.328
1749264760,7.20000000,92.14000000,7.328
1749264760,7.19900000,34.66000000,7.328
1749265061,7.32900000,21.21000000,7.328
1749265061,7.32800000,44.20000000,7.328
1749265061,7.32700000,56.95000000,7.328
1749265061,7.32600000,70.29000000,7.328
1749265061,7.32500000,67.18000000,7.328
1749265061,7.32400000,96.09000000,7.328
1749265061,7.32300000,38.23000000,7.328
1749265061,7.32200000,44.99000000,7.328
1749265061,7.32100000,114.65000000,7.328
1749265061,7.32000000,239.91000000,7.328
1749265061,7.31900000,725.44000000,7.328
1749265061,7.31800000,1284.07000000,7.328
1749265061,7.31700000,1534.67000000,7.328
1749265061,7.31600000,778.99000000,7.328
1749265061,7.31500000,770.46000000,7.328
1749265061,7.31400000,21.68000000,7.328
1749265061,7.31300000,20.92000000,7.328
1749265061,7.31200000,22.71000000,7.328
1749265061,7.31100000,20.92000000,7.328
1749265061,7.31000000,37.93000000,7.328
1749265061,7.30900000,20.92000000,7.328
1749265061,7.30800000,224.10000000,7.328
1749265061,7.30700000,21.92000000,7.328
1749265061,7.30600000,74.28000000,7.328
1749265061,7.30500000,0.70000000,7.328
1749265061,7.30400000,316.31000000,7.328
1749265061,7.30300000,20.92000000,7.328
1749265061,7.30200000,138.75000000,7.328
1749265061,7.30100000,27.92000000,7.328
1749265061,7.30000000,210.56000000,7.328
1749265061,7.29800000,74.71000000,7.328
1749265061,7.29600000,22.71000000,7.328
1749265061,7.29500000,141.65000000,7.328
1749265061,7.29300000,20.92000000,7.328
1749265061,7.29200000,1.79000000,7.328
1749265061,7.29100000,94.93000000,7.328
1749265061,7.29000000,53.75000000,7.328
1749265061,7.28900000,582.60000000,7.328
1749265061,7.28800000,452.37000000,7.328
1749265061,7.28700000,52.81000000,7.328
1749265061,7.28600000,22.71000000,7.328
1749265061,7.28500000,22.70000000,7.328
1749265061,7.28400000,311.51000000,7.328
1749265061,7.28300000,54.85000000,7.328
1749265061,7.28100000,471.64000000,7.328
1749265061,7.28000000,1.79000000,7.328
1749265061,7.27900000,13.64000000,7.328
1749265061,7.27800000,415.32000000,7.328
1749265061,7.27600000,54.43000000,7.328
1749265061,7.27500000,13.62000000,7.328
1749265061,7.27400000,51.11000000,7.328
1749265061,7.27300000,394.31000000,7.328
1749265061,7.27200000,8.85000000,7.328
1749265061,7.27100000,13.64000000,7.328
1749265061,7.27000000,6.59000000,7.328
1749265061,7.26900000,52.46000000,7.328
1749265061,7.26800000,1.74000000,7.328
1749265061,7.26600000,54.80000000,7.328
1749265061,7.26500000,61.11000000,7.328
1749265061,7.26400000,8.70000000,7.328
1749265061,7.26200000,6.34000000,7.328
1749265061,7.26000000,2.24000000,7.328
1749265061,7.25600000,1.79000000,7.328
1749265061,7.25300000,3.23000000,7.328
1749265061,7.25200000,7.48000000,7.328
1749265061,7.25100000,14.37000000,7.328
1749265061,7.25000000,47.58000000,7.328
1749265061,7.24900000,506.64000000,7.328
1749265061,7.24800000,1.79000000,7.328
1749265061,7.24400000,1.03000000,7.328
1749265061,7.24200000,590.05000000,7.328
1749265061,7.24000000,48.90000000,7.328
1749265061,7.23900000,245.92000000,7.328
1749265061,7.23800000,87.38000000,7.328
1749265061,7.23600000,1.03000000,7.328
1749265061,7.23300000,7.17000000,7.328
1749265061,7.23200000,167.05000000,7.328
1749265061,7.23100000,14.78000000,7.328
1749265061,7.23000000,10.50000000,7.328
1749265061,7.22900000,1.53000000,7.328
1749265061,7.22800000,374.45000000,7.328
1749265061,7.22400000,42.62000000,7.328
1749265061,7.22300000,17.80000000,7.328
1749265061,7.22200000,27.64000000,7.328
1749265061,7.22100000,1.12000000,7.328
1749265061,7.22000000,1.03000000,7.328
1749265061,7.21900000,1.53000000,7.328
1749265061,7.21800000,1.53000000,7.328
1749265061,7.21700000,1.38000000,7.328
1749265061,7.21600000,1.03000000,7.328
1749265061,7.21500000,13.70000000,7.328
1749265061,7.21400000,59.28000000,7.328
1749265061,7.21200000,1.03000000,7.328
1749265061,7.21100000,99.13000000,7.328
1749265061,7.20800000,21.80000000,7.328
1749265061,7.20700000,99.58000000,7.328
1749265061,7.20600000,2.88000000,7.328
1749265061,7.20400000,1.03000000,7.328
1749265061,7.20300000,33.31000000,7.328
1749265061,7.20200000,5.71000000,7.328
1749265371,7.30300000,59.37000000,7.304
1749265371,7.30200000,33.67000000,7.304
1749265371,7.30100000,40.67000000,7.304
1749265371,7.30000000,125.84000000,7.304
1749265371,7.29900000,418.15000000,7.304
1749265371,7.29800000,578.98000000,7.304
1749265371,7.29700000,545.99000000,7.304
1749265371,7.29600000,680.96000000,7.304
1749265371,7.29500000,974.72000000,7.304
1749265371,7.29400000,669.36000000,7.304
1749265371,7.29300000,428.92000000,7.304
1749265371,7.29200000,622.76000000,7.304
1749265371,7.29100000,535.34000000,7.304
1749265371,7.29000000,21.68000000,7.304
1749265371,7.28900000,20.92000000,7.304
1749265371,7.28800000,124.21000000,7.304
1749265371,7.28600000,42.15000000,7.304
1749265371,7.28500000,94.09000000,7.304
1749265371,7.28400000,52.22000000,7.304
1749265371,7.28300000,13.19000000,7.304
1749265371,7.28200000,189.78000000,7.304
1749265371,7.28000000,1.79000000,7.304
1749265371,7.27900000,50.53000000,7.304
1749265371,7.27700000,7.00000000,7.304
1749265371,7.27600000,55.19000000,7.304
1749265371,7.27300000,64.14000000,7.304
1749265371,7.27200000,78.90000000,7.304
1749265371,7.26800000,52.73000000,7.304
1749265371,7.26700000,457.32000000,7.304
1749265371,7.26600000,584.45000000,7.304
1749265371,7.26500000,72.19000000,7.304
1749265371,7.26400000,8.70000000,7.304
1749265371,7.26300000,259.93000000,7.304
1749265371,7.26200000,52.92000000,7.304
1749265371,7.26100000,472.94000000,7.304
1749265371,7.26000000,22.82000000,7.304
1749265371,7.25900000,365.31000000,7.304
1749265371,7.25800000,101.86000000,7.304
1749265371,7.25700000,71.16000000,7.304
1749265371,7.25600000,15.46000000,7.304
1749265371,7.25500000,20.00000000,7.304
1749265371,7.25400000,52.58000000,7.304
1749265371,7.25200000,16.97000000,7.304
1749265371,7.25100000,49.60000000,7.304
1749265371,7.25000000,47.58000000,7.304
1749265371,7.24900000,435.11000000,7.304
1749265371,7.24800000,1.79000000,7.304
1749265371,7.24700000,13.67000000,7.304
1749265371,7.24600000,51.85000000,7.304
1749265371,7.24500000,71.57000000,7.304
1749265371,7.24400000,7.87000000,7.304
1749265371,7.24300000,59.37000000,7.304
1749265371,7.24200000,54.15000000,7.304
1749265371,7.24100000,54.69000000,7.304
1749265371,7.24000000,377.69000000,7.304
1749265371,7.23900000,236.27000000,7.304
1749265371,7.23800000,21.18000000,7.304
1749265371,7.23600000,1.03000000,7.304
1749265371,7.23400000,1.96000000,7.304
1749265371,7.23300000,2.06000000,7.304
1749265371,7.23200000,1.80000000,7.304
1749265371,7.23100000,14.08000000,7.304
1749265371,7.23000000,10.50000000,7.304
1749265371,7.22800000,1.03000000,7.304
1749265371,7.22400000,8.85000000,7.304
1749265371,7.22300000,17.80000000,7.304
1749265371,7.22100000,589.21000000,7.304
1749265371,7.22000000,1.03000000,7.304
1749265371,7.21600000,15.47000000,7.304
1749265371,7.21500000,13.70000000,7.304
1749265371,7.21400000,59.28000000,7.304
1749265371,7.21200000,3.12000000,7.304
1749265371,7.21100000,1.51000000,7.304
1749265371,7.20800000,81.35000000,7.304
1749265371,7.20600000,2.88000000,7.304
1749265371,7.20500000,34.63000000,7.304
1749265371,7.20400000,3.26000000,7.304
1749265371,7.20300000,285.15000000,7.304
1749265371,7.20200000,2.27000000,7.304
1749265371,7.20000000,92.14000000,7.304
1749265371,7.19900000,29.27000000,7.304
1749265371,7.19800000,4.62000000,7.304
1749265371,7.19700000,6.86000000,7.304
1749265371,7.19600000,2.58000000,7.304
1749265371,7.19400000,0.70000000,7.304
1749265371,7.19300000,14.98000000,7.304
1749265371,7.19200000,140.23000000,7.304
1749265371,7.19000000,11.40000000,7.304
1749265371,7.18900000,99.83000000,7.304
1749265371,7.18800000,1.04000000,7.304
1749265371,7.18600000,213.43000000,7.304
1749265371,7.18400000,7.94000000,7.304
1749265371,7.18100000,33.41000000,7.304
1749265371,7.18000000,10.00000000,7.304
1749265371,7.17800000,54.28000000,7.304
1749265371,7.17700000,7.05000000,7.304
1749265371,7.17600000,82.77000000,7.304
1749265371,7.17500000,6.72000000,7.304
1749265371,7.17100000,750.00000000,7.304
1749265371,7.16900000,1.51000000,7.304
1749265673,7.31600000,17.58000000,7.316
1749265673,7.31500000,62.25000000,7.316
1749265673,7.31400000,114.09000000,7.316
1749265673,7.31300000,251.77000000,7.316
1749265673,7.31200000,303.13000000,7.316
1749265673,7.31100000,23.33000000,7.316
1749265673,7.31000000,203.44000000,7.316
1749265673,7.30900000,725.11000000,7.316
1749265673,7.30800000,1117.40000000,7.316
1749265673,7.30700000,1411.17000000,7.316
1749265673,7.30600000,794.50000000,7.316
1749265673,7.30500000,395.25000000,7.316
1749265673,7.30400000,613.37000000,7.316
1749265673,7.30300000,908.67000000,7.316
1749265673,7.30200000,481.95000000,7.316
1749265673,7.30100000,224.80000000,7.316
1749265673,7.30000000,23.74000000,7.316
1749265673,7.29900000,121.07000000,7.316
1749265673,7.29800000,21.68000000,7.316
1749265673,7.29700000,40.60000000,7.316
1749265673,7.29600000,34.10000000,7.316
1749265673,7.29500000,256.28000000,7.316
1749265673,7.29300000,34.24000000,7.316
1749265673,7.29200000,36.03000000,7.316
1749265673,7.29000000,114.49000000,7.316
1749265673,7.28900000,7.00000000,7.316
1749265673,7.28800000,1.79000000,7.316
1749265673,7.28700000,54.41000000,7.316
1749265673,7.28600000,11.22000000,7.316
1749265673,7.28500000,5.47000000,7.316
1749265673,7.28400000,69.45000000,7.316
1749265673,7.28300000,13.19000000,7.316
1749265673,7.28100000,438.63000000,7.316
1749265673,7.28000000,1.79000000,7.316
1749265673,7.27900000,52.69000000,7.316
1749265673,7.27600000,52.71000000,7.316
1749265673,7.27400000,21.84000000,7.316
1749265673,7.27300000,53.67000000,7.316
1749265673,7.27200000,268.45000000,7.316
1749265673,7.27000000,1.43000000,7.316
1749265673,7.26900000,41.98000000,7.316
1749265673,7.26800000,59.23000000,7.316
1749265673,7.26700000,451.88000000,7.316
1749265673,7.26600000,584.45000000,7.316
1749265673,7.26500000,63.96000000,7.316
1749265673,7.26400000,8.70000000,7.316
1749265673,7.26300000,13.68000000,7.316
1749265673,7.26200000,52.92000000,7.316
1749265673,7.26100000,13.66000000,7.316
1749265673,7.26000000,474.05000000,7.316
1749265673,7.25800000,453.53000000,7.316
1749265673,7.25700000,49.53000000,7.316
1749265673,7.25600000,1.79000000,7.316
1749265673,7.25400000,53.22000000,7.316
1749265673,7.25300000,6.84000000,7.316
1749265673,7.25200000,3.30000000,7.316
1749265673,7.25100000,54.68000000,7.316
1749265673,7.25000000,47.58000000,7.316
1749265673,7.24800000,329.46000000,7.316
1749265673,7.24700000,1.17000000,7.316
1749265673,7.24600000,71.56000000,7.316
1749265673,7.24400000,1.03000000,7.316
1749265673,7.24200000,54.84000000,7.316
1749265673,7.24000000,49.66000000,7.316
1749265673,7.23900000,14.39000000,7.316
1749265673,7.23800000,21.18000000,7.316
1749265673,7.23600000,1.03000000,7.316
1749265673,7.23400000,0.81000000,7.316
1749265673,7.23300000,2.06000000,7.316
1749265673,7.23200000,1.80000000,7.316
1749265673,7.23100000,14.08000000,7.316
1749265673,7.23000000,10.50000000,7.316
1749265673,7.22800000,1.03000000,7.316
1749265673,7.22400000,8.08000000,7.316
1749265673,7.22100000,1.12000000,7.316
1749265673,7.22000000,1.03000000,7.316
1749265673,7.21900000,436.91000000,7.316
1749265673,7.21600000,1.03000000,7.316
1749265673,7.21500000,13.70000000,7.316
1749265673,7.21400000,59.28000000,7.316
1749265673,7.21300000,283.42000000,7.316
1749265673,7.21200000,1.03000000,7.316
1749265673,7.21100000,588.90000000,7.316
1749265673,7.21000000,237.22000000,7.316
1749265673,7.20800000,21.94000000,7.316
1749265673,7.20600000,1.53000000,7.316
1749265673,7.20400000,5.64000000,7.316
1749265673,7.20300000,2.09000000,7.316
1749265673,7.20200000,2.27000000,7.316
1749265673,7.20000000,92.14000000,7.316
1749265673,7.19800000,13.86000000,7.316
1749265673,7.19700000,0.70000000,7.316
1749265673,7.19600000,14.91000000,7.316
1749265673,7.19500000,0.70000000,7.316
1749265673,7.19400000,34.61000000,7.316
1749265673,7.19300000,1.11000000,7.316
1749265673,7.19200000,138.69000000,7.316
1749265673,7.19000000,12.94000000,7.316
1749265673,7.18900000,101.37000000,7.316
1749265673,7.18800000,1.04000000,7.316
1749265975,7.29900000,10.00000000,7.298
1749265975,7.29800000,45.89000000,7.298
1749265975,7.29700000,107.15000000,7.298
1749265975,7.29600000,135.66000000,7.298
1749265975,7.29500000,212.03000000,7.298
1749265975,7.29400000,213.68000000,7.298
1749265975,7.29300000,780.35000000,7.298
1749265975,7.29200000,1740.70000000,7.298
1749265975,7.29100000,690.51000000,7.298
1749265975,7.29000000,912.20000000,7.298
1749265975,7.28900000,1025.43000000,7.298
1749265975,7.28800000,1451.39000000,7.298
1749265975,7.28700000,240.89000000,7.298
1749265975,7.28600000,283.68000000,7.298
1749265975,7.28500000,157.11000000,7.298
1749265975,7.28400000,122.86000000,7.298
1749265975,7.28300000,215.56000000,7.298
1749265975,7.28200000,604.84000000,7.298
1749265975,7.28100000,234.06000000,7.298
1749265975,7.28000000,26.77000000,7.298
1749265975,7.27900000,24.42000000,7.298
1749265975,7.27800000,0.76000000,7.298
1749265975,7.27600000,74.21000000,7.298
1749265975,7.27400000,20.92000000,7.298
1749265975,7.27300000,250.75000000,7.298
1749265975,7.27200000,94.28000000,7.298
1749265975,7.27000000,29.76000000,7.298
1749265975,7.26900000,312.49000000,7.298
1749265975,7.26800000,67.22000000,7.298
1749265975,7.26700000,1.70000000,7.298
1749265975,7.26500000,57.41000000,7.298
1749265975,7.26400000,8.70000000,7.298
1749265975,7.26200000,52.92000000,7.298
1749265975,7.26100000,21.58000000,7.298
1749265975,7.26000000,735.01000000,7.298
1749265975,7.25900000,14.35000000,7.298
1749265975,7.25800000,492.96000000,7.298
1749265975,7.25700000,49.53000000,7.298
1749265975,7.25600000,1.79000000,7.298
1749265975,7.25400000,53.22000000,7.298
1749265975,7.25200000,3.30000000,7.298
1749265975,7.25100000,49.61000000,7.298
1749265975,7.25000000,47.58000000,7.298
1749265975,7.24900000,1013.68000000,7.298
1749265975,7.24800000,802.52000000,7.298
1749265975,7.24600000,51.69000000,7.298
1749265975,7.24400000,1.03000000,7.298
1749265975,7.24300000,50.42000000,7.298
1749265975,7.24100000,13.69000000,7.298
1749265975,7.24000000,102.20000000,7.298
1749265975,7.23900000,13.69000000,7.298
1749265975,7.23800000,154.93000000,7.298
1749265975,7.23600000,1.03000000,7.298
1749265975,7.23500000,52.57000000,7.298
1749265975,7.23300000,2.06000000,7.298
1749265975,7.23200000,1.80000000,7.298
1749265975,7.23100000,14.08000000,7.298
1749265975,7.23000000,65.51000000,7.298
1749265975,7.22800000,1.03000000,7.298
1749265975,7.22700000,1.95000000,7.298
1749265975,7.22600000,587.68000000,7.298
1749265975,7.22400000,8.85000000,7.298
1749265975,7.22300000,17.80000000,7.298
1749265975,7.22100000,1.12000000,7.298
1749265975,7.22000000,1.03000000,7.298
1749265975,7.21900000,436.91000000,7.298
1749265975,7.21600000,1.80000000,7.298
1749265975,7.21500000,13.70000000,7.298
1749265975,7.21400000,59.28000000,7.298
1749265975,7.21200000,2.15000000,7.298
1749265975,7.21000000,237.22000000,7.298
1749265975,7.20800000,1.03000000,7.298
1749265975,7.20400000,1.03000000,7.298
1749265975,7.20200000,2.27000000,7.298
1749265975,7.20100000,285.80000000,7.298
1749265975,7.20000000,92.14000000,7.298
1749265975,7.19700000,14.57000000,7.298
1749265975,7.19600000,1.04000000,7.298
1749265975,7.19400000,0.70000000,7.298
1749265975,7.19300000,1.11000000,7.298
1749265975,7.19200000,138.69000000,7.298
1749265975,7.19100000,55.31000000,7.298
1749265975,7.19000000,11.40000000,7.298
1749265975,7.18900000,99.83000000,7.298
1749265975,7.18800000,95.46000000,7.298
1749265975,7.18600000,101.06000000,7.298
1749265975,7.18400000,7.94000000,7.298
1749265975,7.18000000,10.00000000,7.298
1749265975,7.17800000,13.79000000,7.298
1749265975,7.17700000,7.05000000,7.298
1749265975,7.16700000,750.00000000,7.298
1749265975,7.16600000,4.18000000,7.298
1749265975,7.16300000,80.86000000,7.298
1749265975,7.16000000,128.93000000,7.298
1749265975,7.15900000,164.64000000,7.298
1749265975,7.15800000,3.48000000,7.298
1749265975,7.15700000,2.54000000,7.298
1749265975,7.15500000,3.47000000,7.298
1749265975,7.15300000,4.86000000,7.298
1749265975,7.15100000,5.86000000,7.298
1749266281,7.29800000,1.04000000,7.3
1749266281,7.29600000,56.37000000,7.3
1749266281,7.29500000,27.95000000,7.3
1749266281,7.29400000,94.02000000,7.3
1749266281,7.29300000,55.35000000,7.3
1749266281,7.29200000,66.74000000,7.3
1749266281,7.29100000,373.05000000,7.3
1749266281,7.29000000,915.24000000,7.3
1749266281,7.28900000,722.58000000,7.3
1749266281,7.28800000,2083.60000000,7.3
1749266281,7.28700000,1992.28000000,7.3
1749266281,7.28600000,916.50000000,7.3
1749266281,7.28500000,694.19000000,7.3
1749266281,7.28400000,22.71000000,7.3
1749266281,7.28300000,34.11000000,7.3
1749266281,7.28200000,21.68000000,7.3
1749266281,7.28100000,167.30000000,7.3
1749266281,7.28000000,171.55000000,7.3
1749266281,7.27900000,20.92000000,7.3
1749266281,7.27800000,205.00000000,7.3
1749266281,7.27700000,20.92000000,7.3
1749266281,7.27600000,609.85000000,7.3
1749266281,7.27400000,20.92000000,7.3
1749266281,7.27300000,79.66000000,7.3
1749266281,7.27200000,145.30000000,7.3
1749266281,7.27100000,20.92000000,7.3
1749266281,7.27000000,1.43000000,7.3
1749266281,7.26900000,309.92000000,7.3
1749266281,7.26800000,38.77000000,7.3
1749266281,7.26700000,80.87000000,7.3
1749266281,7.26600000,7.41000000,7.3
1749266281,7.26500000,72.66000000,7.3
1749266281,7.26400000,8.70000000,7.3
1749266281,7.26300000,20.92000000,7.3
1749266281,7.26200000,81.09000000,7.3
1749266281,7.26100000,20.92000000,7.3
1749266281,7.26000000,1.80000000,7.3
1749266281,7.25800000,131.05000000,7.3
1749266281,7.25700000,31.35000000,7.3
1749266281,7.25600000,335.17000000,7.3
1749266281,7.25500000,1058.67000000,7.3
1749266281,7.25400000,71.52000000,7.3
1749266281,7.25300000,387.51000000,7.3
1749266281,7.25200000,3.30000000,7.3
1749266281,7.25100000,73.06000000,7.3
1749266281,7.25000000,61.27000000,7.3
1749266281,7.24900000,1000.00000000,7.3
1749266281,7.24800000,329.46000000,7.3
1749266281,7.24700000,466.79000000,7.3
1749266281,7.24500000,66.22000000,7.3
1749266281,7.24400000,1.03000000,7.3
1749266281,7.24300000,54.67000000,7.3
1749266281,7.24000000,99.93000000,7.3
1749266281,7.23800000,21.18000000,7.3
1749266281,7.23600000,55.60000000,7.3
1749266281,7.23500000,6.84000000,7.3
1749266281,7.23400000,123.48000000,7.3
1749266281,7.23300000,2.06000000,7.3
1749266281,7.23200000,55.31000000,7.3
1749266281,7.23100000,68.29000000,7.3
1749266281,7.23000000,10.50000000,7.3
1749266281,7.22900000,1.14000000,7.3
1749266281,7.22800000,1.03000000,7.3
1749266281,7.22400000,8.85000000,7.3
1749266281,7.22300000,17.80000000,7.3
1749266281,7.22100000,1.12000000,7.3
1749266281,7.22000000,1.03000000,7.3
1749266281,7.21600000,1.03000000,7.3
1749266281,7.21500000,13.70000000,7.3
1749266281,7.21400000,61.37000000,7.3
1749266281,7.21200000,1.03000000,7.3
1749266281,7.21100000,237.19000000,7.3
1749266281,7.21000000,80.30000000,7.3
1749266281,7.20800000,35.65000000,7.3
1749266281,7.20400000,15.49000000,7.3
1749266281,7.20300000,137.44000000,7.3
1749266281,7.20200000,2.27000000,7.3
1749266281,7.20000000,92.14000000,7.3
1749266281,7.19700000,284.13000000,7.3
1749266281,7.19600000,1.04000000,7.3
1749266281,7.19400000,0.70000000,7.3
1749266281,7.19300000,1.11000000,7.3
1749266281,7.19200000,1.04000000,7.3
1749266281,7.19000000,149.09000000,7.3
1749266281,7.18800000,1.04000000,7.3
1749266281,7.18600000,209.03000000,7.3
1749266281,7.18400000,7.94000000,7.3
1749266281,7.18200000,96.49000000,7.3
1749266281,7.18000000,10.00000000,7.3
1749266281,7.17800000,3.43000000,7.3
1749266281,7.17700000,7.05000000,7.3
1749266281,7.17400000,403.53000000,7.3
1749266281,7.17300000,3.47000000,7.3
1749266281,7.16800000,220.98000000,7.3
1749266281,7.16700000,750.00000000,7.3
1749266281,7.16600000,16.66000000,7.3
1749266281,7.16300000,80.86000000,7.3
1749266281,7.16100000,376.38000000,7.3
1749266281,7.16000000,3.46000000,7.3
1749266281,7.15900000,164.64000000,7.3
1749266582,7.26400000,9.08000000,7.265
1749266582,7.26300000,4.63000000,7.265
1749266582,7.26200000,11.04000000,7.265
1749266582,7.26100000,27.96000000,7.265
1749266582,7.26000000,103.69000000,7.265
1749266582,7.25900000,292.86000000,7.265
1749266582,7.25800000,802.59000000,7.265
1749266582,7.25700000,1493.14000000,7.265
1749266582,7.25600000,942.03000000,7.265
1749266582,7.25500000,957.21000000,7.265
1749266582,7.25400000,552.30000000,7.265
1749266582,7.25300000,464.63000000,7.265
1749266582,7.25200000,1044.77000000,7.265
1749266582,7.25100000,21.96000000,7.265
1749266582,7.25000000,161.62000000,7.265
1749266582,7.24900000,168.85000000,7.265
1749266582,7.24800000,41.05000000,7.265
1749266582,7.24700000,40.76000000,7.265
1749266582,7.24600000,18.84000000,7.265
1749266582,7.24500000,18.33000000,7.265
1749266582,7.24400000,25.04000000,7.265
1749266582,7.24300000,67.96000000,7.265
1749266582,7.24200000,15.76000000,7.265
1749266582,7.24100000,229.18000000,7.265
1749266582,7.24000000,331.06000000,7.265
1749266582,7.23900000,19.38000000,7.265
1749266582,7.23800000,19.86000000,7.265
1749266582,7.23700000,19.84000000,7.265
1749266582,7.23600000,788.53000000,7.265
1749266582,7.23400000,54.35000000,7.265
1749266582,7.23300000,3.56000000,7.265
1749266582,7.23200000,61.19000000,7.265
1749266582,7.23100000,546.10000000,7.265
1749266582,7.23000000,10.50000000,7.265
1749266582,7.22900000,49.63000000,7.265
1749266582,7.22800000,1.80000000,7.265
1749266582,7.22700000,5.49000000,7.265
1749266582,7.22600000,141.06000000,7.265
1749266582,7.22500000,261.21000000,7.265
1749266582,7.22400000,485.13000000,7.265
1749266582,7.22300000,52.40000000,7.265
1749266582,7.22100000,73.44000000,7.265
1749266582,7.22000000,2.03000000,7.265
1749266582,7.21900000,20.66000000,7.265
1749266582,7.21800000,49.66000000,7.265
1749266582,7.21700000,20.00000000,7.265
1749266582,7.21600000,1.80000000,7.265
1749266582,7.21500000,27.46000000,7.265
1749266582,7.21400000,59.28000000,7.265
1749266582,7.21200000,53.79000000,7.265
1749266582,7.21100000,71.93000000,7.265
1749266582,7.21000000,419.04000000,7.265
1749266582,7.20800000,1.80000000,7.265
1749266582,7.20700000,139.02000000,7.265
1749266582,7.20400000,1.03000000,7.265
1749266582,7.20300000,34.34000000,7.265
1749266582,7.20200000,3.08000000,7.265
1749266582,7.20100000,54.08000000,7.265
1749266582,7.20000000,78.90000000,7.265
1749266582,7.19700000,0.70000000,7.265
1749266582,7.19600000,111.61000000,7.265
1749266582,7.19500000,439.45000000,7.265
1749266582,7.19400000,0.70000000,7.265
1749266582,7.19300000,1.11000000,7.265
1749266582,7.19200000,1.81000000,7.265
1749266582,7.19000000,29.29000000,7.265
1749266582,7.18800000,305.65000000,7.265
1749266582,7.18600000,339.88000000,7.265
1749266582,7.18400000,8.71000000,7.265
1749266582,7.18100000,27.80000000,7.265
1749266582,7.18000000,11.04000000,7.265
1749266582,7.17800000,20.86000000,7.265
1749266582,7.17700000,7.05000000,7.265
1749266582,7.17600000,592.82000000,7.265
1749266582,7.16600000,204.18000000,7.265
1749266582,7.16500000,286.60000000,7.265
1749266582,7.16300000,80.86000000,7.265
1749266582,7.16100000,13.94000000,7.265
1749266582,7.16000000,10.82000000,7.265
1749266582,7.15900000,5.54000000,7.265
1749266582,7.15800000,36.40000000,7.265
1749266582,7.15700000,31.97000000,7.265
1749266582,7.15600000,1.54000000,7.265
1749266582,7.15500000,3.10000000,7.265
1749266582,7.15300000,4.86000000,7.265
1749266582,7.15100000,138.44000000,7.265
1749266582,7.15000000,88.30000000,7.265
1749266582,7.14800000,1.13000000,7.265
1749266582,7.14600000,49.72000000,7.265
1749266582,7.14500000,84.56000000,7.265
1749266582,7.14400000,381.41000000,7.265
1749266582,7.14200000,182.50000000,7.265
1749266582,7.14000000,36.47000000,7.265
1749266582,7.13800000,1000.00000000,7.265
1749266582,7.13700000,1.13000000,7.265
1749266582,7.13600000,0.80000000,7.265
1749266582,7.13500000,750.00000000,7.265
1749266582,7.13300000,3.45000000,7.265
1749266582,7.13100000,1.41000000,7.265
1749266582,7.13000000,203.44000000,7.265
1749266884,7.27800000,20.92000000,7.279
1749266884,7.27700000,66.64000000,7.279
1749266884,7.27600000,156.99000000,7.279
1749266884,7.27500000,78.25000000,7.279
1749266884,7.27400000,134.18000000,7.279
1749266884,7.27300000,315.32000000,7.279
1749266884,7.27200000,98.78000000,7.279
1749266884,7.27100000,124.55000000,7.279
1749266884,7.27000000,384.32000000,7.279
1749266884,7.26900000,160.82000000,7.279
1749266884,7.26800000,365.71000000,7.279
1749266884,7.26700000,1030.41000000,7.279
1749266884,7.26600000,1829.08000000,7.279
1749266884,7.26500000,456.40000000,7.279
1749266884,7.26400000,162.65000000,7.279
1749266884,7.26300000,21.96000000,7.279
1749266884,7.26200000,36.45000000,7.279
1749266884,7.26100000,43.81000000,7.279
1749266884,7.26000000,83.26000000,7.279
1749266884,7.25900000,43.83000000,7.279
1749266884,7.25800000,44.59000000,7.279
1749266884,7.25700000,148.80000000,7.279
1749266884,7.25600000,425.30000000,7.279
1749266884,7.25500000,20.92000000,7.279
1749266884,7.25400000,141.25000000,7.279
1749266884,7.25300000,89.72000000,7.279
1749266884,7.25200000,29.72000000,7.279
1749266884,7.25100000,256.60000000,7.279
1749266884,7.25000000,281.60000000,7.279
1749266884,7.24900000,20.92000000,7.279
1749266884,7.24800000,93.57000000,7.279
1749266884,7.24600000,559.51000000,7.279
1749266884,7.24500000,79.60000000,7.279
1749266884,7.24400000,22.72000000,7.279
1749266884,7.24300000,75.25000000,7.279
1749266884,7.24200000,26.33000000,7.279
1749266884,7.24100000,51.42000000,7.279
1749266884,7.24000000,75.31000000,7.279
1749266884,7.23800000,42.56000000,7.279
1749266884,7.23600000,545.23000000,7.279
1749266884,7.23400000,315.31000000,7.279
1749266884,7.23300000,25.18000000,7.279
1749266884,7.23200000,65.64000000,7.279
1749266884,7.23100000,7.51000000,7.279
1749266884,7.23000000,411.03000000,7.279
1749266884,7.22900000,49.63000000,7.279
1749266884,7.22800000,1.03000000,7.279
1749266884,7.22700000,13.74000000,7.279
1749266884,7.22600000,141.06000000,7.279
1749266884,7.22500000,13.73000000,7.279
1749266884,7.22400000,463.45000000,7.279
1749266884,7.22300000,66.41000000,7.279
1749266884,7.22100000,51.11000000,7.279
1749266884,7.22000000,1.03000000,7.279
1749266884,7.21800000,51.31000000,7.279
1749266884,7.21600000,1.80000000,7.279
1749266884,7.21500000,13.70000000,7.279
1749266884,7.21400000,59.28000000,7.279
1749266884,7.21200000,7.89000000,7.279
1749266884,7.21100000,71.93000000,7.279
1749266884,7.20900000,1.11000000,7.279
1749266884,7.20800000,56.22000000,7.279
1749266884,7.20700000,141.14000000,7.279
1749266884,7.20500000,589.39000000,7.279
1749266884,7.20400000,1.84000000,7.279
1749266884,7.20300000,27.48000000,7.279
1749266884,7.20200000,2.27000000,7.279
1749266884,7.20000000,78.90000000,7.279
1749266884,7.19700000,0.70000000,7.279
1749266884,7.19600000,1.04000000,7.279
1749266884,7.19500000,442.07000000,7.279
1749266884,7.19400000,0.70000000,7.279
1749266884,7.19300000,1.11000000,7.279
1749266884,7.19200000,1.81000000,7.279
1749266884,7.19000000,95.93000000,7.279
1749266884,7.18900000,2.09000000,7.279
1749266884,7.18800000,238.99000000,7.279
1749266884,7.18600000,331.48000000,7.279
1749266884,7.18400000,7.94000000,7.279
1749266884,7.18100000,27.80000000,7.279
1749266884,7.18000000,11.04000000,7.279
1749266884,7.17900000,198.94000000,7.279
1749266884,7.17800000,20.86000000,7.279
1749266884,7.17700000,7.05000000,7.279
1749266884,7.17600000,290.42000000,7.279
1749266884,7.17300000,1.54000000,7.279
1749266884,7.17100000,34.80000000,7.279
1749266884,7.17000000,1.54000000,7.279
1749266884,7.16900000,29.38000000,7.279
1749266884,7.16800000,4.64000000,7.279
1749266884,7.16700000,13.92000000,7.279
1749266884,7.16600000,122.48000000,7.279
1749266884,7.16500000,17.01000000,7.279
1749266884,7.16400000,81.51000000,7.279
1749266884,7.16300000,183.85000000,7.279
1749266884,7.15900000,3.44000000,7.279
1749266884,7.15700000,2.54000000,7.279
1749266884,7.15300000,4.86000000,7.279
1749266884,7.15100000,138.44000000,7.279
1749266884,7.15000000,43.13000000,7.279
1749267186,7.24800000,0.76000000,7.249
1749267186,7.24700000,1.04000000,7.249
1749267186,7.24600000,148.45000000,7.249
1749267186,7.24500000,76.66000000,7.249
1749267186,7.24400000,145.50000000,7.249
1749267186,7.24300000,481.26000000,7.249
1749267186,7.24200000,925.26000000,7.249
1749267186,7.24100000,698.89000000,7.249
1749267186,7.24000000,476.19000000,7.249
1749267186,7.23900000,925.10000000,7.249
1749267186,7.23800000,249.23000000,7.249
1749267186,7.23700000,120.84000000,7.249
1749267186,7.23600000,22.73000000,7.249
1749267186,7.23500000,145.90000000,7.249
1749267186,7.23400000,47.75000000,7.249
1749267186,7.23300000,59.60000000,7.249
1749267186,7.23200000,71.89000000,7.249
1749267186,7.23100000,54.43000000,7.249
1749267186,7.23000000,570.78000000,7.249
1749267186,7.22900000,20.92000000,7.249
1749267186,7.22800000,28.06000000,7.249
1749267186,7.22700000,7.33000000,7.249
1749267186,7.22600000,317.65000000,7.249
1749267186,7.22500000,7.00000000,7.249
1749267186,7.22400000,19.73000000,7.249
1749267186,7.22300000,50.11000000,7.249
1749267186,7.22100000,600.61000000,7.249
1749267186,7.22000000,1.80000000,7.249
1749267186,7.21800000,526.76000000,7.249
1749267186,7.21700000,5.51000000,7.249
1749267186,7.21600000,3.97000000,7.249
1749267186,7.21500000,19.19000000,7.249
1749267186,7.21400000,59.28000000,7.249
1749267186,7.21200000,54.26000000,7.249
1749267186,7.21100000,333.58000000,7.249
1749267186,7.21000000,76.15000000,7.249
1749267186,7.20900000,20.00000000,7.249
1749267186,7.20800000,369.71000000,7.249
1749267186,7.20700000,138.41000000,7.249
1749267186,7.20600000,21.97000000,7.249
1749267186,7.20400000,22.82000000,7.249
1749267186,7.20200000,458.29000000,7.249
1749267186,7.20100000,51.26000000,7.249
1749267186,7.20000000,92.67000000,7.249
1749267186,7.19900000,53.36000000,7.249
1749267186,7.19800000,13.78000000,7.249
1749267186,7.19700000,0.70000000,7.249
1749267186,7.19600000,381.62000000,7.249
1749267186,7.19500000,438.37000000,7.249
1749267186,7.19400000,14.48000000,7.249
1749267186,7.19300000,4.37000000,7.249
1749267186,7.19200000,1.81000000,7.249
1749267186,7.19100000,13.78000000,7.249
1749267186,7.19000000,65.57000000,7.249
1749267186,7.18900000,6.86000000,7.249
1749267186,7.18800000,293.98000000,7.249
1749267186,7.18600000,0.98000000,7.249
1749267186,7.18500000,52.69000000,7.249
1749267186,7.18400000,8.71000000,7.249
1749267186,7.18100000,138.68000000,7.249
1749267186,7.18000000,11.04000000,7.249
1749267186,7.17800000,34.76000000,7.249
1749267186,7.17700000,20.95000000,7.249
1749267186,7.17600000,1.81000000,7.249
1749267186,7.17400000,80.70000000,7.249
1749267186,7.17200000,1.04000000,7.249
1749267186,7.16800000,3.14000000,7.249
1749267186,7.16600000,4.18000000,7.249
1749267186,7.16300000,673.71000000,7.249
1749267186,7.16200000,8.43000000,7.249
1749267186,7.15900000,3.44000000,7.249
1749267186,7.15700000,202.09000000,7.249
1749267186,7.15600000,41.84000000,7.249
1749267186,7.15400000,285.64000000,7.249
1749267186,7.15300000,4.86000000,7.249
1749267186,7.15100000,149.88000000,7.249
1749267186,7.15000000,64.07000000,7.249
1749267186,7.14700000,13.96000000,7.249
1749267186,7.14600000,1.11000000,7.249
1749267186,7.14400000,382.59000000,7.249
1749267186,7.14100000,98.97000000,7.249
1749267186,7.14000000,2.86000000,7.249
1749267186,7.13800000,1000.00000000,7.249
1749267186,7.13700000,1.13000000,7.249
1749267186,7.13600000,0.80000000,7.249
1749267186,7.13100000,1.41000000,7.249
1749267186,7.13000000,17.05000000,7.249
1749267186,7.12700000,750.00000000,7.249
1749267186,7.12200000,33.06000000,7.249
1749267186,7.12100000,3.48000000,7.249
1749267186,7.12000000,15.89000000,7.249
1749267186,7.11600000,142.64000000,7.249
1749267186,7.11500000,55.65000000,7.249
1749267186,7.11300000,291.39000000,7.249
1749267186,7.11200000,537.74000000,7.249
1749267186,7.11100000,0.98000000,7.249
1749267186,7.10900000,173.29000000,7.249
1749267186,7.10600000,372.14000000,7.249
1749267186,7.10500000,2.27000000,7.249
1749267186,7.10200000,601.74000000,7.249
1749267492,7.24400000,20.92000000,7.244
1749267492,7.24300000,55.12000000,7.244
1749267492,7.24200000,50.43000000,7.244
1749267492,7.24100000,106.38000000,7.244
1749267492,7.24000000,163.02000000,7.244
1749267492,7.23900000,95.85000000,7.244
1749267492,7.23800000,35.62000000,7.244
1749267492,7.23700000,106.73000000,7.244
1749267492,7.23600000,346.17000000,7.244
1749267492,7.23500000,238.27000000,7.244
1749267492,7.23400000,28.73000000,7.244
1749267492,7.23300000,21.96000000,7.244
1749267492,7.23200000,23.77000000,7.244
1749267492,7.23100000,67.39000000,7.244
1749267492,7.23000000,102.24000000,7.244
1749267492,7.22900000,48.10000000,7.244
1749267492,7.22800000,88.98000000,7.244
1749267492,7.22700000,182.27000000,7.244
1749267492,7.22600000,162.92000000,7.244
1749267492,7.22500000,272.44000000,7.244
1749267492,7.22400000,31.84000000,7.244
1749267492,7.22300000,610.57000000,7.244
1749267492,7.22200000,145.71000000,7.244
1749267492,7.22100000,71.82000000,7.244
1749267492,7.22000000,22.72000000,7.244
1749267492,7.21900000,31.52000000,7.244
1749267492,7.21800000,72.21000000,7.244
1749267492,7.21700000,205.80000000,7.244
1749267492,7.21600000,40.16000000,7.244
1749267492,7.21500000,40.09000000,7.244
1749267492,7.21400000,80.20000000,7.244
1749267492,7.21200000,142.56000000,7.244
1749267492,7.21000000,105.88000000,7.244
1749267492,7.20800000,7.21000000,7.244
1749267492,7.20700000,138.41000000,7.244
1749267492,7.20600000,21.88000000,7.244
1749267492,7.20400000,1.80000000,7.244
1749267492,7.20300000,389.93000000,7.244
1749267492,7.20200000,458.29000000,7.244
1749267492,7.20100000,313.48000000,7.244
1749267492,7.20000000,78.90000000,7.244
1749267492,7.19900000,550.56000000,7.244
1749267492,7.19700000,14.50000000,7.244
1749267492,7.19600000,57.68000000,7.244
1749267492,7.19400000,0.70000000,7.244
1749267492,7.19300000,1.11000000,7.244
1749267492,7.19200000,73.93000000,7.244
1749267492,7.19100000,13.79000000,7.244
1749267492,7.19000000,61.77000000,7.244
1749267492,7.18900000,13.79000000,7.244
1749267492,7.18800000,52.36000000,7.244
1749267492,7.18700000,13.80000000,7.244
1749267492,7.18600000,0.98000000,7.244
1749267492,7.18500000,50.34000000,7.244
1749267492,7.18400000,8.71000000,7.244
1749267492,7.18100000,110.43000000,7.244
1749267492,7.18000000,11.04000000,7.244
1749267492,7.17700000,344.86000000,7.244
1749267492,7.17600000,1.81000000,7.244
1749267492,7.17200000,2.10000000,7.244
1749267492,7.16800000,1.81000000,7.244
1749267492,7.16600000,4.18000000,7.244
1749267492,7.16400000,441.31000000,7.244
1749267492,7.16300000,98.82000000,7.244
1749267492,7.16000000,1.81000000,7.244
1749267492,7.15900000,3.44000000,7.244
1749267492,7.15800000,2.10000000,7.244
1749267492,7.15700000,241.52000000,7.244
1749267492,7.15600000,1.04000000,7.244
1749267492,7.15500000,20.75000000,7.244
1749267492,7.15300000,39.74000000,7.244
1749267492,7.15200000,1.04000000,7.244
1749267492,7.15100000,11.44000000,7.244
1749267492,7.15000000,43.13000000,7.244
1749267492,7.14900000,94.94000000,7.244
1749267492,7.14600000,595.37000000,7.244
1749267492,7.14500000,199.88000000,7.244
1749267492,7.14400000,282.25000000,7.244
1749267492,7.14200000,387.71000000,7.244
1749267492,7.14000000,2.86000000,7.244
1749267492,7.13800000,1000.00000000,7.244
1749267492,7.13700000,1.13000000,7.244
1749267492,7.13600000,0.80000000,7.244
1749267492,7.13500000,13.99000000,7.244
1749267492,7.13400000,13.99000000,7.244
1749267492,7.13100000,140.24000000,7.244
1749267492,7.13000000,17.05000000,7.244
1749267492,7.12600000,33.67000000,7.244
1749267492,7.12200000,134.36000000,7.244
1749267492,7.12000000,10.00000000,7.244
1749267492,7.11700000,21.03000000,7.244
1749267492,7.11400000,750.00000000,7.244
1749267492,7.11300000,126.30000000,7.244
1749267492,7.11100000,0.98000000,7.244
1749267492,7.10900000,173.29000000,7.244
1749267492,7.10800000,147.14000000,7.244
1749267492,7.10600000,372.14000000,7.244
1749267492,7.10500000,2.27000000,7.244
1749267492,7.10200000,3.80000000,7.244
1749267492,7.10100000,3.51000000,7.244
1749267794,7.26700000,44.13000000,7.269
1749267794,7.26600000,45.54000000,7.269
1749267794,7.26500000,64.41000000,7.269
1749267794,7.26400000,52.66000000,7.269
1749267794,7.26300000,60.96000000,7.269
1749267794,7.26200000,93.33000000,7.269
1749267794,7.26100000,150.42000000,7.269
1749267794,7.26000000,104.85000000,7.269
1749267794,7.25900000,152.08000000,7.269
1749267794,7.25800000,443.50000000,7.269
1749267794,7.25700000,21.96000000,7.269
1749267794,7.25600000,99.49000000,7.269
1749267794,7.25500000,170.64000000,7.269
1749267794,7.25400000,40.42000000,7.269
1749267794,7.25300000,37.81000000,7.269
1749267794,7.25200000,53.42000000,7.269
1749267794,7.25100000,207.96000000,7.269
1749267794,7.25000000,52.40000000,7.269
1749267794,7.24900000,51.60000000,7.269
1749267794,7.24800000,23.76000000,7.269
1749267794,7.24700000,20.92000000,7.269
1749267794,7.24600000,29.10000000,7.269
1749267794,7.24500000,172.57000000,7.269
1749267794,7.24400000,22.72000000,7.269
1749267794,7.24300000,77.24000000,7.269
1749267794,7.24200000,197.17000000,7.269
1749267794,7.24100000,11.30000000,7.269
1749267794,7.24000000,63.49000000,7.269
1749267794,7.23800000,99.92000000,7.269
1749267794,7.23600000,1.81000000,7.269
1749267794,7.23400000,54.31000000,7.269
1749267794,7.23300000,7.00000000,7.269
1749267794,7.23200000,52.65000000,7.269
1749267794,7.23100000,12.96000000,7.269
1749267794,7.23000000,15.92000000,7.269
1749267794,7.22900000,51.55000000,7.269
1749267794,7.22800000,1.80000000,7.269
1749267794,7.22700000,179.19000000,7.269
1749267794,7.22500000,260.70000000,7.269
1749267794,7.22400000,8.85000000,7.269
1749267794,7.22300000,589.65000000,7.269
1749267794,7.22200000,22.08000000,7.269
1749267794,7.22100000,50.90000000,7.269
1749267794,7.22000000,262.59000000,7.269
1749267794,7.21900000,35.79000000,7.269
1749267794,7.21800000,51.29000000,7.269
1749267794,7.21700000,13.76000000,7.269
1749267794,7.21600000,8.25000000,7.269
1749267794,7.21500000,27.46000000,7.269
1749267794,7.21400000,79.28000000,7.269
1749267794,7.21300000,13.77000000,7.269
1749267794,7.21200000,51.86000000,7.269
1749267794,7.21000000,54.92000000,7.269
1749267794,7.20800000,1.80000000,7.269
1749267794,7.20700000,138.41000000,7.269
1749267794,7.20400000,1.03000000,7.269
1749267794,7.20300000,368.16000000,7.269
1749267794,7.20200000,458.29000000,7.269
1749267794,7.20100000,6.90000000,7.269
1749267794,7.20000000,78.90000000,7.269
1749267794,7.19800000,1.11000000,7.269
1749267794,7.19700000,0.70000000,7.269
1749267794,7.19600000,2.60000000,7.269
1749267794,7.19400000,54.59000000,7.269
1749267794,7.19300000,55.31000000,7.269
1749267794,7.19200000,73.93000000,7.269
1749267794,7.19000000,11.40000000,7.269
1749267794,7.18800000,1.04000000,7.269
1749267794,7.18600000,0.98000000,7.269
1749267794,7.18500000,1.39000000,7.269
1749267794,7.18400000,8.71000000,7.269
1749267794,7.18000000,11.04000000,7.269
1749267794,7.17800000,17.92000000,7.269
1749267794,7.17700000,337.96000000,7.269
1749267794,7.17600000,1.81000000,7.269
1749267794,7.17200000,1.04000000,7.269
1749267794,7.16900000,592.35000000,7.269
1749267794,7.16800000,1.04000000,7.269
1749267794,7.16600000,6.28000000,7.269
1749267794,7.16400000,441.31000000,7.269
1749267794,7.16300000,80.86000000,7.269
1749267794,7.16200000,199.41000000,7.269
1749267794,7.16100000,285.41000000,7.269
1749267794,7.16000000,35.89000000,7.269
1749267794,7.15900000,3.44000000,7.269
1749267794,7.15700000,241.52000000,7.269
1749267794,7.15600000,1.04000000,7.269
1749267794,7.15500000,13.95000000,7.269
1749267794,7.15400000,80.93000000,7.269
1749267794,7.15300000,18.81000000,7.269
1749267794,7.15200000,1.04000000,7.269
1749267794,7.15100000,138.44000000,7.269
1749267794,7.15000000,43.13000000,7.269
1749267794,7.14700000,13.96000000,7.269
1749267794,7.14600000,1.11000000,7.269
1749267794,7.14400000,382.22000000,7.269
1749267794,7.14200000,101.62000000,7.269
1749267794,7.14000000,2.86000000,7.269
1749267794,7.13800000,1020.97000000,7.269
1749267794,7.13700000,1.13000000,7.269
1749268096,7.28700000,54.24000000,7.287
1749268096,7.28600000,85.96000000,7.287
1749268096,7.28500000,93.38000000,7.287
1749268096,7.28400000,78.42000000,7.287
1749268096,7.28300000,53.64000000,7.287
1749268096,7.28200000,56.86000000,7.287
1749268096,7.28100000,105.19000000,7.287
1749268096,7.28000000,165.79000000,7.287
1749268096,7.27900000,53.63000000,7.287
1749268096,7.27800000,147.53000000,7.287
1749268096,7.27700000,53.53000000,7.287
1749268096,7.27600000,116.13000000,7.287
1749268096,7.27500000,201.29000000,7.287
1749268096,7.27400000,49.25000000,7.287
1749268096,7.27300000,49.45000000,7.287
1749268096,7.27200000,49.33000000,7.287
1749268096,7.27100000,47.53000000,7.287
1749268096,7.27000000,51.72000000,7.287
1749268096,7.26900000,208.14000000,7.287
1749268096,7.26800000,58.69000000,7.287
1749268096,7.26700000,99.66000000,7.287
1749268096,7.26600000,46.93000000,7.287
1749268096,7.26500000,71.42000000,7.287
1749268096,7.26400000,22.72000000,7.287
1749268096,7.26300000,20.92000000,7.287
1749268096,7.26200000,72.90000000,7.287
1749268096,7.26100000,201.58000000,7.287
1749268096,7.26000000,346.15000000,7.287
1749268096,7.25800000,20.92000000,7.287
1749268096,7.25700000,96.79000000,7.287
1749268096,7.25600000,75.11000000,7.287
1749268096,7.25500000,20.92000000,7.287
1749268096,7.25400000,74.96000000,7.287
1749268096,7.25300000,20.92000000,7.287
1749268096,7.25200000,28.16000000,7.287
1749268096,7.25100000,71.20000000,7.287
1749268096,7.25000000,26.47000000,7.287
1749268096,7.24900000,20.92000000,7.287
1749268096,7.24800000,22.72000000,7.287
1749268096,7.24700000,20.92000000,7.287
1749268096,7.24500000,101.26000000,7.287
1749268096,7.24400000,1.80000000,7.287
1749268096,7.24300000,53.65000000,7.287
1749268096,7.24200000,21.86000000,7.287
1749268096,7.24100000,11.30000000,7.287
