timestamp,price,volume,current_price
1749254636,7.20800000,33.38000000,7.208
1749254636,7.20700000,49.87000000,7.208
1749254636,7.20600000,32.21000000,7.208
1749254636,7.20500000,108.58000000,7.208
1749254636,7.20400000,118.28000000,7.208
1749254636,7.20300000,42.18000000,7.208
1749254636,7.20200000,63.90000000,7.208
1749254636,7.20100000,58.13000000,7.208
1749254636,7.20000000,103.61000000,7.208
1749254636,7.19900000,182.36000000,7.208
1749254636,7.19800000,23.79000000,7.208
1749254636,7.19700000,95.06000000,7.208
1749254636,7.19600000,42.99000000,7.208
1749254636,7.19500000,53.61000000,7.208
1749254636,7.19400000,44.06000000,7.208
1749254636,7.19300000,75.46000000,7.208
1749254636,7.19200000,269.18000000,7.208
1749254636,7.19100000,816.93000000,7.208
1749254636,7.19000000,27.26000000,7.208
1749254636,7.18900000,20.92000000,7.208
1749254636,7.18800000,21.69000000,7.208
1749254636,7.18700000,72.38000000,7.208
1749254636,7.18600000,198.90000000,7.208
1749254636,7.18500000,24.39000000,7.208
1749254636,7.18400000,174.50000000,7.208
1749254636,7.18300000,34.92000000,7.208
1749254636,7.18200000,23.36000000,7.208
1749254636,7.18100000,75.14000000,7.208
1749254636,7.18000000,25.16000000,7.208
1749254636,7.17900000,20.92000000,7.208
1749254636,7.17800000,21.97000000,7.208
1749254636,7.17700000,27.97000000,7.208
1749254636,7.17600000,79.41000000,7.208
1749254636,7.17500000,43.69000000,7.208
1749254636,7.17400000,41.31000000,7.208
1749254636,7.17300000,77.91000000,7.208
1749254636,7.17200000,36.89000000,7.208
1749254636,7.17100000,533.82000000,7.208
1749254636,7.17000000,77.14000000,7.208
1749254636,7.16900000,32.71000000,7.208
1749254636,7.16800000,1.48000000,7.208
1749254636,7.16700000,13.83000000,7.208
1749254636,7.16600000,36.58000000,7.208
1749254636,7.16500000,448.19000000,7.208
1749254636,7.16400000,0.77000000,7.208
1749254636,7.16300000,94.70000000,7.208
1749254636,7.16200000,51.95000000,7.208
1749254636,7.16100000,471.79000000,7.208
1749254636,7.16000000,236.86000000,7.208
1749254636,7.15900000,333.34000000,7.208
1749254636,7.15800000,1.05000000,7.208
1749254636,7.15700000,40.81000000,7.208
1749254636,7.15500000,14.86000000,7.208
1749254636,7.15400000,58.72000000,7.208
1749254636,7.15300000,16.13000000,7.208
1749254636,7.15200000,2.04000000,7.208
1749254636,7.15100000,66.02000000,7.208
1749254636,7.15000000,3.23000000,7.208
1749254636,7.14900000,4.91000000,7.208
1749254636,7.14600000,2.16000000,7.208
1749254636,7.14400000,0.77000000,7.208
1749254636,7.14300000,54.06000000,7.208
1749254636,7.14200000,56.03000000,7.208
1749254636,7.13800000,1.05000000,7.208
1749254636,7.13700000,1.13000000,7.208
1749254636,7.13600000,0.78000000,7.208
1749254636,7.13500000,1.27000000,7.208
1749254636,7.13400000,1.06000000,7.208
1749254636,7.13000000,8.11000000,7.208
1749254636,7.12800000,442.89000000,7.208
1749254636,7.12600000,1.06000000,7.208
1749254636,7.12400000,4.91000000,7.208
1749254636,7.12200000,34.12000000,7.208
1749254636,7.12100000,116.43000000,7.208
1749254636,7.12000000,27.82000000,7.208
1749254636,7.11900000,573.71000000,7.208
1749254636,7.11800000,2.33000000,7.208
1749254636,7.11700000,18.07000000,7.208
1749254636,7.11500000,81.37000000,7.208
1749254636,7.11400000,1.06000000,7.208
1749254636,7.11100000,0.98000000,7.208
1749254636,7.11000000,1.06000000,7.208
1749254636,7.10900000,145.21000000,7.208
1749254636,7.10700000,211.00000000,7.208
1749254636,7.10600000,7.95000000,7.208
1749254636,7.10500000,7.28000000,7.208
1749254636,7.10300000,287.55000000,7.208
1749254636,7.10200000,4.85000000,7.208
1749254636,7.10100000,1.27000000,7.208
1749254636,7.10000000,32.04000000,7.208
1749254636,7.09800000,1.05000000,7.208
1749254636,7.09700000,3.52000000,7.208
1749254636,7.09600000,6.80000000,7.208
1749254636,7.09400000,1.05000000,7.208
1749254636,7.09100000,139.61000000,7.208
1749254636,7.09000000,354.65000000,7.208
1749254636,7.08900000,101.22000000,7.208
1749254636,7.08800000,33.85000000,7.208
1749254636,7.08600000,1.05000000,7.208
1749254636,7.08400000,1.28000000,7.208
1749254954,7.25500000,47.79000000,7.255
1749254954,7.25400000,88.34000000,7.255
1749254954,7.25300000,67.48000000,7.255
1749254954,7.25200000,129.29000000,7.255
1749254954,7.25100000,101.31000000,7.255
1749254954,7.25000000,32.02000000,7.255
1749254954,7.24900000,135.10000000,7.255
1749254954,7.24800000,265.20000000,7.255
1749254954,7.24700000,163.10000000,7.255
1749254954,7.24600000,166.67000000,7.255
1749254954,7.24500000,54.19000000,7.255
1749254954,7.24400000,65.12000000,7.255
1749254954,7.24300000,104.51000000,7.255
1749254954,7.24200000,282.36000000,7.255
1749254954,7.24100000,21.96000000,7.255
1749254954,7.24000000,80.87000000,7.255
1749254954,7.23900000,182.98000000,7.255
1749254954,7.23800000,712.79000000,7.255
1749254954,7.23700000,23.21000000,7.255
1749254954,7.23600000,73.53000000,7.255
1749254954,7.23500000,25.41000000,7.255
1749254954,7.23400000,22.73000000,7.255
1749254954,7.23300000,34.92000000,7.255
1749254954,7.23200000,21.69000000,7.255
1749254954,7.23100000,248.75000000,7.255
1749254954,7.23000000,25.41000000,7.255
1749254954,7.22900000,20.92000000,7.255
1749254954,7.22800000,94.09000000,7.255
1749254954,7.22700000,120.99000000,7.255
1749254954,7.22600000,36.44000000,7.255
1749254954,7.22500000,78.92000000,7.255
1749254954,7.22400000,63.27000000,7.255
1749254954,7.22300000,34.65000000,7.255
1749254954,7.22200000,27.48000000,7.255
1749254954,7.22100000,34.66000000,7.255
1749254954,7.22000000,58.40000000,7.255
1749254954,7.21900000,34.66000000,7.255
1749254954,7.21800000,57.43000000,7.255
1749254954,7.21700000,74.80000000,7.255
1749254954,7.21600000,35.43000000,7.255
1749254954,7.21500000,24.37000000,7.255
1749254954,7.21400000,76.28000000,7.255
1749254954,7.21300000,34.66000000,7.255
1749254954,7.21200000,57.24000000,7.255
1749254954,7.21100000,28.12000000,7.255
1749254954,7.21000000,18.25000000,7.255
1749254954,7.20900000,50.30000000,7.255
1749254954,7.20800000,10.76000000,7.255
1749254954,7.20700000,877.36000000,7.255
1749254954,7.20600000,51.49000000,7.255
1749254954,7.20500000,13.76000000,7.255
1749254954,7.20300000,313.31000000,7.255
1749254954,7.20200000,10.23000000,7.255
1749254954,7.20100000,455.41000000,7.255
1749254954,7.20000000,1.95000000,7.255
1749254954,7.19900000,243.79000000,7.255
1749254954,7.19800000,57.60000000,7.255
1749254954,7.19700000,0.70000000,7.255
1749254954,7.19400000,1.75000000,7.255
1749254954,7.19300000,1.11000000,7.255
1749254954,7.19200000,0.77000000,7.255
1749254954,7.19000000,109.42000000,7.255
1749254954,7.18600000,2.31000000,7.255
1749254954,7.18400000,0.77000000,7.255
1749254954,7.18200000,2.44000000,7.255
1749254954,7.17900000,0.77000000,7.255
1749254954,7.17800000,1.05000000,7.255
1749254954,7.17700000,7.05000000,7.255
1749254954,7.17600000,0.77000000,7.255
1749254954,7.17400000,1.05000000,7.255
1749254954,7.17300000,4.91000000,7.255
1749254954,7.17200000,1.39000000,7.255
1749254954,7.17000000,1.05000000,7.255
1749254954,7.16900000,1.26000000,7.255
1749254954,7.16800000,0.77000000,7.255
1749254954,7.16600000,1.05000000,7.255
1749254954,7.16500000,439.83000000,7.255
1749254954,7.16300000,80.86000000,7.255
1749254954,7.16200000,1.05000000,7.255
1749254954,7.16000000,14.71000000,7.255
1749254954,7.15900000,14.84000000,7.255
1749254954,7.15800000,1.05000000,7.255
1749254954,7.15700000,570.67000000,7.255
1749254954,7.15500000,1.00000000,7.255
1749254954,7.15400000,5.64000000,7.255
1749254954,7.15300000,2.27000000,7.255
1749254954,7.15200000,1.27000000,7.255
1749254954,7.15000000,84.20000000,7.255
1749254954,7.14900000,4.91000000,7.255
1749254954,7.14600000,2.16000000,7.255
1749254954,7.14500000,286.01000000,7.255
1749254954,7.14400000,1.55000000,7.255
1749254954,7.14200000,1.05000000,7.255
1749254954,7.14000000,6.21000000,7.255
1749254954,7.13900000,41.94000000,7.255
1749254954,7.13800000,139.74000000,7.255
1749254954,7.13700000,199.31000000,7.255
1749254954,7.13500000,1.27000000,7.255
1749254954,7.13400000,1.06000000,7.255
1749254954,7.13300000,211.00000000,7.255
