timestamp,price,volume,current_price
1749260678,86.73000000,46.79700000,86.74
1749260678,86.72000000,127.72900000,86.74
1749260678,86.71000000,113.40600000,86.74
1749260678,86.70000000,75.77900000,86.74
1749260678,86.69000000,274.20400000,86.74
1749260678,86.68000000,82.47900000,86.74
1749260678,86.67000000,32.41800000,86.74
1749260678,86.66000000,102.25300000,86.74
1749260678,86.65000000,378.07800000,86.74
1749260678,86.64000000,375.42100000,86.74
1749260678,86.63000000,361.75000000,86.74
1749260678,86.62000000,293.80600000,86.74
1749260678,86.61000000,568.91100000,86.74
1749260678,86.60000000,577.15000000,86.74
1749260678,86.59000000,79.97100000,86.74
1749260678,86.58000000,57.96900000,86.74
1749260678,86.57000000,41.02800000,86.74
1749260678,86.56000000,86.61100000,86.74
1749260678,86.55000000,209.47900000,86.74
1749260678,86.54000000,58.74900000,86.74
1749260678,86.53000000,101.86700000,86.74
1749260678,86.52000000,359.53800000,86.74
1749260678,86.51000000,23.06300000,86.74
1749260678,86.50000000,571.06900000,86.74
1749260678,86.49000000,12.55900000,86.74
1749260678,86.48000000,27.59300000,86.74
1749260678,86.47000000,16.31400000,86.74
1749260678,86.46000000,37.51200000,86.74
1749260678,86.45000000,30.01700000,86.74
1749260678,86.44000000,591.43100000,86.74
1749260678,86.43000000,15.18800000,86.74
1749260678,86.42000000,15.62100000,86.74
1749260678,86.41000000,15.91000000,86.74
1749260678,86.40000000,27.34800000,86.74
1749260678,86.39000000,2.99100000,86.74
1749260678,86.38000000,42.76000000,86.74
1749260678,86.37000000,170.22600000,86.74
1749260678,86.36000000,23.63400000,86.74
1749260678,86.35000000,36.74000000,86.74
1749260678,86.34000000,36.90900000,86.74
1749260678,86.33000000,739.22900000,86.74
1749260678,86.32000000,13.31000000,86.74
1749260678,86.31000000,25.01400000,86.74
1749260678,86.30000000,24.53400000,86.74
1749260678,86.29000000,12.94000000,86.74
1749260678,86.28000000,71.39400000,86.74
1749260678,86.27000000,0.95100000,86.74
1749260678,86.26000000,13.09100000,86.74
1749260678,86.25000000,73.30200000,86.74
1749260678,86.24000000,26.13300000,86.74
1749260678,86.23000000,1.22200000,86.74
1749260678,86.22000000,23.44100000,86.74
1749260678,86.21000000,2.15400000,86.74
1749260678,86.20000000,135.61700000,86.74
1749260678,86.19000000,0.20300000,86.74
1749260678,86.18000000,0.50500000,86.74
1749260678,86.17000000,7.13500000,86.74
1749260678,86.16000000,1.54600000,86.74
1749260678,86.15000000,13.36100000,86.74
1749260678,86.14000000,26.17300000,86.74
1749260678,86.13000000,35.03900000,86.74
1749260678,86.12000000,30.87600000,86.74
1749260678,86.11000000,3.88900000,86.74
1749260678,86.10000000,38.51900000,86.74
1749260678,86.09000000,0.11600000,86.74
1749260678,86.08000000,0.58800000,86.74
1749260678,86.07000000,581.96800000,86.74
1749260678,86.06000000,3.64500000,86.74
1749260678,86.05000000,8.56800000,86.74
1749260678,86.04000000,16.16500000,86.74
1749260678,86.03000000,6.06700000,86.74
1749260678,86.02000000,23.48400000,86.74
1749260678,86.01000000,21.81200000,86.74
1749260678,86.00000000,45.57700000,86.74
1749260678,85.99000000,1.30700000,86.74
1749260678,85.98000000,4.75400000,86.74
1749260678,85.97000000,0.22000000,86.74
1749260678,85.96000000,5.79700000,86.74
1749260678,85.95000000,0.39000000,86.74
1749260678,85.94000000,0.63200000,86.74
1749260678,85.93000000,0.28400000,86.74
1749260678,85.92000000,0.73700000,86.74
1749260678,85.91000000,20.09100000,86.74
1749260678,85.90000000,4.03300000,86.74
1749260678,85.88000000,1.06800000,86.74
1749260678,85.87000000,12.03600000,86.74
1749260678,85.86000000,101.69200000,86.74
1749260678,85.85000000,1.64900000,86.74
1749260678,85.84000000,12.13400000,86.74
1749260678,85.83000000,1.36700000,86.74
1749260678,85.82000000,115.24900000,86.74
1749260678,85.81000000,117.69300000,86.74
1749260678,85.80000000,1.22000000,86.74
1749260678,85.79000000,115.85800000,86.74
1749260678,85.78000000,176.18600000,86.74
1749260678,85.77000000,0.35800000,86.74
1749260678,85.76000000,32.93800000,86.74
1749260678,85.75000000,0.47200000,86.74
1749260678,85.74000000,0.23000000,86.74
1749260678,85.73000000,46.36400000,86.74
1749260996,86.77000000,6.75600000,86.77
1749260996,86.76000000,77.68800000,86.77
1749260996,86.75000000,136.57200000,86.77
1749260996,86.74000000,106.66000000,86.77
1749260996,86.73000000,271.14700000,86.77
1749260996,86.72000000,138.49500000,86.77
1749260996,86.71000000,160.20400000,86.77
1749260996,86.70000000,80.20100000,86.77
1749260996,86.69000000,100.13400000,86.77
1749260996,86.68000000,100.12400000,86.77
1749260996,86.67000000,261.35000000,86.77
1749260996,86.66000000,154.67400000,86.77
1749260996,86.65000000,422.47300000,86.77
1749260996,86.64000000,469.69700000,86.77
1749260996,86.63000000,183.52400000,86.77
1749260996,86.62000000,60.02100000,86.77
1749260996,86.61000000,110.05700000,86.77
1749260996,86.60000000,185.65900000,86.77
1749260996,86.59000000,114.50000000,86.77
1749260996,86.58000000,334.58600000,86.77
1749260996,86.57000000,36.07600000,86.77
1749260996,86.56000000,34.02900000,86.77
1749260996,86.55000000,46.46100000,86.77
1749260996,86.54000000,48.14300000,86.77
1749260996,86.53000000,143.60900000,86.77
1749260996,86.52000000,37.49700000,86.77
1749260996,86.51000000,31.25000000,86.77
1749260996,86.50000000,524.05100000,86.77
1749260996,86.49000000,12.55900000,86.77
1749260996,86.48000000,27.59300000,86.77
1749260996,86.47000000,16.31400000,86.77
1749260996,86.46000000,37.51200000,86.77
1749260996,86.45000000,30.01700000,86.77
1749260996,86.44000000,583.70700000,86.77
1749260996,86.43000000,15.18800000,86.77
1749260996,86.42000000,15.62100000,86.77
1749260996,86.41000000,93.39500000,86.77
1749260996,86.40000000,27.34800000,86.77
1749260996,86.39000000,0.52600000,86.77
1749260996,86.38000000,42.76000000,86.77
1749260996,86.37000000,155.66000000,86.77
1749260996,86.36000000,0.58700000,86.77
1749260996,86.35000000,19.40500000,86.77
1749260996,86.34000000,24.75900000,86.77
1749260996,86.33000000,724.72500000,86.77
1749260996,86.32000000,1.16000000,86.77
1749260996,86.31000000,25.01400000,86.77
1749260996,86.30000000,24.53400000,86.77
1749260996,86.29000000,12.94000000,86.77
1749260996,86.28000000,14.47000000,86.77
1749260996,86.27000000,24.02200000,86.77
1749260996,86.26000000,13.09100000,86.77
1749260996,86.25000000,73.30200000,86.77
1749260996,86.24000000,7.09400000,86.77
1749260996,86.23000000,2.37900000,86.77
1749260996,86.22000000,23.44100000,86.77
1749260996,86.21000000,2.15300000,86.77
1749260996,86.20000000,135.61700000,86.77
1749260996,86.19000000,0.20300000,86.77
1749260996,86.18000000,1.66300000,86.77
1749260996,86.17000000,40.54700000,86.77
1749260996,86.16000000,31.48700000,86.77
1749260996,86.15000000,12.20200000,86.77
1749260996,86.14000000,26.17300000,86.77
1749260996,86.13000000,0.46900000,86.77
1749260996,86.12000000,0.87600000,86.77
1749260996,86.11000000,8.57300000,86.77
1749260996,86.10000000,38.51900000,86.77
1749260996,86.09000000,0.11600000,86.77
1749260996,86.08000000,0.58800000,86.77
1749260996,86.07000000,582.59700000,86.77
1749260996,86.06000000,3.64500000,86.77
1749260996,86.05000000,8.56800000,86.77
1749260996,86.04000000,16.16500000,86.77
1749260996,86.03000000,6.06700000,86.77
1749260996,86.02000000,23.48400000,86.77
1749260996,86.01000000,21.69600000,86.77
1749260996,86.00000000,45.46100000,86.77
1749260996,85.99000000,1.19100000,86.77
1749260996,85.98000000,4.63800000,86.77
1749260996,85.97000000,0.22000000,86.77
1749260996,85.96000000,5.79700000,86.77
1749260996,85.95000000,0.39000000,86.77
1749260996,85.94000000,0.63200000,86.77
1749260996,85.93000000,0.28400000,86.77
1749260996,85.92000000,0.73700000,86.77
1749260996,85.91000000,20.09100000,86.77
1749260996,85.90000000,4.03300000,86.77
1749260996,85.88000000,1.06800000,86.77
1749260996,85.87000000,12.03600000,86.77
1749260996,85.86000000,101.69200000,86.77
1749260996,85.85000000,1.64900000,86.77
1749260996,85.84000000,12.13400000,86.77
1749260996,85.83000000,1.36700000,86.77
1749260996,85.82000000,115.24900000,86.77
1749260996,85.81000000,117.69300000,86.77
1749260996,85.80000000,1.22000000,86.77
1749260996,85.79000000,115.85800000,86.77
1749260996,85.78000000,27.42100000,86.77
1749260996,85.77000000,0.35800000,86.77
1749261298,86.73000000,37.07500000,86.74
1749261298,86.72000000,89.35400000,86.74
1749261298,86.71000000,119.62200000,86.74
1749261298,86.70000000,212.84000000,86.74
1749261298,86.69000000,43.11000000,86.74
1749261298,86.68000000,86.61300000,86.74
1749261298,86.67000000,66.62900000,86.74
1749261298,86.66000000,133.71200000,86.74
1749261298,86.65000000,102.73800000,86.74
1749261298,86.64000000,119.51100000,86.74
1749261298,86.63000000,412.41300000,86.74
1749261298,86.62000000,308.02700000,86.74
1749261298,86.61000000,255.40900000,86.74
1749261298,86.60000000,297.19500000,86.74
1749261298,86.59000000,158.69200000,86.74
1749261298,86.58000000,53.90100000,86.74
1749261298,86.57000000,25.32400000,86.74
1749261298,86.56000000,99.29500000,86.74
1749261298,86.55000000,225.97300000,86.74
1749261298,86.54000000,180.47200000,86.74
1749261298,86.53000000,370.98400000,86.74
1749261298,86.52000000,53.46400000,86.74
1749261298,86.51000000,15.28200000,86.74
1749261298,86.50000000,583.78400000,86.74
1749261298,86.49000000,12.55900000,86.74
1749261298,86.48000000,27.59300000,86.74
1749261298,86.47000000,16.31400000,86.74
1749261298,86.46000000,37.51200000,86.74
1749261298,86.45000000,30.01700000,86.74
1749261298,86.44000000,583.70700000,86.74
1749261298,86.43000000,71.96100000,86.74
1749261298,86.42000000,17.96100000,86.74
1749261298,86.41000000,13.56900000,86.74
1749261298,86.40000000,27.34800000,86.74
1749261298,86.39000000,0.52600000,86.74
1749261298,86.38000000,42.76000000,86.74
1749261298,86.37000000,167.81000000,86.74
1749261298,86.36000000,0.58700000,86.74
1749261298,86.35000000,13.69000000,86.74
1749261298,86.34000000,47.79900000,86.74
1749261298,86.33000000,724.72500000,86.74
1749261298,86.32000000,1.16000000,86.74
1749261298,86.31000000,48.07500000,86.74
1749261298,86.30000000,24.53400000,86.74
1749261298,86.29000000,12.94000000,86.74
1749261298,86.28000000,14.47000000,86.74
1749261298,86.27000000,0.95100000,86.74
1749261298,86.26000000,13.09100000,86.74
1749261298,86.25000000,73.30200000,86.74
1749261298,86.24000000,24.76700000,86.74
1749261298,86.23000000,2.37900000,86.74
1749261298,86.22000000,24.59900000,86.74
1749261298,86.21000000,0.99600000,86.74
1749261298,86.20000000,135.61700000,86.74
1749261298,86.19000000,0.20300000,86.74
1749261298,86.18000000,0.50500000,86.74
1749261298,86.17000000,7.13500000,86.74
1749261298,86.16000000,1.54600000,86.74
1749261298,86.15000000,12.20200000,86.74
1749261298,86.14000000,26.17300000,86.74
1749261298,86.13000000,0.46900000,86.74
1749261298,86.12000000,30.87600000,86.74
1749261298,86.11000000,3.88900000,86.74
1749261298,86.10000000,73.08900000,86.74
1749261298,86.09000000,0.11600000,86.74
1749261298,86.08000000,0.58800000,86.74
1749261298,86.07000000,697.61900000,86.74
1749261298,86.06000000,8.31900000,86.74
1749261298,86.05000000,8.56800000,86.74
1749261298,86.04000000,16.16500000,86.74
1749261298,86.03000000,6.06700000,86.74
1749261298,86.02000000,23.48400000,86.74
1749261298,86.01000000,21.81200000,86.74
1749261298,86.00000000,45.57700000,86.74
1749261298,85.99000000,1.30700000,86.74
1749261298,85.98000000,4.75400000,86.74
1749261298,85.97000000,0.22000000,86.74
1749261298,85.96000000,5.79700000,86.74
1749261298,85.95000000,0.39000000,86.74
1749261298,85.94000000,0.63200000,86.74
1749261298,85.93000000,0.28400000,86.74
1749261298,85.92000000,0.73700000,86.74
1749261298,85.91000000,20.09100000,86.74
1749261298,85.90000000,4.03300000,86.74
1749261298,85.88000000,1.06800000,86.74
1749261298,85.87000000,12.03600000,86.74
1749261298,85.86000000,101.69200000,86.74
1749261298,85.85000000,3.14800000,86.74
1749261298,85.84000000,12.13400000,86.74
1749261298,85.83000000,1.36700000,86.74
1749261298,85.82000000,0.22700000,86.74
1749261298,85.81000000,117.69300000,86.74
1749261298,85.80000000,1.22000000,86.74
1749261298,85.79000000,0.37100000,86.74
1749261298,85.78000000,27.42100000,86.74
1749261298,85.77000000,0.35800000,86.74
1749261298,85.76000000,32.93800000,86.74
1749261298,85.75000000,0.47200000,86.74
1749261298,85.74000000,0.23000000,86.74
1749261298,85.73000000,46.36400000,86.74
1749261599,86.78000000,54.28500000,86.79
1749261599,86.77000000,76.75600000,86.79
1749261599,86.76000000,183.70200000,86.79
1749261599,86.75000000,139.97000000,86.79
1749261599,86.74000000,184.77800000,86.79
1749261599,86.73000000,92.98800000,86.79
1749261599,86.72000000,109.86300000,86.79
1749261599,86.71000000,113.52800000,86.79
1749261599,86.70000000,120.02000000,86.79
1749261599,86.69000000,217.87500000,86.79
1749261599,86.68000000,238.16600000,86.79
1749261599,86.67000000,186.34400000,86.79
1749261599,86.66000000,87.17200000,86.79
1749261599,86.65000000,50.80300000,86.79
1749261599,86.64000000,84.99900000,86.79
1749261599,86.63000000,131.94500000,86.79
1749261599,86.62000000,99.03200000,86.79
1749261599,86.61000000,94.30300000,86.79
1749261599,86.60000000,203.84900000,86.79
1749261599,86.59000000,58.13800000,86.79
1749261599,86.58000000,123.05900000,86.79
1749261599,86.57000000,17.80400000,86.79
1749261599,86.56000000,78.30400000,86.79
1749261599,86.55000000,62.59600000,86.79
1749261599,86.54000000,158.57200000,86.79
1749261599,86.53000000,312.95000000,86.79
1749261599,86.52000000,49.68600000,86.79
1749261599,86.51000000,21.44000000,86.79
1749261599,86.50000000,522.89700000,86.79
1749261599,86.49000000,13.71700000,86.79
1749261599,86.48000000,27.59300000,86.79
1749261599,86.47000000,15.15900000,86.79
1749261599,86.46000000,42.11800000,86.79
1749261599,86.45000000,31.17500000,86.79
1749261599,86.44000000,583.70700000,86.79
1749261599,86.43000000,15.18800000,86.79
1749261599,86.42000000,17.96100000,86.79
1749261599,86.41000000,13.57200000,86.79
1749261599,86.40000000,27.34800000,86.79
1749261599,86.39000000,24.73400000,86.79
1749261599,86.38000000,41.60500000,86.79
1749261599,86.37000000,167.81000000,86.79
1749261599,86.36000000,1.74500000,86.79
1749261599,86.35000000,0.38300000,86.79
1749261599,86.34000000,23.60300000,86.79
1749261599,86.33000000,725.88300000,86.79
1749261599,86.32000000,1.16000000,86.79
1749261599,86.31000000,25.01400000,86.79
1749261599,86.30000000,105.66100000,86.79
1749261599,86.29000000,11.78400000,86.79
1749261599,86.28000000,14.47000000,86.79
1749261599,86.27000000,0.95100000,86.79
1749261599,86.26000000,13.81100000,86.79
1749261599,86.25000000,73.30200000,86.79
1749261599,86.24000000,24.76700000,86.79
1749261599,86.23000000,1.84000000,86.79
1749261599,86.22000000,23.44100000,86.79
1749261599,86.21000000,0.99600000,86.79
1749261599,86.20000000,136.77500000,86.79
1749261599,86.19000000,0.20300000,86.79
1749261599,86.18000000,30.50500000,86.79
1749261599,86.17000000,7.13500000,86.79
1749261599,86.16000000,2.70400000,86.79
1749261599,86.15000000,12.20200000,86.79
1749261599,86.14000000,26.17300000,86.79
1749261599,86.13000000,0.46900000,86.79
1749261599,86.12000000,5.56100000,86.79
1749261599,86.11000000,3.88900000,86.79
1749261599,86.10000000,73.08900000,86.79
1749261599,86.09000000,0.11600000,86.79
1749261599,86.08000000,115.61000000,86.79
1749261599,86.07000000,582.59700000,86.79
1749261599,86.06000000,2.92500000,86.79
1749261599,86.05000000,8.56800000,86.79
1749261599,86.04000000,16.16500000,86.79
1749261599,86.03000000,6.06700000,86.79
1749261599,86.02000000,23.36800000,86.79
1749261599,86.01000000,21.69600000,86.79
1749261599,86.00000000,45.46100000,86.79
1749261599,85.99000000,1.19100000,86.79
1749261599,85.98000000,4.63800000,86.79
1749261599,85.97000000,0.22000000,86.79
1749261599,85.96000000,5.79700000,86.79
1749261599,85.95000000,0.39000000,86.79
1749261599,85.94000000,0.63200000,86.79
1749261599,85.93000000,0.28400000,86.79
1749261599,85.92000000,0.73700000,86.79
1749261599,85.91000000,20.09100000,86.79
1749261599,85.90000000,4.03300000,86.79
1749261599,85.88000000,1.06800000,86.79
1749261599,85.87000000,12.03600000,86.79
1749261599,85.86000000,101.69200000,86.79
1749261599,85.85000000,1.64900000,86.79
1749261599,85.84000000,12.13400000,86.79
1749261599,85.83000000,1.36700000,86.79
1749261599,85.82000000,0.22700000,86.79
1749261599,85.81000000,117.69300000,86.79
1749261599,85.80000000,1.22000000,86.79
1749261599,85.79000000,0.37100000,86.79
1749261599,85.78000000,27.42100000,86.79
1749261901,86.65000000,18.82800000,86.66
1749261901,86.64000000,51.39000000,86.66
1749261901,86.63000000,121.23400000,86.66
1749261901,86.62000000,174.99100000,86.66
1749261901,86.61000000,152.08200000,86.66
1749261901,86.60000000,258.69700000,86.66
1749261901,86.59000000,423.20500000,86.66
1749261901,86.58000000,226.34500000,86.66
1749261901,86.57000000,254.86200000,86.66
1749261901,86.56000000,194.58400000,86.66
1749261901,86.55000000,273.58100000,86.66
1749261901,86.54000000,77.50200000,86.66
1749261901,86.53000000,38.03400000,86.66
1749261901,86.52000000,63.62300000,86.66
1749261901,86.51000000,106.11800000,86.66
1749261901,86.50000000,249.96800000,86.66
1749261901,86.49000000,120.19500000,86.66
1749261901,86.48000000,337.48300000,86.66
1749261901,86.47000000,126.12300000,86.66
1749261901,86.46000000,55.23500000,86.66
1749261901,86.45000000,36.95500000,86.66
1749261901,86.44000000,15.12900000,86.66
1749261901,86.43000000,510.56700000,86.66
1749261901,86.42000000,47.29300000,86.66
1749261901,86.41000000,13.57200000,86.66
1749261901,86.40000000,30.88400000,86.66
1749261901,86.39000000,16.29900000,86.66
1749261901,86.38000000,44.02100000,86.66
1749261901,86.37000000,164.22200000,86.66
1749261901,86.36000000,1.74500000,86.66
1749261901,86.35000000,593.26100000,86.66
1749261901,86.34000000,35.75300000,86.66
1749261901,86.33000000,748.93300000,86.66
1749261901,86.32000000,13.31000000,86.66
1749261901,86.31000000,18.47300000,86.66
1749261901,86.30000000,37.84200000,86.66
1749261901,86.29000000,23.93400000,86.66
1749261901,86.28000000,71.40800000,86.66
1749261901,86.27000000,0.95100000,86.66
1749261901,86.26000000,13.81100000,86.66
1749261901,86.25000000,73.30200000,86.66
1749261901,86.24000000,24.75800000,86.66
1749261901,86.23000000,1.84000000,86.66
1749261901,86.22000000,23.44100000,86.66
1749261901,86.21000000,20.17600000,86.66
1749261901,86.20000000,140.27500000,86.66
1749261901,86.19000000,0.20300000,86.66
1749261901,86.18000000,23.60100000,86.66
1749261901,86.17000000,7.13500000,86.66
1749261901,86.16000000,2.70400000,86.66
1749261901,86.15000000,12.20200000,86.66
1749261901,86.14000000,26.17300000,86.66
1749261901,86.13000000,0.46900000,86.66
1749261901,86.12000000,35.45600000,86.66
1749261901,86.11000000,8.63600000,86.66
1749261901,86.10000000,38.58300000,86.66
1749261901,86.09000000,0.11600000,86.66
1749261901,86.08000000,1.74700000,86.66
1749261901,86.07000000,582.59700000,86.66
1749261901,86.06000000,32.92500000,86.66
1749261901,86.05000000,8.56800000,86.66
1749261901,86.04000000,16.16500000,86.66
1749261901,86.03000000,6.06700000,86.66
1749261901,86.02000000,23.48400000,86.66
1749261901,86.01000000,21.81200000,86.66
1749261901,86.00000000,45.57700000,86.66
1749261901,85.99000000,5.96800000,86.66
1749261901,85.98000000,4.75400000,86.66
1749261901,85.97000000,0.33600000,86.66
1749261901,85.96000000,5.91300000,86.66
1749261901,85.95000000,0.50600000,86.66
1749261901,85.94000000,0.74800000,86.66
1749261901,85.93000000,0.40000000,86.66
1749261901,85.92000000,0.85300000,86.66
1749261901,85.91000000,20.20700000,86.66
1749261901,85.90000000,0.56100000,86.66
1749261901,85.88000000,1.06800000,86.66
1749261901,85.87000000,12.03600000,86.66
1749261901,85.86000000,101.69200000,86.66
1749261901,85.85000000,1.64900000,86.66
1749261901,85.84000000,13.29600000,86.66
1749261901,85.83000000,1.36700000,86.66
1749261901,85.82000000,0.22700000,86.66
1749261901,85.81000000,0.20700000,86.66
1749261901,85.80000000,2.71900000,86.66
1749261901,85.79000000,0.37100000,86.66
1749261901,85.78000000,27.42100000,86.66
1749261901,85.77000000,0.35800000,86.66
1749261901,85.76000000,32.93800000,86.66
1749261901,85.75000000,0.47200000,86.66
1749261901,85.74000000,0.23000000,86.66
1749261901,85.73000000,46.36400000,86.66
1749261901,85.72000000,0.88900000,86.66
1749261901,85.71000000,0.68500000,86.66
1749261901,85.70000000,5.58900000,86.66
1749261901,85.69000000,2.96500000,86.66
1749261901,85.68000000,0.31000000,86.66
1749261901,85.67000000,2.02500000,86.66
1749261901,85.66000000,1.44400000,86.66
1749261901,85.65000000,115.28400000,86.66
1749262202,86.68000000,63.96300000,86.69
1749262202,86.67000000,32.35000000,86.69
1749262202,86.66000000,58.66700000,86.69
1749262202,86.65000000,172.62500000,86.69
1749262202,86.64000000,178.04900000,86.69
1749262202,86.63000000,215.83100000,86.69
1749262202,86.62000000,271.27700000,86.69
1749262202,86.61000000,95.46900000,86.69
1749262202,86.60000000,77.60800000,86.69
1749262202,86.59000000,118.28900000,86.69
1749262202,86.58000000,315.41500000,86.69
1749262202,86.57000000,227.50300000,86.69
1749262202,86.56000000,239.69300000,86.69
1749262202,86.55000000,252.52000000,86.69
1749262202,86.54000000,95.53200000,86.69
1749262202,86.53000000,53.61500000,86.69
1749262202,86.52000000,98.97700000,86.69
1749262202,86.51000000,61.24800000,86.69
1749262202,86.50000000,100.71200000,86.69
1749262202,86.49000000,30.12000000,86.69
1749262202,86.48000000,105.12700000,86.69
1749262202,86.47000000,253.95400000,86.69
1749262202,86.46000000,134.12900000,86.69
1749262202,86.45000000,375.81600000,86.69
1749262202,86.44000000,15.12900000,86.69
1749262202,86.43000000,450.78700000,86.69
1749262202,86.42000000,44.95300000,86.69
1749262202,86.41000000,13.57200000,86.69
1749262202,86.40000000,29.92300000,86.69
1749262202,86.39000000,13.83400000,86.69
1749262202,86.38000000,41.60500000,86.69
1749262202,86.37000000,149.87100000,86.69
1749262202,86.36000000,1.74500000,86.69
1749262202,86.35000000,593.26100000,86.69
1749262202,86.34000000,35.75300000,86.69
1749262202,86.33000000,3.06700000,86.69
1749262202,86.32000000,15.77600000,86.69
1749262202,86.31000000,6.32300000,86.69
1749262202,86.30000000,35.90900000,86.69
1749262202,86.29000000,15.30700000,86.69
1749262202,86.28000000,73.75100000,86.69
1749262202,86.27000000,24.01100000,86.69
1749262202,86.26000000,13.81100000,86.69
1749262202,86.25000000,75.72200000,86.69
1749262202,86.24000000,24.75800000,86.69
1749262202,86.23000000,1.84000000,86.69
1749262202,86.22000000,23.44100000,86.69
1749262202,86.21000000,34.09000000,86.69
1749262202,86.20000000,859.49400000,86.69
1749262202,86.19000000,0.20300000,86.69
1749262202,86.18000000,23.60100000,86.69
1749262202,86.17000000,7.13500000,86.69
1749262202,86.16000000,2.70400000,86.69
1749262202,86.15000000,26.59000000,86.69
1749262202,86.14000000,26.17300000,86.69
1749262202,86.13000000,0.46900000,86.69
1749262202,86.12000000,0.87600000,86.69
1749262202,86.11000000,8.63600000,86.69
1749262202,86.10000000,38.58300000,86.69
1749262202,86.09000000,0.11600000,86.69
1749262202,86.08000000,31.74700000,86.69
1749262202,86.07000000,582.59700000,86.69
1749262202,86.06000000,2.92500000,86.69
1749262202,86.05000000,9.72700000,86.69
1749262202,86.04000000,50.81900000,86.69
1749262202,86.03000000,6.06700000,86.69
1749262202,86.02000000,23.48400000,86.69
1749262202,86.01000000,26.48200000,86.69
1749262202,86.00000000,45.57700000,86.69
1749262202,85.99000000,1.30700000,86.69
1749262202,85.98000000,4.75400000,86.69
1749262202,85.97000000,0.33600000,86.69
1749262202,85.96000000,5.91300000,86.69
1749262202,85.95000000,0.50600000,86.69
1749262202,85.94000000,0.74800000,86.69
1749262202,85.93000000,0.40000000,86.69
1749262202,85.92000000,0.73700000,86.69
1749262202,85.91000000,20.09100000,86.69
1749262202,85.90000000,0.44500000,86.69
1749262202,85.89000000,5.79700000,86.69
1749262202,85.88000000,1.06800000,86.69
1749262202,85.87000000,12.03600000,86.69
1749262202,85.86000000,101.69200000,86.69
1749262202,85.85000000,1.64900000,86.69
1749262202,85.84000000,13.29600000,86.69
1749262202,85.83000000,1.45400000,86.69
1749262202,85.82000000,0.22700000,86.69
1749262202,85.81000000,0.20700000,86.69
1749262202,85.80000000,1.22000000,86.69
1749262202,85.79000000,1.87100000,86.69
1749262202,85.78000000,27.42100000,86.69
1749262202,85.77000000,0.35800000,86.69
1749262202,85.76000000,32.93800000,86.69
1749262202,85.75000000,0.47200000,86.69
1749262202,85.74000000,0.23000000,86.69
1749262202,85.73000000,46.36400000,86.69
1749262202,85.72000000,0.88900000,86.69
1749262202,85.71000000,0.68500000,86.69
1749262202,85.70000000,5.58900000,86.69
1749262202,85.69000000,2.96500000,86.69
1749262503,86.71000000,5.95200000,86.71
1749262503,86.70000000,72.79300000,86.71
1749262503,86.69000000,130.17200000,86.71
1749262503,86.68000000,171.48500000,86.71
1749262503,86.67000000,71.26600000,86.71
1749262503,86.66000000,75.13400000,86.71
1749262503,86.65000000,185.11200000,86.71
1749262503,86.64000000,280.68300000,86.71
1749262503,86.63000000,71.07500000,86.71
1749262503,86.62000000,182.44000000,86.71
1749262503,86.61000000,385.24300000,86.71
1749262503,86.60000000,292.37600000,86.71
1749262503,86.59000000,257.26000000,86.71
1749262503,86.58000000,242.96400000,86.71
1749262503,86.57000000,206.07200000,86.71
1749262503,86.56000000,74.66800000,86.71
1749262503,86.55000000,111.11200000,86.71
1749262503,86.54000000,54.51800000,86.71
1749262503,86.53000000,63.21800000,86.71
1749262503,86.52000000,115.75300000,86.71
1749262503,86.51000000,43.80900000,86.71
1749262503,86.50000000,87.29800000,86.71
1749262503,86.49000000,13.71700000,86.71
1749262503,86.48000000,87.33500000,86.71
1749262503,86.47000000,15.15900000,86.71
1749262503,86.46000000,37.31700000,86.71
1749262503,86.45000000,310.26000000,86.71
1749262503,86.44000000,15.12900000,86.71
1749262503,86.43000000,450.78700000,86.71
1749262503,86.42000000,44.95300000,86.71
1749262503,86.41000000,15.91300000,86.71
1749262503,86.40000000,27.34800000,86.71
1749262503,86.39000000,13.83400000,86.71
1749262503,86.38000000,41.60500000,86.71
1749262503,86.37000000,149.87100000,86.71
1749262503,86.36000000,4.16100000,86.71
1749262503,86.35000000,581.11100000,86.71
1749262503,86.34000000,80.48700000,86.71
1749262503,86.33000000,26.11700000,86.71
1749262503,86.32000000,5.91700000,86.71
1749262503,86.31000000,6.32300000,86.71
1749262503,86.30000000,35.90900000,86.71
1749262503,86.29000000,15.30700000,86.71
1749262503,86.28000000,14.47000000,86.71
1749262503,86.27000000,3.24200000,86.71
1749262503,86.26000000,13.81100000,86.71
1749262503,86.25000000,73.30200000,86.71
1749262503,86.24000000,24.75800000,86.71
1749262503,86.23000000,1.84000000,86.71
1749262503,86.22000000,48.81700000,86.71
1749262503,86.21000000,34.09000000,86.71
1749262503,86.20000000,859.49400000,86.71
1749262503,86.19000000,0.20300000,86.71
1749262503,86.18000000,0.50500000,86.71
1749262503,86.17000000,9.42600000,86.71
1749262503,86.16000000,2.70400000,86.71
1749262503,86.15000000,26.59000000,86.71
1749262503,86.14000000,26.17300000,86.71
1749262503,86.13000000,0.46900000,86.71
1749262503,86.12000000,35.46600000,86.71
1749262503,86.11000000,38.63600000,86.71
1749262503,86.10000000,38.58300000,86.71
1749262503,86.09000000,0.11600000,86.71
1749262503,86.08000000,0.58800000,86.71
1749262503,86.07000000,582.59700000,86.71
1749262503,86.06000000,2.92500000,86.71
1749262503,86.05000000,13.24500000,86.71
1749262503,86.04000000,16.16500000,86.71
1749262503,86.03000000,6.06700000,86.71
1749262503,86.02000000,23.48400000,86.71
1749262503,86.01000000,21.81200000,86.71
1749262503,86.00000000,45.57700000,86.71
1749262503,85.99000000,1.74500000,86.71
1749262503,85.98000000,4.75400000,86.71
1749262503,85.97000000,0.33600000,86.71
1749262503,85.96000000,5.91300000,86.71
1749262503,85.95000000,0.39000000,86.71
1749262503,85.94000000,0.63200000,86.71
1749262503,85.93000000,0.28400000,86.71
1749262503,85.92000000,0.73700000,86.71
1749262503,85.91000000,20.09100000,86.71
1749262503,85.90000000,0.44500000,86.71
1749262503,85.89000000,5.79700000,86.71
1749262503,85.88000000,1.06800000,86.71
1749262503,85.87000000,12.03600000,86.71
1749262503,85.86000000,101.69200000,86.71
1749262503,85.85000000,1.64900000,86.71
1749262503,85.84000000,14.79500000,86.71
1749262503,85.83000000,1.45400000,86.71
1749262503,85.82000000,0.22700000,86.71
1749262503,85.81000000,115.22900000,86.71
1749262503,85.80000000,118.72000000,86.71
1749262503,85.79000000,0.37100000,86.71
1749262503,85.78000000,27.42100000,86.71
1749262503,85.77000000,0.35800000,86.71
1749262503,85.76000000,32.93800000,86.71
1749262503,85.75000000,0.47200000,86.71
1749262503,85.74000000,0.23000000,86.71
1749262503,85.73000000,46.36400000,86.71
1749262503,85.72000000,0.88900000,86.71
1749262805,86.80000000,28.15300000,86.8
1749262805,86.79000000,88.72800000,86.8
1749262805,86.78000000,87.68000000,86.8
1749262805,86.77000000,211.11200000,86.8
1749262805,86.76000000,171.09000000,86.8
1749262805,86.75000000,82.19700000,86.8
1749262805,86.74000000,116.46300000,86.8
1749262805,86.73000000,209.88300000,86.8
1749262805,86.72000000,324.83400000,86.8
1749262805,86.71000000,353.61600000,86.8
1749262805,86.70000000,325.17500000,86.8
1749262805,86.69000000,104.34400000,86.8
1749262805,86.68000000,184.00800000,86.8
1749262805,86.67000000,148.63600000,86.8
1749262805,86.66000000,35.73300000,86.8
1749262805,86.65000000,141.59200000,86.8
1749262805,86.64000000,234.76200000,86.8
1749262805,86.63000000,83.56600000,86.8
1749262805,86.62000000,172.47900000,86.8
1749262805,86.61000000,52.91800000,86.8
1749262805,86.60000000,56.52800000,86.8
1749262805,86.59000000,28.50600000,86.8
1749262805,86.58000000,100.67500000,86.8
1749262805,86.57000000,21.98800000,86.8
1749262805,86.56000000,12.32300000,86.8
1749262805,86.55000000,44.12400000,86.8
1749262805,86.54000000,48.14800000,86.8
1749262805,86.53000000,16.98600000,86.8
1749262805,86.52000000,40.22900000,86.8
1749262805,86.51000000,300.68500000,86.8
1749262805,86.50000000,87.29800000,86.8
1749262805,86.49000000,13.71700000,86.8
1749262805,86.48000000,27.59300000,86.8
1749262805,86.47000000,15.15900000,86.8
1749262805,86.46000000,36.35700000,86.8
1749262805,86.45000000,44.53700000,86.8
1749262805,86.44000000,2.97900000,86.8
1749262805,86.43000000,438.63700000,86.8
1749262805,86.42000000,35.21700000,86.8
1749262805,86.41000000,3.76300000,86.8
1749262805,86.40000000,15.19800000,86.8
1749262805,86.39000000,1.68400000,86.8
1749262805,86.38000000,100.62400000,86.8
1749262805,86.37000000,137.72100000,86.8
1749262805,86.36000000,1.74500000,86.8
1749262805,86.35000000,598.74600000,86.8
1749262805,86.34000000,23.60300000,86.8
1749262805,86.33000000,3.06700000,86.8
1749262805,86.32000000,3.45100000,86.8
1749262805,86.31000000,48.55500000,86.8
1749262805,86.30000000,35.90900000,86.8
1749262805,86.29000000,15.30700000,86.8
1749262805,86.28000000,14.47000000,86.8
1749262805,86.27000000,0.95100000,86.8
1749262805,86.26000000,13.81100000,86.8
1749262805,86.25000000,73.30200000,86.8
1749262805,86.24000000,7.09400000,86.8
1749262805,86.23000000,1.84000000,86.8
1749262805,86.22000000,23.44100000,86.8
1749262805,86.21000000,14.91000000,86.8
1749262805,86.20000000,889.49400000,86.8
1749262805,86.19000000,0.20300000,86.8
1749262805,86.18000000,0.50500000,86.8
1749262805,86.17000000,40.56700000,86.8
1749262805,86.16000000,1.48700000,86.8
1749262805,86.15000000,12.20200000,86.8
1749262805,86.14000000,30.86700000,86.8
1749262805,86.13000000,0.46900000,86.8
1749262805,86.12000000,0.87600000,86.8
1749262805,86.11000000,7.47700000,86.8
1749262805,86.10000000,38.51900000,86.8
1749262805,86.09000000,0.11600000,86.8
1749262805,86.08000000,115.61000000,86.8
1749262805,86.07000000,582.59700000,86.8
1749262805,86.06000000,2.92500000,86.8
1749262805,86.05000000,8.56800000,86.8
1749262805,86.04000000,16.04900000,86.8
1749262805,86.03000000,5.95100000,86.8
1749262805,86.02000000,23.36800000,86.8
1749262805,86.01000000,21.69600000,86.8
1749262805,86.00000000,45.46100000,86.8
1749262805,85.99000000,1.62900000,86.8
1749262805,85.98000000,4.63800000,86.8
1749262805,85.97000000,0.22000000,86.8
1749262805,85.96000000,5.79700000,86.8
1749262805,85.95000000,1.55100000,86.8
1749262805,85.94000000,0.63200000,86.8
1749262805,85.93000000,1.78100000,86.8
1749262805,85.92000000,0.73700000,86.8
1749262805,85.91000000,20.09100000,86.8
1749262805,85.90000000,0.44500000,86.8
1749262805,85.89000000,5.79700000,86.8
1749262805,85.88000000,1.06800000,86.8
1749262805,85.87000000,12.03600000,86.8
1749262805,85.86000000,101.69200000,86.8
1749262805,85.85000000,1.64900000,86.8
1749262805,85.84000000,12.13400000,86.8
1749262805,85.83000000,1.45400000,86.8
1749262805,85.82000000,0.22700000,86.8
1749262805,85.81000000,0.20700000,86.8
1749263106,86.90000000,117.39200000,86.91
1749263106,86.89000000,129.51500000,86.91
1749263106,86.88000000,75.03000000,86.91
1749263106,86.87000000,166.34300000,86.91
1749263106,86.86000000,152.19700000,86.91
1749263106,86.85000000,127.59900000,86.91
1749263106,86.84000000,77.31800000,86.91
1749263106,86.83000000,151.30200000,86.91
1749263106,86.82000000,248.18000000,86.91
1749263106,86.81000000,260.90200000,86.91
1749263106,86.80000000,481.11100000,86.91
1749263106,86.79000000,89.28800000,86.91
1749263106,86.78000000,150.05300000,86.91
1749263106,86.77000000,239.27800000,86.91
1749263106,86.76000000,239.48900000,86.91
1749263106,86.75000000,120.28100000,86.91
1749263106,86.74000000,230.64100000,86.91
1749263106,86.73000000,101.56100000,86.91
1749263106,86.72000000,80.21300000,86.91
1749263106,86.71000000,70.84100000,86.91
1749263106,86.70000000,51.42600000,86.91
1749263106,86.69000000,28.54700000,86.91
1749263106,86.68000000,69.25500000,86.91
1749263106,86.67000000,169.47100000,86.91
1749263106,86.66000000,13.42500000,86.91
1749263106,86.65000000,14.35800000,86.91
1749263106,86.64000000,31.68200000,86.91
1749263106,86.63000000,325.07400000,86.91
1749263106,86.62000000,15.97100000,86.91
1749263106,86.61000000,14.87400000,86.91
1749263106,86.60000000,94.26600000,86.91
1749263106,86.59000000,18.14800000,86.91
1749263106,86.58000000,35.51900000,86.91
1749263106,86.57000000,16.21600000,86.91
1749263106,86.56000000,0.17300000,86.91
1749263106,86.55000000,14.79200000,86.91
1749263106,86.54000000,48.14800000,86.91
1749263106,86.53000000,151.28800000,86.91
1749263106,86.52000000,500.17400000,86.91
1749263106,86.51000000,21.60000000,86.91
1749263106,86.50000000,75.14800000,86.91
1749263106,86.49000000,58.26300000,86.91
1749263106,86.48000000,15.44300000,86.91
1749263106,86.47000000,587.06900000,86.91
1749263106,86.46000000,24.20700000,86.91
1749263106,86.45000000,21.48700000,86.91
1749263106,86.44000000,2.97900000,86.91
1749263106,86.43000000,3.03800000,86.91
1749263106,86.42000000,5.88500000,86.91
1749263106,86.41000000,26.79700000,86.91
1749263106,86.40000000,34.35100000,86.91
1749263106,86.39000000,11.89000000,86.91
1749263106,86.38000000,43.80400000,86.91
1749263106,86.37000000,863.79200000,86.91
1749263106,86.36000000,1.74500000,86.91
1749263106,86.35000000,18.01800000,86.91
1749263106,86.34000000,23.60300000,86.91
1749263106,86.33000000,3.06700000,86.91
1749263106,86.32000000,3.45100000,86.91
1749263106,86.31000000,6.32300000,86.91
1749263106,86.30000000,55.69200000,86.91
1749263106,86.29000000,15.30700000,86.91
1749263106,86.28000000,14.47000000,86.91
1749263106,86.27000000,35.46100000,86.91
1749263106,86.26000000,13.81100000,86.91
1749263106,86.25000000,73.30200000,86.91
1749263106,86.24000000,7.09400000,86.91
1749263106,86.23000000,5.38500000,86.91
1749263106,86.22000000,23.44100000,86.91
1749263106,86.21000000,14.91000000,86.91
1749263106,86.20000000,3.69000000,86.91
1749263106,86.19000000,0.20300000,86.91
1749263106,86.18000000,0.50500000,86.91
1749263106,86.17000000,5.97700000,86.91
1749263106,86.16000000,1.42300000,86.91
1749263106,86.15000000,12.20200000,86.91
1749263106,86.14000000,26.05700000,86.91
1749263106,86.13000000,0.35300000,86.91
1749263106,86.12000000,0.76000000,86.91
1749263106,86.11000000,7.36100000,86.91
1749263106,86.10000000,38.40300000,86.91
1749263106,86.08000000,115.49400000,86.91
1749263106,86.07000000,582.48100000,86.91
1749263106,86.06000000,2.80900000,86.91
1749263106,86.05000000,8.45200000,86.91
1749263106,86.04000000,16.04900000,86.91
1749263106,86.03000000,5.95100000,86.91
1749263106,86.02000000,23.36800000,86.91
1749263106,86.01000000,137.18300000,86.91
1749263106,86.00000000,145.46100000,86.91
1749263106,85.99000000,1.62900000,86.91
1749263106,85.98000000,4.63800000,86.91
1749263106,85.97000000,0.22000000,86.91
1749263106,85.96000000,7.29400000,86.91
1749263106,85.95000000,1.55100000,86.91
1749263106,85.94000000,0.63200000,86.91
1749263106,85.93000000,0.28400000,86.91
1749263106,85.92000000,0.73700000,86.91
1749263106,85.91000000,20.09100000,86.91
1749263106,85.90000000,100.44500000,86.91
1749263408,86.99000000,124.75400000,87.0
1749263408,86.98000000,128.62600000,87.0
1749263408,86.97000000,138.33700000,87.0
1749263408,86.96000000,134.45300000,87.0
1749263408,86.95000000,264.41700000,87.0
1749263408,86.94000000,82.79800000,87.0
1749263408,86.93000000,134.92000000,87.0
1749263408,86.92000000,135.30900000,87.0
1749263408,86.91000000,180.91700000,87.0
1749263408,86.90000000,250.01400000,87.0
1749263408,86.89000000,518.51500000,87.0
1749263408,86.88000000,322.10200000,87.0
1749263408,86.87000000,144.54100000,87.0
1749263408,86.86000000,218.20200000,87.0
1749263408,86.85000000,193.31100000,87.0
1749263408,86.84000000,52.38700000,87.0
1749263408,86.83000000,79.59600000,87.0
1749263408,86.82000000,143.17600000,87.0
1749263408,86.81000000,71.55400000,87.0
1749263408,86.80000000,47.85700000,87.0
1749263408,86.79000000,25.66100000,87.0
1749263408,86.78000000,50.57600000,87.0
1749263408,86.77000000,23.40400000,87.0
1749263408,86.76000000,96.03200000,87.0
1749263408,86.75000000,28.69900000,87.0
1749263408,86.74000000,23.77600000,87.0
1749263408,86.73000000,27.12600000,87.0
1749263408,86.72000000,48.34600000,87.0
1749263408,86.71000000,41.30600000,87.0
1749263408,86.70000000,18.21900000,87.0
1749263408,86.69000000,296.00000000,87.0
1749263408,86.68000000,58.96100000,87.0
1749263408,86.67000000,36.10400000,87.0
1749263408,86.66000000,13.73700000,87.0
1749263408,86.65000000,14.92600000,87.0
1749263408,86.64000000,51.48800000,87.0
1749263408,86.63000000,43.63100000,87.0
1749263408,86.62000000,3.82100000,87.0
1749263408,86.61000000,439.63900000,87.0
1749263408,86.60000000,137.55100000,87.0
1749263408,86.59000000,5.99800000,87.0
1749263408,86.58000000,25.82800000,87.0
1749263408,86.57000000,4.06600000,87.0
1749263408,86.56000000,23.16700000,87.0
1749263408,86.55000000,7.39000000,87.0
1749263408,86.54000000,35.99800000,87.0
1749263408,86.53000000,139.13800000,87.0
1749263408,86.52000000,28.07900000,87.0
1749263408,86.51000000,25.56900000,87.0
1749263408,86.50000000,75.14800000,87.0
1749263408,86.49000000,1.56700000,87.0
1749263408,86.48000000,15.44300000,87.0
1749263408,86.47000000,597.27100000,87.0
1749263408,86.46000000,41.81100000,87.0
1749263408,86.45000000,19.02500000,87.0
1749263408,86.44000000,2.97900000,87.0
1749263408,86.43000000,3.03800000,87.0
1749263408,86.42000000,1.18000000,87.0
1749263408,86.41000000,1.42200000,87.0
1749263408,86.40000000,15.19800000,87.0
1749263408,86.39000000,1.68400000,87.0
1749263408,86.38000000,73.80400000,87.0
1749263408,86.37000000,895.99100000,87.0
1749263408,86.36000000,1.74500000,87.0
1749263408,86.35000000,0.38300000,87.0
1749263408,86.34000000,23.60300000,87.0
1749263408,86.33000000,6.63000000,87.0
1749263408,86.32000000,1.10200000,87.0
1749263408,86.31000000,6.32300000,87.0
1749263408,86.30000000,24.53400000,87.0
1749263408,86.29000000,11.78400000,87.0
1749263408,86.28000000,14.40600000,87.0
1749263408,86.27000000,0.95100000,87.0
1749263408,86.26000000,12.65300000,87.0
1749263408,86.25000000,73.30200000,87.0
1749263408,86.24000000,7.09400000,87.0
1749263408,86.23000000,0.56600000,87.0
1749263408,86.22000000,23.26100000,87.0
1749263408,86.21000000,14.79400000,87.0
1749263408,86.20000000,3.57400000,87.0
1749263408,86.19000000,0.08700000,87.0
1749263408,86.18000000,0.38900000,87.0
1749263408,86.17000000,5.86100000,87.0
1749263408,86.16000000,1.30700000,87.0
1749263408,86.15000000,12.08600000,87.0
1749263408,86.14000000,26.05700000,87.0
1749263408,86.13000000,0.35300000,87.0
1749263408,86.12000000,2.25400000,87.0
1749263408,86.11000000,7.36100000,87.0
1749263408,86.10000000,38.40300000,87.0
1749263408,86.08000000,230.98100000,87.0
1749263408,86.07000000,582.48100000,87.0
1749263408,86.06000000,2.80900000,87.0
1749263408,86.05000000,8.45200000,87.0
1749263408,86.04000000,16.04900000,87.0
1749263408,86.03000000,0.15400000,87.0
1749263408,86.02000000,23.36800000,87.0
1749263408,86.01000000,21.69600000,87.0
1749263408,86.00000000,147.77400000,87.0
1749263408,85.99000000,118.86900000,87.0
1749263709,87.01000000,142.40900000,87.01
1749263709,87.00000000,68.04400000,87.01
1749263709,86.99000000,75.84700000,87.01
1749263709,86.98000000,154.18300000,87.01
1749263709,86.97000000,232.78900000,87.01
1749263709,86.96000000,239.68800000,87.01
1749263709,86.95000000,81.92600000,87.01
1749263709,86.94000000,56.49700000,87.01
1749263709,86.93000000,127.99800000,87.01
1749263709,86.92000000,154.31500000,87.01
1749263709,86.91000000,253.39200000,87.01
1749263709,86.90000000,163.76600000,87.01
1749263709,86.89000000,679.82100000,87.01
1749263709,86.88000000,392.72400000,87.01
1749263709,86.87000000,107.26600000,87.01
1749263709,86.86000000,92.72900000,87.01
1749263709,86.85000000,201.41000000,87.01
1749263709,86.84000000,52.38700000,87.01
1749263709,86.83000000,82.05700000,87.01
1749263709,86.82000000,143.22100000,87.01
1749263709,86.81000000,86.17000000,87.01
1749263709,86.80000000,41.79300000,87.01
1749263709,86.79000000,19.78900000,87.01
1749263709,86.78000000,20.35400000,87.01
1749263709,86.77000000,12.26600000,87.01
1749263709,86.76000000,96.00600000,87.01
1749263709,86.75000000,311.22800000,87.01
1749263709,86.74000000,18.16300000,87.01
1749263709,86.73000000,27.12600000,87.01
1749263709,86.72000000,13.48200000,87.01
1749263709,86.71000000,35.54300000,87.01
1749263709,86.70000000,455.19800000,87.01
1749263709,86.69000000,146.99700000,87.01
1749263709,86.68000000,58.96100000,87.01
1749263709,86.67000000,36.10400000,87.01
1749263709,86.66000000,13.83200000,87.01
1749263709,86.65000000,77.21900000,87.01
1749263709,86.64000000,51.48800000,87.01
1749263709,86.63000000,43.63100000,87.01
1749263709,86.62000000,15.97100000,87.01
1749263709,86.61000000,2.72400000,87.01
1749263709,86.60000000,29.22200000,87.01
1749263709,86.59000000,602.20800000,87.01
1749263709,86.58000000,37.97800000,87.01
1749263709,86.57000000,21.97000000,87.01
1749263709,86.56000000,23.16700000,87.01
1749263709,86.55000000,1.35600000,87.01
1749263709,86.54000000,762.06900000,87.01
1749263709,86.53000000,134.73000000,87.01
1749263709,86.52000000,28.07900000,87.01
1749263709,86.51000000,25.56900000,87.01
1749263709,86.50000000,75.14800000,87.01
1749263709,86.49000000,1.56700000,87.01
1749263709,86.48000000,15.44300000,87.01
1749263709,86.47000000,13.21100000,87.01
1749263709,86.46000000,24.20700000,87.01
1749263709,86.45000000,19.02500000,87.01
1749263709,86.44000000,2.97900000,87.01
1749263709,86.43000000,3.03800000,87.01
1749263709,86.42000000,1.18000000,87.01
1749263709,86.41000000,1.42200000,87.01
1749263709,86.40000000,45.19800000,87.01
1749263709,86.39000000,1.68400000,87.01
1749263709,86.38000000,43.80400000,87.01
1749263709,86.37000000,34.95100000,87.01
1749263709,86.36000000,0.58700000,87.01
1749263709,86.35000000,0.38300000,87.01
1749263709,86.34000000,28.32600000,87.01
1749263709,86.33000000,1.90900000,87.01
1749263709,86.32000000,1.10200000,87.01
1749263709,86.31000000,6.32300000,87.01
1749263709,86.30000000,24.53400000,87.01
1749263709,86.29000000,11.78400000,87.01
1749263709,86.28000000,14.40600000,87.01
1749263709,86.27000000,0.95100000,87.01
1749263709,86.26000000,12.65300000,87.01
1749263709,86.25000000,73.18600000,87.01
1749263709,86.24000000,6.97800000,87.01
1749263709,86.23000000,0.56600000,87.01
1749263709,86.22000000,23.26100000,87.01
1749263709,86.21000000,14.79400000,87.01
1749263709,86.20000000,3.57400000,87.01
1749263709,86.19000000,0.08700000,87.01
1749263709,86.18000000,0.38900000,87.01
1749263709,86.17000000,5.86100000,87.01
1749263709,86.16000000,1.30700000,87.01
1749263709,86.15000000,12.08600000,87.01
1749263709,86.14000000,23.56400000,87.01
1749263709,86.13000000,1.84700000,87.01
1749263709,86.12000000,0.76000000,87.01
1749263709,86.11000000,7.36100000,87.01
1749263709,86.10000000,38.40300000,87.01
1749263709,86.08000000,230.98100000,87.01
1749263709,86.07000000,582.48100000,87.01
1749263709,86.06000000,2.80900000,87.01
1749263709,86.05000000,8.45200000,87.01
1749263709,86.04000000,16.04900000,87.01
1749263709,86.03000000,0.15400000,87.01
1749263709,86.02000000,23.36800000,87.01
1749263709,86.01000000,21.69600000,87.01
1749264011,87.07000000,55.90900000,87.08
1749264011,87.06000000,83.89700000,87.08
1749264011,87.05000000,106.40200000,87.08
1749264011,87.04000000,237.02800000,87.08
1749264011,87.03000000,150.39900000,87.08
1749264011,87.02000000,160.54700000,87.08
1749264011,87.01000000,177.89800000,87.08
1749264011,87.00000000,40.97600000,87.08
1749264011,86.99000000,78.16200000,87.08
1749264011,86.98000000,63.86200000,87.08
1749264011,86.97000000,31.15300000,87.08
1749264011,86.96000000,100.01800000,87.08
1749264011,86.95000000,281.49500000,87.08
1749264011,86.94000000,38.49000000,87.08
1749264011,86.93000000,82.37600000,87.08
1749264011,86.92000000,122.62300000,87.08
1749264011,86.91000000,85.84600000,87.08
1749264011,86.90000000,179.39300000,87.08
1749264011,86.89000000,88.59700000,87.08
1749264011,86.88000000,136.99200000,87.08
1749264011,86.87000000,103.23500000,87.08
1749264011,86.86000000,13.42200000,87.08
1749264011,86.85000000,23.48700000,87.08
1749264011,86.84000000,36.68700000,87.08
1749264011,86.83000000,85.68300000,87.08
1749264011,86.82000000,24.90500000,87.08
1749264011,86.81000000,339.30400000,87.08
1749264011,86.80000000,35.51400000,87.08
1749264011,86.79000000,19.26700000,87.08
1749264011,86.78000000,20.35400000,87.08
1749264011,86.77000000,12.26600000,87.08
1749264011,86.76000000,39.04200000,87.08
1749264011,86.75000000,27.49400000,87.08
1749264011,86.74000000,18.16300000,87.08
1749264011,86.73000000,27.12600000,87.08
1749264011,86.72000000,13.48200000,87.08
1749264011,86.71000000,35.54300000,87.08
1749264011,86.70000000,534.65800000,87.08
1749264011,86.69000000,146.99700000,87.08
1749264011,86.68000000,58.96100000,87.08
1749264011,86.67000000,36.09900000,87.08
1749264011,86.66000000,13.91700000,87.08
1749264011,86.65000000,12.35800000,87.08
1749264011,86.64000000,28.49800000,87.08
1749264011,86.63000000,31.48100000,87.08
1749264011,86.62000000,3.82100000,87.08
1749264011,86.61000000,21.51100000,87.08
1749264011,86.60000000,31.38500000,87.08
1749264011,86.59000000,590.05800000,87.08
1749264011,86.58000000,48.81700000,87.08
1749264011,86.57000000,19.67900000,87.08
1749264011,86.56000000,0.17300000,87.08
1749264011,86.55000000,1.35600000,87.08
1749264011,86.54000000,764.48000000,87.08
1749264011,86.53000000,134.73000000,87.08
1749264011,86.52000000,25.78800000,87.08
1749264011,86.51000000,6.87800000,87.08
1749264011,86.50000000,75.14800000,87.08
1749264011,86.49000000,1.56700000,87.08
1749264011,86.48000000,15.44300000,87.08
1749264011,86.47000000,40.92000000,87.08
1749264011,86.46000000,24.20700000,87.08
1749264011,86.45000000,53.50500000,87.08
1749264011,86.44000000,2.97900000,87.08
1749264011,86.43000000,3.03800000,87.08
1749264011,86.42000000,1.18000000,87.08
1749264011,86.41000000,4.98900000,87.08
1749264011,86.40000000,15.19800000,87.08
1749264011,86.39000000,0.52600000,87.08
1749264011,86.38000000,29.45500000,87.08
1749264011,86.37000000,0.46100000,87.08
1749264011,86.36000000,0.58700000,87.08
1749264011,86.35000000,0.38300000,87.08
1749264011,86.34000000,23.53900000,87.08
1749264011,86.33000000,1.90900000,87.08
1749264011,86.32000000,1.10200000,87.08
1749264011,86.31000000,6.20800000,87.08
1749264011,86.30000000,24.41900000,87.08
1749264011,86.29000000,11.66900000,87.08
1749264011,86.28000000,14.29100000,87.08
1749264011,86.27000000,0.83600000,87.08
1749264011,86.26000000,12.53800000,87.08
1749264011,86.25000000,73.18600000,87.08
1749264011,86.24000000,6.97800000,87.08
1749264011,86.23000000,0.56600000,87.08
1749264011,86.22000000,24.75300000,87.08
1749264011,86.21000000,0.88000000,87.08
1749264011,86.20000000,3.57400000,87.08
1749264011,86.19000000,0.08700000,87.08
1749264011,86.18000000,0.38900000,87.08
1749264011,86.17000000,5.86100000,87.08
1749264011,86.16000000,1.30700000,87.08
1749264011,86.15000000,12.08600000,87.08
1749264011,86.14000000,23.56400000,87.08
1749264011,86.13000000,0.35300000,87.08
1749264011,86.12000000,0.76000000,87.08
1749264011,86.11000000,7.36100000,87.08
1749264011,86.10000000,32.60600000,87.08
1749264011,86.08000000,230.98100000,87.08
1749264011,86.07000000,582.48100000,87.08
1749264313,87.07000000,14.68200000,87.07
1749264313,87.06000000,82.65600000,87.07
1749264313,87.05000000,211.79700000,87.07
1749264313,87.04000000,239.15200000,87.07
1749264313,87.03000000,166.59800000,87.07
1749264313,87.02000000,133.04500000,87.07
1749264313,87.01000000,109.01000000,87.07
1749264313,87.00000000,24.38400000,87.07
1749264313,86.99000000,45.06300000,87.07
1749264313,86.98000000,125.57500000,87.07
1749264313,86.97000000,83.64900000,87.07
1749264313,86.96000000,185.11300000,87.07
1749264313,86.95000000,199.42600000,87.07
1749264313,86.94000000,49.16100000,87.07
1749264313,86.93000000,115.70400000,87.07
1749264313,86.92000000,127.53000000,87.07
1749264313,86.91000000,80.16500000,87.07
1749264313,86.90000000,164.31700000,87.07
1749264313,86.89000000,38.99300000,87.07
1749264313,86.88000000,79.35100000,87.07
1749264313,86.87000000,88.65500000,87.07
1749264313,86.86000000,19.67600000,87.07
1749264313,86.85000000,17.22200000,87.07
1749264313,86.84000000,100.17800000,87.07
1749264313,86.83000000,26.19700000,87.07
1749264313,86.82000000,24.90500000,87.07
1749264313,86.81000000,339.30400000,87.07
1749264313,86.80000000,35.51400000,87.07
1749264313,86.79000000,450.42500000,87.07
1749264313,86.78000000,20.35400000,87.07
1749264313,86.77000000,12.26600000,87.07
1749264313,86.76000000,36.07700000,87.07
1749264313,86.75000000,27.49400000,87.07
1749264313,86.74000000,18.06300000,87.07
1749264313,86.73000000,27.12600000,87.07
1749264313,86.72000000,13.48200000,87.07
1749264313,86.71000000,619.60300000,87.07
1749264313,86.70000000,41.27300000,87.07
1749264313,86.69000000,146.99700000,87.07
1749264313,86.68000000,58.96100000,87.07
1749264313,86.67000000,35.54300000,87.07
1749264313,86.66000000,13.91700000,87.07
1749264313,86.65000000,14.92600000,87.07
1749264313,86.64000000,16.34800000,87.07
1749264313,86.63000000,31.48100000,87.07
1749264313,86.62000000,9.59000000,87.07
1749264313,86.61000000,21.51100000,87.07
1749264313,86.60000000,85.59000000,87.07
1749264313,86.59000000,31.44300000,87.07
1749264313,86.58000000,23.36900000,87.07
1749264313,86.57000000,19.67900000,87.07
1749264313,86.56000000,0.17300000,87.07
1749264313,86.55000000,1.35600000,87.07
1749264313,86.54000000,762.06900000,87.07
1749264313,86.53000000,134.73000000,87.07
1749264313,86.52000000,25.78800000,87.07
1749264313,86.51000000,6.87800000,87.07
1749264313,86.50000000,75.14800000,87.07
1749264313,86.49000000,1.56700000,87.07
1749264313,86.48000000,45.38500000,87.07
1749264313,86.47000000,10.92000000,87.07
1749264313,86.46000000,24.20700000,87.07
1749264313,86.45000000,53.50500000,87.07
1749264313,86.44000000,2.97900000,87.07
1749264313,86.43000000,3.03800000,87.07
1749264313,86.42000000,1.18000000,87.07
1749264313,86.41000000,4.98900000,87.07
1749264313,86.40000000,15.19800000,87.07
1749264313,86.39000000,0.52600000,87.07
1749264313,86.38000000,29.45500000,87.07
1749264313,86.37000000,0.46100000,87.07
1749264313,86.36000000,676.44000000,87.07
1749264313,86.35000000,20.19000000,87.07
1749264313,86.34000000,23.53900000,87.07
1749264313,86.33000000,1.90900000,87.07
1749264313,86.32000000,1.10200000,87.07
1749264313,86.31000000,6.20800000,87.07
1749264313,86.30000000,24.41900000,87.07
1749264313,86.29000000,11.66900000,87.07
1749264313,86.28000000,14.29100000,87.07
1749264313,86.27000000,0.83600000,87.07
1749264313,86.26000000,12.53800000,87.07
1749264313,86.25000000,73.18600000,87.07
1749264313,86.24000000,6.97800000,87.07
1749264313,86.23000000,0.56600000,87.07
1749264313,86.22000000,23.26100000,87.07
1749264313,86.21000000,0.88000000,87.07
1749264313,86.20000000,3.57400000,87.07
1749264313,86.19000000,0.08700000,87.07
1749264313,86.18000000,0.38900000,87.07
1749264313,86.17000000,5.86100000,87.07
1749264313,86.16000000,1.30700000,87.07
1749264313,86.15000000,12.08600000,87.07
1749264313,86.14000000,23.56400000,87.07
1749264313,86.13000000,0.35300000,87.07
1749264313,86.12000000,0.76000000,87.07
1749264313,86.11000000,7.36100000,87.07
1749264313,86.10000000,32.60600000,87.07
1749264313,86.08000000,0.47200000,87.07
1749264313,86.07000000,0.72400000,87.07
1749264614,87.21000000,70.13900000,87.22
1749264614,87.20000000,119.59200000,87.22
1749264614,87.19000000,106.50300000,87.22
1749264614,87.18000000,205.94000000,87.22
1749264614,87.17000000,170.28000000,87.22
1749264614,87.16000000,275.24000000,87.22
1749264614,87.15000000,105.26300000,87.22
1749264614,87.14000000,83.95300000,87.22
1749264614,87.13000000,136.96000000,87.22
1749264614,87.12000000,126.74200000,87.22
1749264614,87.11000000,167.81700000,87.22
1749264614,87.10000000,277.92500000,87.22
1749264614,87.09000000,98.84600000,87.22
1749264614,87.08000000,373.85100000,87.22
1749264614,87.07000000,447.04400000,87.22
1749264614,87.06000000,108.39500000,87.22
1749264614,87.05000000,31.22200000,87.22
1749264614,87.04000000,48.44600000,87.22
1749264614,87.03000000,71.43600000,87.22
1749264614,87.02000000,213.64100000,87.22
1749264614,87.01000000,62.12500000,87.22
1749264614,87.00000000,29.72100000,87.22
1749264614,86.99000000,56.63200000,87.22
1749264614,86.98000000,94.02600000,87.22
1749264614,86.97000000,133.63600000,87.22
1749264614,86.96000000,32.03500000,87.22
1749264614,86.95000000,0.20300000,87.22
1749264614,86.94000000,59.61200000,87.22
1749264614,86.93000000,71.53600000,87.22
1749264614,86.92000000,40.58300000,87.22
1749264614,86.91000000,32.92700000,87.22
1749264614,86.90000000,12.33500000,87.22
1749264614,86.89000000,15.65700000,87.22
1749264614,86.88000000,52.88300000,87.22
1749264614,86.87000000,301.88400000,87.22
1749264614,86.86000000,13.42200000,87.22
1749264614,86.85000000,147.66600000,87.22
1749264614,86.84000000,36.68700000,87.22
1749264614,86.83000000,26.19700000,87.22
1749264614,86.82000000,107.24300000,87.22
1749264614,86.81000000,55.57000000,87.22
1749264614,86.80000000,36.35500000,87.22
1749264614,86.79000000,450.42500000,87.22
1749264614,86.78000000,26.11200000,87.22
1749264614,86.77000000,12.63600000,87.22
1749264614,86.76000000,35.52000000,87.22
1749264614,86.75000000,53.00300000,87.22
1749264614,86.74000000,5.91300000,87.22
1749264614,86.73000000,17.49500000,87.22
1749264614,86.72000000,1.33200000,87.22
1749264614,86.71000000,626.19700000,87.22
1749264614,86.70000000,6.33600000,87.22
1749264614,86.69000000,134.84700000,87.22
1749264614,86.68000000,32.98400000,87.22
1749264614,86.67000000,23.39300000,87.22
1749264614,86.66000000,1.76700000,87.22
1749264614,86.65000000,10.28200000,87.22
1749264614,86.64000000,16.34800000,87.22
1749264614,86.63000000,29.19000000,87.22
1749264614,86.62000000,0.37800000,87.22
1749264614,86.61000000,2.72400000,87.22
1749264614,86.60000000,63.49000000,87.22
1749264614,86.59000000,35.99800000,87.22
1749264614,86.58000000,23.36900000,87.22
1749264614,86.57000000,4.18500000,87.22
1749264614,86.56000000,0.17300000,87.22
1749264614,86.55000000,2.07300000,87.22
1749264614,86.54000000,765.66000000,87.22
1749264614,86.53000000,0.42800000,87.22
1749264614,86.52000000,25.78800000,87.22
1749264614,86.51000000,5.72000000,87.22
1749264614,86.50000000,75.14800000,87.22
1749264614,86.49000000,0.40900000,87.22
1749264614,86.48000000,15.38500000,87.22
1749264614,86.47000000,0.71800000,87.22
1749264614,86.46000000,24.14300000,87.22
1749264614,86.45000000,17.75200000,87.22
1749264614,86.44000000,2.86400000,87.22
1749264614,86.43000000,13.13200000,87.22
1749264614,86.42000000,1.06500000,87.22
1749264614,86.41000000,0.14900000,87.22
1749264614,86.40000000,1.10500000,87.22
1749264614,86.39000000,0.41100000,87.22
1749264614,86.38000000,29.34000000,87.22
1749264614,86.37000000,115.36800000,87.22
1749264614,86.36000000,561.30300000,87.22
1749264614,86.35000000,20.07500000,87.22
1749264614,86.34000000,23.42400000,87.22
1749264614,86.33000000,1.79400000,87.22
1749264614,86.32000000,0.98700000,87.22
1749264614,86.31000000,0.41100000,87.22
1749264614,86.30000000,27.06600000,87.22
1749264614,86.29000000,11.66900000,87.22
1749264614,86.28000000,0.37700000,87.22
1749264614,86.27000000,0.83600000,87.22
1749264614,86.26000000,11.81900000,87.22
1749264614,86.25000000,73.18600000,87.22
1749264614,86.24000000,1.18100000,87.22
1749264614,86.23000000,0.56600000,87.22
1749264614,86.22000000,23.26100000,87.22
1749264916,87.32000000,20.17100000,87.33
1749264916,87.31000000,91.22300000,87.33
1749264916,87.30000000,107.32700000,87.33
1749264916,87.29000000,228.94700000,87.33
1749264916,87.28000000,64.02700000,87.33
1749264916,87.27000000,81.27800000,87.33
1749264916,87.26000000,122.70300000,87.33
1749264916,87.25000000,133.60300000,87.33
1749264916,87.24000000,46.98800000,87.33
1749264916,87.23000000,20.78600000,87.33
1749264916,87.22000000,152.15100000,87.33
1749264916,87.21000000,145.29500000,87.33
1749264916,87.20000000,95.41300000,87.33
1749264916,87.19000000,194.86100000,87.33
1749264916,87.18000000,40.97600000,87.33
1749264916,87.17000000,59.82100000,87.33
1749264916,87.16000000,66.68100000,87.33
1749264916,87.15000000,37.50500000,87.33
1749264916,87.14000000,65.38100000,87.33
1749264916,87.13000000,228.63000000,87.33
1749264916,87.12000000,45.46600000,87.33
1749264916,87.11000000,73.55700000,87.33
1749264916,87.10000000,86.78100000,87.33
1749264916,87.09000000,76.74100000,87.33
1749264916,87.08000000,86.55800000,87.33
1749264916,87.07000000,41.75900000,87.33
1749264916,87.06000000,42.46900000,87.33
1749264916,87.05000000,0.11500000,87.33
1749264916,87.04000000,14.61400000,87.33
1749264916,87.03000000,14.66900000,87.33
1749264916,87.02000000,53.82500000,87.33
1749264916,87.01000000,31.93800000,87.33
1749264916,87.00000000,18.66900000,87.33
1749264916,86.99000000,15.79800000,87.33
1749264916,86.98000000,76.04100000,87.33
1749264916,86.97000000,36.61000000,87.33
1749264916,86.96000000,32.20600000,87.33
1749264916,86.95000000,0.20300000,87.33
1749264916,86.94000000,67.93300000,87.33
1749264916,86.93000000,321.82000000,87.33
1749264916,86.92000000,19.21800000,87.33
1749264916,86.91000000,39.92700000,87.33
1749264916,86.90000000,14.66300000,87.33
1749264916,86.89000000,14.55700000,87.33
1749264916,86.88000000,488.76200000,87.33
1749264916,86.87000000,18.15000000,87.33
1749264916,86.86000000,13.42200000,87.33
1749264916,86.85000000,172.21800000,87.33
1749264916,86.84000000,39.13900000,87.33
1749264916,86.83000000,610.25700000,87.33
1749264916,86.82000000,61.13900000,87.33
1749264916,86.81000000,14.42800000,87.33
1749264916,86.80000000,24.61300000,87.33
1749264916,86.79000000,18.95400000,87.33
1749264916,86.78000000,5.91300000,87.33
1749264916,86.77000000,0.48600000,87.33
1749264916,86.76000000,23.84900000,87.33
1749264916,86.75000000,15.76400000,87.33
1749264916,86.74000000,5.91300000,87.33
1749264916,86.73000000,42.74900000,87.33
1749264916,86.72000000,1.33200000,87.33
1749264916,86.71000000,749.46400000,87.33
1749264916,86.70000000,6.33600000,87.33
1749264916,86.69000000,135.06900000,87.33
1749264916,86.68000000,49.59800000,87.33
1749264916,86.67000000,23.39300000,87.33
1749264916,86.66000000,5.43800000,87.33
1749264916,86.65000000,18.13200000,87.33
1749264916,86.64000000,11.80300000,87.33
1749264916,86.63000000,29.19000000,87.33
1749264916,86.62000000,0.37800000,87.33
1749264916,86.61000000,0.41300000,87.33
1749264916,86.60000000,14.73700000,87.33
1749264916,86.59000000,5.99800000,87.33
1749264916,86.58000000,23.30500000,87.33
1749264916,86.57000000,0.61500000,87.33
1749264916,86.56000000,0.05800000,87.33
1749264916,86.55000000,1.95800000,87.33
1749264916,86.54000000,34.72500000,87.33
1749264916,86.53000000,0.31300000,87.33
1749264916,86.52000000,5.89800000,87.33
1749264916,86.51000000,5.60500000,87.33
1749264916,86.50000000,75.03300000,87.33
1749264916,86.49000000,0.29400000,87.33
1749264916,86.48000000,15.27000000,87.33
1749264916,86.47000000,0.60300000,87.33
1749264916,86.46000000,24.02800000,87.33
1749264916,86.45000000,11.95500000,87.33
1749264916,86.44000000,2.86400000,87.33
1749264916,86.43000000,2.92300000,87.33
1749264916,86.42000000,1.06500000,87.33
1749264916,86.41000000,0.14900000,87.33
1749264916,86.40000000,117.61600000,87.33
1749264916,86.39000000,117.10800000,87.33
1749264916,86.38000000,23.54300000,87.33
1749264916,86.37000000,115.83300000,87.33
1749264916,86.36000000,561.30300000,87.33
1749264916,86.35000000,20.07500000,87.33
1749264916,86.34000000,23.42400000,87.33
1749264916,86.33000000,1.79400000,87.33
1749265223,87.41000000,122.26300000,87.41
1749265223,87.40000000,137.29200000,87.41
1749265223,87.39000000,159.09400000,87.41
1749265223,87.38000000,194.00600000,87.41
1749265223,87.37000000,251.20700000,87.41
1749265223,87.36000000,123.40900000,87.41
1749265223,87.35000000,72.88700000,87.41
1749265223,87.34000000,138.85200000,87.41
1749265223,87.33000000,261.99800000,87.41
1749265223,87.32000000,82.63100000,87.41
1749265223,87.31000000,126.29100000,87.41
1749265223,87.30000000,93.47600000,87.41
1749265223,87.29000000,222.04600000,87.41
1749265223,87.28000000,162.88700000,87.41
1749265223,87.27000000,37.21500000,87.41
1749265223,87.26000000,104.06700000,87.41
1749265223,87.25000000,191.82300000,87.41
1749265223,87.24000000,28.82300000,87.41
1749265223,87.23000000,59.05600000,87.41
1749265223,87.22000000,76.99200000,87.41
1749265223,87.21000000,102.88900000,87.41
1749265223,87.20000000,217.75100000,87.41
1749265223,87.19000000,29.22400000,87.41
1749265223,87.18000000,93.19500000,87.41
1749265223,87.17000000,14.03400000,87.41
1749265223,87.16000000,31.39300000,87.41
1749265223,87.15000000,72.80100000,87.41
1749265223,87.14000000,12.33000000,87.41
1749265223,87.13000000,16.26500000,87.41
1749265223,87.12000000,14.33900000,87.41
1749265223,87.11000000,315.59300000,87.41
1749265223,87.10000000,38.37100000,87.41
1749265223,87.09000000,17.42400000,87.41
1749265223,87.08000000,86.55800000,87.41
1749265223,87.07000000,41.75900000,87.41
1749265223,87.06000000,42.46900000,87.41
1749265223,87.05000000,0.27400000,87.41
1749265223,87.04000000,17.88600000,87.41
1749265223,87.03000000,14.66500000,87.41
1749265223,87.02000000,109.94300000,87.41
1749265223,87.01000000,169.31200000,87.41
1749265223,87.00000000,18.91500000,87.41
1749265223,86.99000000,15.79800000,87.41
1749265223,86.98000000,15.86900000,87.41
1749265223,86.97000000,473.52500000,87.41
1749265223,86.96000000,32.20600000,87.41
1749265223,86.95000000,584.26300000,87.41
1749265223,86.94000000,44.04500000,87.41
1749265223,86.93000000,54.29200000,87.41
1749265223,86.92000000,19.21800000,87.41
1749265223,86.91000000,39.92700000,87.41
1749265223,86.90000000,55.06500000,87.41
1749265223,86.89000000,12.26600000,87.41
1749265223,86.88000000,775.62700000,87.41
1749265223,86.87000000,18.43900000,87.41
1749265223,86.86000000,1.50600000,87.41
1749265223,86.85000000,137.29200000,87.41
1749265223,86.84000000,27.06100000,87.41
1749265223,86.83000000,11.75600000,87.41
1749265223,86.82000000,30.06900000,87.41
1749265223,86.81000000,44.77000000,87.41
1749265223,86.80000000,24.61300000,87.41
1749265223,86.79000000,1.36000000,87.41
1749265223,86.78000000,5.91300000,87.41
1749265223,86.77000000,34.89600000,87.41
1749265223,86.76000000,23.84900000,87.41
1749265223,86.75000000,19.38400000,87.41
1749265223,86.74000000,5.91300000,87.41
1749265223,86.73000000,11.59900000,87.41
1749265223,86.72000000,0.17400000,87.41
1749265223,86.71000000,23.39300000,87.41
1749265223,86.70000000,6.34200000,87.41
1749265223,86.69000000,0.33800000,87.41
1749265223,86.68000000,14.03000000,87.41
1749265223,86.67000000,23.39300000,87.41
1749265223,86.66000000,0.67600000,87.41
1749265223,86.65000000,18.01600000,87.41
1749265223,86.64000000,11.91100000,87.41
1749265223,86.63000000,23.27700000,87.41
1749265223,86.62000000,0.26300000,87.41
1749265223,86.61000000,0.29800000,87.41
1749265223,86.60000000,0.70800000,87.41
1749265223,86.59000000,0.08600000,87.41
1749265223,86.58000000,23.19000000,87.41
1749265223,86.57000000,0.50000000,87.41
1749265223,86.56000000,0.05800000,87.41
1749265223,86.55000000,1.24100000,87.41
1749265223,86.54000000,34.72500000,87.41
1749265223,86.53000000,0.31300000,87.41
1749265223,86.52000000,5.89800000,87.41
1749265223,86.51000000,5.60500000,87.41
1749265223,86.50000000,75.03300000,87.41
1749265223,86.49000000,0.29400000,87.41
1749265223,86.48000000,15.27000000,87.41
1749265223,86.47000000,0.60300000,87.41
1749265223,86.46000000,24.02800000,87.41
1749265223,86.45000000,11.95500000,87.41
1749265223,86.44000000,2.86400000,87.41
1749265223,86.43000000,2.92300000,87.41
1749265223,86.42000000,1.06500000,87.41
1749265525,87.58000000,47.07700000,87.58
1749265525,87.57000000,119.32500000,87.58
1749265525,87.56000000,177.58100000,87.58
1749265525,87.55000000,203.78800000,87.58
1749265525,87.54000000,131.58000000,87.58
1749265525,87.53000000,243.63600000,87.58
1749265525,87.52000000,52.49500000,87.58
1749265525,87.51000000,252.82800000,87.58
1749265525,87.50000000,383.59700000,87.58
1749265525,87.49000000,227.53800000,87.58
1749265525,87.48000000,195.42600000,87.58
1749265525,87.47000000,167.32700000,87.58
1749265525,87.46000000,148.00200000,87.58
1749265525,87.45000000,119.36900000,87.58
1749265525,87.44000000,21.41600000,87.58
1749265525,87.43000000,39.65900000,87.58
1749265525,87.42000000,12.21600000,87.58
1749265525,87.41000000,28.89800000,87.58
1749265525,87.40000000,52.97700000,87.58
1749265525,87.39000000,88.85000000,87.58
1749265525,87.38000000,183.37800000,87.58
1749265525,87.37000000,0.11500000,87.58
1749265525,87.36000000,112.44400000,87.58
1749265525,87.35000000,61.52600000,87.58
1749265525,87.34000000,97.61600000,87.58
1749265525,87.33000000,46.59800000,87.58
1749265525,87.32000000,17.06500000,87.58
1749265525,87.31000000,131.18000000,87.58
1749265525,87.30000000,42.58600000,87.58
1749265525,87.29000000,23.68400000,87.58
1749265525,87.28000000,29.17000000,87.58
1749265525,87.27000000,13.50200000,87.58
1749265525,87.26000000,44.68700000,87.58
1749265525,87.25000000,26.17900000,87.58
1749265525,87.24000000,296.06300000,87.58
1749265525,87.23000000,36.98900000,87.58
1749265525,87.22000000,33.30100000,87.58
1749265525,87.21000000,14.55600000,87.58
1749265525,87.20000000,87.03600000,87.58
1749265525,87.19000000,1.35200000,87.58
1749265525,87.18000000,174.61000000,87.58
1749265525,87.17000000,1.26700000,87.58
1749265525,87.16000000,37.29000000,87.58
1749265525,87.15000000,469.73900000,87.58
1749265525,87.14000000,12.33000000,87.58
1749265525,87.13000000,12.26500000,87.58
1749265525,87.12000000,52.99000000,87.58
1749265525,87.11000000,33.00600000,87.58
1749265525,87.10000000,38.37100000,87.58
1749265525,87.09000000,17.42400000,87.58
1749265525,87.08000000,14.64900000,87.58
1749265525,87.07000000,652.48400000,87.58
1749265525,87.06000000,42.46900000,87.58
1749265525,87.05000000,14.51300000,87.58
1749265525,87.04000000,13.03800000,87.58
1749265525,87.03000000,17.11200000,87.58
1749265525,87.02000000,53.82500000,87.58
1749265525,87.01000000,146.46000000,87.58
1749265525,87.00000000,14.13700000,87.58
1749265525,86.99000000,13.62100000,87.58
1749265525,86.98000000,49.45700000,87.58
1749265525,86.97000000,23.62800000,87.58
1749265525,86.96000000,20.41000000,87.58
1749265525,86.95000000,0.42400000,87.58
1749265525,86.94000000,0.27200000,87.58
1749265525,86.93000000,62.51400000,87.58
1749265525,86.92000000,5.91300000,87.58
1749265525,86.91000000,36.77300000,87.58
1749265525,86.90000000,0.18500000,87.58
1749265525,86.89000000,115.22000000,87.58
1749265525,86.88000000,763.48000000,87.58
1749265525,86.87000000,0.49100000,87.58
1749265525,86.86000000,0.34900000,87.58
1749265525,86.85000000,0.51000000,87.58
1749265525,86.84000000,23.57500000,87.58
1749265525,86.83000000,0.67700000,87.58
1749265525,86.82000000,14.45600000,87.58
1749265525,86.81000000,20.44200000,87.58
1749265525,86.80000000,24.50400000,87.58
1749265525,86.79000000,0.26300000,87.58
1749265525,86.78000000,0.43800000,87.58
1749265525,86.77000000,0.37000000,87.58
1749265525,86.76000000,23.74600000,87.58
1749265525,86.75000000,1.26900000,87.58
1749265525,86.74000000,0.22800000,87.58
1749265525,86.73000000,11.70300000,87.58
1749265525,86.72000000,0.15300000,87.58
1749265525,86.71000000,23.27700000,87.58
1749265525,86.70000000,0.54500000,87.58
1749265525,86.69000000,0.22200000,87.58
1749265525,86.67000000,23.27700000,87.58
1749265525,86.66000000,116.02900000,87.58
1749265525,86.65000000,568.66300000,87.58
1749265525,86.64000000,11.91100000,87.58
1749265525,86.63000000,23.27700000,87.58
1749265525,86.62000000,1.40500000,87.58
1749265525,86.61000000,0.29800000,87.58
1749265525,86.60000000,0.70800000,87.58
1749265525,86.59000000,0.08600000,87.58
1749265525,86.58000000,23.19000000,87.58
1749265826,87.77000000,75.94000000,87.78
1749265826,87.76000000,103.58100000,87.78
1749265826,87.75000000,237.16200000,87.78
1749265826,87.74000000,135.61400000,87.78
1749265826,87.73000000,69.83000000,87.78
1749265826,87.72000000,154.29000000,87.78
1749265826,87.71000000,192.86300000,87.78
1749265826,87.70000000,126.87900000,87.78
1749265826,87.69000000,82.90300000,87.78
1749265826,87.68000000,117.96100000,87.78
1749265826,87.67000000,286.70600000,87.78
1749265826,87.66000000,17.76600000,87.78
1749265826,87.65000000,75.83900000,87.78
1749265826,87.64000000,7.72100000,87.78
1749265826,87.63000000,41.82900000,87.78
1749265826,87.62000000,79.56700000,87.78
1749265826,87.61000000,115.77600000,87.78
1749265826,87.60000000,60.66000000,87.78
1749265826,87.59000000,115.90500000,87.78
1749265826,87.58000000,190.08400000,87.78
1749265826,87.57000000,46.39900000,87.78
1749265826,87.56000000,31.56100000,87.78
1749265826,87.55000000,90.91500000,87.78
1749265826,87.54000000,55.65800000,87.78
1749265826,87.53000000,80.71300000,87.78
1749265826,87.52000000,13.52800000,87.78
1749265826,87.51000000,0.20100000,87.78
1749265826,87.50000000,55.24200000,87.78
1749265826,87.49000000,14.02900000,87.78
1749265826,87.48000000,12.86300000,87.78
1749265826,87.47000000,54.18400000,87.78
1749265826,87.46000000,18.06200000,87.78
1749265826,87.45000000,23.30500000,87.78
1749265826,87.44000000,1.37900000,87.78
1749265826,87.43000000,12.35100000,87.78
1749265826,87.42000000,6.04000000,87.78
1749265826,87.41000000,15.17800000,87.78
1749265826,87.40000000,23.36900000,87.78
1749265826,87.39000000,6.72000000,87.78
1749265826,87.38000000,325.62600000,87.78
1749265826,87.37000000,0.11500000,87.78
1749265826,87.36000000,35.24400000,87.78
1749265826,87.35000000,134.85000000,87.78
1749265826,87.34000000,29.10200000,87.78
1749265826,87.33000000,498.82500000,87.78
1749265826,87.32000000,20.64300000,87.78
1749265826,87.31000000,129.42300000,87.78
1749265826,87.30000000,42.58600000,87.78
1749265826,87.29000000,23.91000000,87.78
1749265826,87.28000000,29.64900000,87.78
1749265826,87.27000000,50.51200000,87.78
1749265826,87.26000000,44.75400000,87.78
1749265826,87.25000000,45.32200000,87.78
1749265826,87.24000000,13.36200000,87.78
1749265826,87.23000000,24.09000000,87.78
1749265826,87.22000000,33.72000000,87.78
1749265826,87.21000000,14.63000000,87.78
1749265826,87.20000000,57.50800000,87.78
1749265826,87.19000000,586.12600000,87.78
1749265826,87.18000000,202.73800000,87.78
1749265826,87.17000000,31.26700000,87.78
1749265826,87.16000000,29.26600000,87.78
1749265826,87.15000000,12.62300000,87.78
1749265826,87.14000000,12.33000000,87.78
1749265826,87.13000000,12.26500000,87.78
1749265826,87.12000000,12.53800000,87.78
1749265826,87.11000000,69.73900000,87.78
1749265826,87.10000000,37.21900000,87.78
1749265826,87.09000000,12.59800000,87.78
1749265826,87.08000000,12.35000000,87.78
1749265826,87.07000000,12.42700000,87.78
1749265826,87.06000000,150.31800000,87.78
1749265826,87.05000000,726.34500000,87.78
1749265826,87.04000000,12.32300000,87.78
1749265826,87.03000000,14.66400000,87.78
1749265826,87.02000000,46.87300000,87.78
1749265826,87.01000000,0.14900000,87.78
1749265826,87.00000000,1.80700000,87.78
1749265826,86.99000000,0.20800000,87.78
1749265826,86.98000000,13.80200000,87.78
1749265826,86.97000000,23.51200000,87.78
1749265826,86.96000000,0.58300000,87.78
1749265826,86.95000000,0.30800000,87.78
1749265826,86.94000000,0.09200000,87.78
1749265826,86.93000000,23.38500000,87.78
1749265826,86.92000000,0.06500000,87.78
1749265826,86.91000000,11.50600000,87.78
1749265826,86.90000000,0.06900000,87.78
1749265826,86.89000000,15.08200000,87.78
1749265826,86.88000000,24.62700000,87.78
1749265826,86.87000000,0.37600000,87.78
1749265826,86.86000000,0.23400000,87.78
1749265826,86.85000000,4.70100000,87.78
1749265826,86.84000000,23.46000000,87.78
1749265826,86.83000000,0.56200000,87.78
1749265826,86.82000000,14.45600000,87.78
1749265826,86.81000000,20.44200000,87.78
1749265826,86.80000000,24.50400000,87.78
1749265826,86.79000000,1.74500000,87.78
1749265826,86.78000000,0.43800000,87.78
1749266128,87.88000000,87.62300000,87.88
1749266128,87.87000000,98.52500000,87.88
1749266128,87.86000000,139.48200000,87.88
1749266128,87.85000000,177.64000000,87.88
1749266128,87.84000000,292.84300000,87.88
1749266128,87.83000000,168.88300000,87.88
1749266128,87.82000000,214.42500000,87.88
1749266128,87.81000000,227.37200000,87.88
1749266128,87.80000000,63.76900000,87.88
1749266128,87.79000000,116.34800000,87.88
1749266128,87.78000000,100.41700000,87.88
1749266128,87.77000000,154.52400000,87.88
1749266128,87.76000000,123.55800000,87.88
1749266128,87.75000000,72.81800000,87.88
1749266128,87.74000000,71.49300000,87.88
1749266128,87.73000000,242.80100000,87.88
1749266128,87.72000000,67.03800000,87.88
1749266128,87.71000000,156.03900000,87.88
1749266128,87.70000000,37.94200000,87.88
1749266128,87.69000000,7.59700000,87.88
1749266128,87.68000000,33.83600000,87.88
1749266128,87.67000000,121.94600000,87.88
1749266128,87.66000000,60.42600000,87.88
1749266128,87.65000000,18.17900000,87.88
1749266128,87.64000000,1.31900000,87.88
1749266128,87.63000000,313.15100000,87.88
1749266128,87.62000000,14.08700000,87.88
1749266128,87.61000000,1.31900000,87.88
1749266128,87.60000000,41.83400000,87.88
1749266128,87.59000000,42.54200000,87.88
1749266128,87.58000000,14.34500000,87.88
1749266128,87.57000000,20.67200000,87.88
1749266128,87.56000000,26.23600000,87.88
1749266128,87.55000000,19.37500000,87.88
1749266128,87.54000000,49.52100000,87.88
1749266128,87.53000000,12.48200000,87.88
1749266128,87.52000000,605.76500000,87.88
1749266128,87.51000000,0.36500000,87.88
1749266128,87.50000000,51.29000000,87.88
1749266128,87.49000000,28.19600000,87.88
1749266128,87.48000000,13.90200000,87.88
1749266128,87.47000000,43.77400000,87.88
1749266128,87.46000000,35.85400000,87.88
1749266128,87.45000000,607.80600000,87.88
1749266128,87.44000000,1.50200000,87.88
1749266128,87.43000000,12.88100000,87.88
1749266128,87.42000000,61.87700000,87.88
1749266128,87.41000000,15.17800000,87.88
1749266128,87.40000000,23.36900000,87.88
1749266128,87.39000000,731.99000000,87.88
1749266128,87.38000000,41.89200000,87.88
1749266128,87.37000000,22.89600000,87.88
1749266128,87.36000000,12.78400000,87.88
1749266128,87.35000000,132.79700000,87.88
1749266128,87.34000000,24.44800000,87.88
1749266128,87.33000000,30.59100000,87.88
1749266128,87.32000000,14.66200000,87.88
1749266128,87.31000000,0.20100000,87.88
1749266128,87.30000000,35.76500000,87.88
1749266128,87.29000000,25.05300000,87.88
1749266128,87.28000000,34.68400000,87.88
1749266128,87.27000000,30.20000000,87.88
1749266128,87.26000000,23.43200000,87.88
1749266128,87.25000000,0.39400000,87.88
1749266128,87.24000000,1.14700000,87.88
1749266128,87.23000000,0.43400000,87.88
1749266128,87.22000000,21.21300000,87.88
1749266128,87.21000000,0.34800000,87.88
1749266128,87.20000000,45.75700000,87.88
1749266128,87.19000000,0.91400000,87.88
1749266128,87.18000000,0.47300000,87.88
1749266128,87.17000000,10.23800000,87.88
1749266128,87.16000000,23.46800000,87.88
1749266128,87.15000000,0.47200000,87.88
1749266128,87.14000000,0.17900000,87.88
1749266128,87.13000000,0.11400000,87.88
1749266128,87.12000000,23.15900000,87.88
1749266128,87.11000000,13.64000000,87.88
1749266128,87.10000000,23.19000000,87.88
1749266128,87.09000000,0.39700000,87.88
1749266128,87.08000000,0.08500000,87.88
1749266128,87.07000000,0.16200000,87.88
1749266128,87.06000000,23.19000000,87.88
1749266128,87.05000000,1.30500000,87.88
1749266128,87.04000000,0.05800000,87.88
1749266128,87.03000000,0.70700000,87.88
1749266128,87.02000000,34.76200000,87.88
1749266128,87.01000000,0.14900000,87.88
1749266128,87.00000000,5.33700000,87.88
1749266128,86.99000000,2.40800000,87.88
1749266128,86.98000000,3.65600000,87.88
1749266128,86.97000000,23.51200000,87.88
1749266128,86.96000000,115.22200000,87.88
1749266128,86.95000000,231.23700000,87.88
1749266128,86.94000000,560.92300000,87.88
1749266128,86.93000000,24.63900000,87.88
1749266128,86.92000000,0.06500000,87.88
1749266128,86.91000000,11.50600000,87.88
1749266128,86.90000000,0.06900000,87.88
1749266128,86.89000000,15.08200000,87.88
1749266430,87.74000000,56.31900000,87.75
1749266430,87.73000000,95.10900000,87.75
1749266430,87.72000000,115.11000000,87.75
1749266430,87.71000000,75.65400000,87.75
1749266430,87.70000000,260.94000000,87.75
1749266430,87.69000000,150.15900000,87.75
1749266430,87.68000000,223.83900000,87.75
1749266430,87.67000000,270.85700000,87.75
1749266430,87.66000000,178.21000000,87.75
1749266430,87.65000000,87.80800000,87.75
1749266430,87.64000000,103.30500000,87.75
1749266430,87.63000000,177.44500000,87.75
1749266430,87.62000000,46.76300000,87.75
1749266430,87.61000000,51.12500000,87.75
1749266430,87.60000000,48.75100000,87.75
1749266430,87.59000000,56.56600000,87.75
1749266430,87.58000000,162.23100000,87.75
1749266430,87.57000000,327.07200000,87.75
1749266430,87.56000000,49.31500000,87.75
1749266430,87.55000000,61.99600000,87.75
1749266430,87.54000000,54.07500000,87.75
1749266430,87.53000000,33.44100000,87.75
1749266430,87.52000000,223.38800000,87.75
1749266430,87.51000000,12.57300000,87.75
1749266430,87.50000000,103.28200000,87.75
1749266430,87.49000000,32.01800000,87.75
1749266430,87.48000000,13.96100000,87.75
1749266430,87.47000000,491.88800000,87.75
1749266430,87.46000000,21.56100000,87.75
1749266430,87.45000000,607.80600000,87.75
1749266430,87.44000000,13.65200000,87.75
1749266430,87.43000000,12.88100000,87.75
1749266430,87.42000000,20.95000000,87.75
1749266430,87.41000000,27.32800000,87.75
1749266430,87.40000000,35.51900000,87.75
1749266430,87.39000000,727.22100000,87.75
1749266430,87.38000000,33.06800000,87.75
1749266430,87.37000000,22.88500000,87.75
1749266430,87.36000000,12.78400000,87.75
1749266430,87.35000000,144.94700000,87.75
1749266430,87.34000000,60.08800000,87.75
1749266430,87.33000000,29.49100000,87.75
1749266430,87.32000000,1.41200000,87.75
1749266430,87.31000000,2.51800000,87.75
1749266430,87.30000000,29.41200000,87.75
1749266430,87.29000000,12.90300000,87.75
1749266430,87.28000000,0.65200000,87.75
1749266430,87.27000000,71.32300000,87.75
1749266430,87.26000000,25.82300000,87.75
1749266430,87.25000000,19.12200000,87.75
1749266430,87.24000000,1.21100000,87.75
1749266430,87.23000000,23.25200000,87.75
1749266430,87.22000000,23.31200000,87.75
1749266430,87.21000000,0.34800000,87.75
1749266430,87.20000000,55.88000000,87.75
1749266430,87.19000000,1.34400000,87.75
1749266430,87.18000000,0.53700000,87.75
1749266430,87.17000000,0.11400000,87.75
1749266430,87.16000000,24.61200000,87.75
1749266430,87.15000000,0.47200000,87.75
1749266430,87.14000000,0.17900000,87.75
1749266430,87.13000000,35.40800000,87.75
1749266430,87.12000000,53.27300000,87.75
1749266430,87.11000000,13.75400000,87.75
1749266430,87.10000000,23.30400000,87.75
1749266430,87.09000000,135.09300000,87.75
1749266430,87.08000000,5.01700000,87.75
1749266430,87.07000000,0.27600000,87.75
1749266430,87.06000000,23.30400000,87.75
1749266430,87.05000000,0.27300000,87.75
1749266430,87.04000000,0.17200000,87.75
1749266430,87.03000000,0.82100000,87.75
1749266430,87.02000000,34.87600000,87.75
1749266430,87.01000000,0.26300000,87.75
1749266430,87.00000000,5.45100000,87.75
1749266430,86.99000000,2.52200000,87.75
1749266430,86.98000000,3.65600000,87.75
1749266430,86.97000000,23.51200000,87.75
1749266430,86.96000000,0.58300000,87.75
1749266430,86.95000000,114.92100000,87.75
1749266430,86.94000000,560.92300000,87.75
1749266430,86.93000000,24.63900000,87.75
1749266430,86.92000000,0.06500000,87.75
1749266430,86.91000000,11.50600000,87.75
1749266430,86.90000000,0.06900000,87.75
1749266430,86.89000000,15.08200000,87.75
1749266430,86.88000000,1.43700000,87.75
1749266430,86.87000000,32.55700000,87.75
1749266430,86.86000000,12.22400000,87.75
1749266430,86.85000000,39.26000000,87.75
1749266430,86.84000000,1.75100000,87.75
1749266430,86.83000000,0.56200000,87.75
1749266430,86.82000000,14.45600000,87.75
1749266430,86.81000000,20.44200000,87.75
1749266430,86.80000000,1.31400000,87.75
1749266430,86.79000000,0.26300000,87.75
1749266430,86.78000000,0.43800000,87.75
1749266430,86.77000000,0.47100000,87.75
1749266430,86.76000000,0.84300000,87.75
1749266430,86.75000000,1.41500000,87.75
1749266731,87.83000000,5.77200000,87.84
1749266731,87.82000000,40.91100000,87.84
1749266731,87.81000000,86.32000000,87.84
1749266731,87.80000000,270.19900000,87.84
1749266731,87.79000000,213.88400000,87.84
1749266731,87.78000000,326.46900000,87.84
1749266731,87.77000000,158.01300000,87.84
1749266731,87.76000000,37.30600000,87.84
1749266731,87.75000000,98.21200000,87.84
1749266731,87.74000000,176.52800000,87.84
1749266731,87.73000000,35.51900000,87.84
1749266731,87.72000000,70.37000000,87.84
1749266731,87.71000000,98.10500000,87.84
1749266731,87.70000000,44.27500000,87.84
1749266731,87.69000000,92.05600000,87.84
1749266731,87.68000000,245.30300000,87.84
1749266731,87.67000000,168.65500000,87.84
1749266731,87.66000000,97.62300000,87.84
1749266731,87.65000000,28.88300000,87.84
1749266731,87.64000000,54.94700000,87.84
1749266731,87.63000000,41.56700000,87.84
1749266731,87.62000000,167.66000000,87.84
1749266731,87.61000000,78.10900000,87.84
1749266731,87.60000000,42.18100000,87.84
1749266731,87.59000000,64.44700000,87.84
1749266731,87.58000000,20.78900000,87.84
1749266731,87.57000000,313.76100000,87.84
1749266731,87.56000000,26.23600000,87.84
1749266731,87.55000000,19.43300000,87.84
1749266731,87.54000000,50.01700000,87.84
1749266731,87.53000000,12.48200000,87.84
1749266731,87.52000000,147.23700000,87.84
1749266731,87.51000000,12.51500000,87.84
1749266731,87.50000000,46.73300000,87.84
1749266731,87.49000000,54.74000000,87.84
1749266731,87.48000000,25.32100000,87.84
1749266731,87.47000000,491.83000000,87.84
1749266731,87.46000000,18.06200000,87.84
1749266731,87.45000000,625.42100000,87.84
1749266731,87.44000000,4.52800000,87.84
1749266731,87.43000000,0.73100000,87.84
1749266731,87.42000000,8.64000000,87.84
1749266731,87.41000000,24.49200000,87.84
1749266731,87.40000000,23.36900000,87.84
1749266731,87.39000000,781.93400000,87.84
1749266731,87.38000000,20.91800000,87.84
1749266731,87.37000000,0.11500000,87.84
1749266731,87.36000000,23.41800000,87.84
1749266731,87.35000000,151.82900000,87.84
1749266731,87.34000000,24.44800000,87.84
1749266731,87.33000000,29.49100000,87.84
1749266731,87.32000000,1.41200000,87.84
1749266731,87.31000000,0.20100000,87.84
1749266731,87.30000000,29.41200000,87.84
1749266731,87.29000000,12.90300000,87.84
1749266731,87.28000000,0.65200000,87.84
1749266731,87.27000000,14.40300000,87.84
1749266731,87.26000000,23.43200000,87.84
1749266731,87.25000000,1.53800000,87.84
1749266731,87.24000000,65.38100000,87.84
1749266731,87.23000000,0.43400000,87.84
1749266731,87.22000000,22.16800000,87.84
1749266731,87.21000000,0.34800000,87.84
1749266731,87.20000000,45.75700000,87.84
1749266731,87.19000000,0.20000000,87.84
1749266731,87.18000000,0.47300000,87.84
1749266731,87.17000000,4.94000000,87.84
1749266731,87.16000000,23.46800000,87.84
1749266731,87.15000000,0.47200000,87.84
1749266731,87.14000000,0.17900000,87.84
1749266731,87.13000000,0.11400000,87.84
1749266731,87.12000000,23.27300000,87.84
1749266731,87.11000000,13.75400000,87.84
1749266731,87.10000000,23.30400000,87.84
1749266731,87.09000000,0.51100000,87.84
1749266731,87.08000000,0.19900000,87.84
1749266731,87.07000000,0.16200000,87.84
1749266731,87.06000000,33.33200000,87.84
1749266731,87.05000000,0.15900000,87.84
1749266731,87.04000000,0.05800000,87.84
1749266731,87.03000000,0.70700000,87.84
1749266731,87.02000000,34.76200000,87.84
1749266731,87.01000000,0.14900000,87.84
1749266731,87.00000000,5.33700000,87.84
1749266731,86.99000000,2.40800000,87.84
1749266731,86.98000000,3.65600000,87.84
1749266731,86.97000000,23.51200000,87.84
1749266731,86.96000000,0.58300000,87.84
1749266731,86.95000000,114.92100000,87.84
1749266731,86.94000000,560.92300000,87.84
1749266731,86.93000000,24.63900000,87.84
1749266731,86.92000000,0.06500000,87.84
1749266731,86.91000000,11.50600000,87.84
1749266731,86.90000000,0.06900000,87.84
1749266731,86.89000000,15.08200000,87.84
1749266731,86.88000000,1.43700000,87.84
1749266731,86.87000000,32.55700000,87.84
1749266731,86.86000000,12.22400000,87.84
1749266731,86.85000000,39.26000000,87.84
1749266731,86.84000000,0.27000000,87.84
1749267033,87.80000000,7.13200000,87.8
1749267033,87.79000000,63.16900000,87.8
1749267033,87.78000000,157.14600000,87.8
1749267033,87.77000000,190.50200000,87.8
1749267033,87.76000000,121.00800000,87.8
1749267033,87.75000000,119.92600000,87.8
1749267033,87.74000000,222.37900000,87.8
1749267033,87.73000000,78.83600000,87.8
1749267033,87.72000000,155.00300000,87.8
1749267033,87.71000000,183.48400000,87.8
1749267033,87.70000000,119.00800000,87.8
1749267033,87.69000000,122.09600000,87.8
1749267033,87.68000000,197.32600000,87.8
1749267033,87.67000000,185.10000000,87.8
1749267033,87.66000000,38.24700000,87.8
1749267033,87.65000000,23.89200000,87.8
1749267033,87.64000000,53.13500000,87.8
1749267033,87.63000000,93.11200000,87.8
1749267033,87.62000000,183.52800000,87.8
1749267033,87.61000000,58.06200000,87.8
1749267033,87.60000000,86.25000000,87.8
1749267033,87.59000000,60.13500000,87.8
1749267033,87.58000000,20.85200000,87.8
1749267033,87.57000000,382.08700000,87.8
1749267033,87.56000000,26.23600000,87.8
1749267033,87.55000000,78.43400000,87.8
1749267033,87.54000000,50.07500000,87.8
1749267033,87.53000000,12.54000000,87.8
1749267033,87.52000000,147.29500000,87.8
1749267033,87.51000000,12.57300000,87.8
1749267033,87.50000000,45.59100000,87.8
1749267033,87.49000000,26.17900000,87.8
1749267033,87.48000000,25.32100000,87.8
1749267033,87.47000000,491.83000000,87.8
1749267033,87.46000000,18.06200000,87.8
1749267033,87.45000000,607.80600000,87.8
1749267033,87.44000000,16.67800000,87.8
1749267033,87.43000000,12.88100000,87.8
1749267033,87.42000000,8.64000000,87.8
1749267033,87.41000000,24.49200000,87.8
1749267033,87.40000000,23.36900000,87.8
1749267033,87.39000000,749.05200000,87.8
1749267033,87.38000000,20.91800000,87.8
1749267033,87.37000000,0.11500000,87.8
1749267033,87.36000000,0.63400000,87.8
1749267033,87.35000000,151.82900000,87.8
1749267033,87.34000000,42.08200000,87.8
1749267033,87.33000000,29.49100000,87.8
1749267033,87.32000000,1.41200000,87.8
1749267033,87.31000000,22.99800000,87.8
1749267033,87.30000000,29.41200000,87.8
1749267033,87.29000000,68.67500000,87.8
1749267033,87.28000000,0.65200000,87.8
1749267033,87.27000000,14.40300000,87.8
1749267033,87.26000000,23.43200000,87.8
1749267033,87.25000000,1.53800000,87.8
1749267033,87.24000000,1.21100000,87.8
1749267033,87.23000000,0.43400000,87.8
1749267033,87.22000000,23.31200000,87.8
1749267033,87.21000000,0.34800000,87.8
1749267033,87.20000000,75.75700000,87.8
1749267033,87.19000000,1.34400000,87.8
1749267033,87.18000000,0.53700000,87.8
1749267033,87.17000000,0.11400000,87.8
1749267033,87.16000000,58.78300000,87.8
1749267033,87.15000000,0.47200000,87.8
1749267033,87.14000000,4.99900000,87.8
1749267033,87.13000000,0.11400000,87.8
1749267033,87.12000000,23.27300000,87.8
1749267033,87.11000000,13.75400000,87.8
1749267033,87.10000000,23.30400000,87.8
1749267033,87.09000000,0.51100000,87.8
1749267033,87.08000000,0.19900000,87.8
1749267033,87.07000000,0.27600000,87.8
1749267033,87.06000000,33.44600000,87.8
1749267033,87.05000000,0.27300000,87.8
1749267033,87.04000000,0.05800000,87.8
1749267033,87.03000000,0.70700000,87.8
1749267033,87.02000000,34.76200000,87.8
1749267033,87.01000000,0.14900000,87.8
1749267033,87.00000000,75.75700000,87.8
1749267033,86.99000000,2.40800000,87.8
1749267033,86.98000000,3.65600000,87.8
1749267033,86.97000000,23.51200000,87.8
1749267033,86.96000000,0.58300000,87.8
1749267033,86.95000000,114.92100000,87.8
1749267033,86.94000000,560.92300000,87.8
1749267033,86.93000000,24.63900000,87.8
1749267033,86.92000000,0.06500000,87.8
1749267033,86.91000000,11.50600000,87.8
1749267033,86.90000000,0.06900000,87.8
1749267033,86.89000000,16.56300000,87.8
1749267033,86.88000000,1.43700000,87.8
1749267033,86.87000000,32.55700000,87.8
1749267033,86.86000000,12.22400000,87.8
1749267033,86.85000000,39.26000000,87.8
1749267033,86.84000000,0.27000000,87.8
1749267033,86.83000000,0.56200000,87.8
1749267033,86.82000000,14.45600000,87.8
1749267033,86.81000000,20.44200000,87.8
1749267334,87.75000000,107.53700000,87.76
1749267334,87.74000000,70.51300000,87.76
1749267334,87.73000000,92.74600000,87.76
1749267334,87.72000000,143.86300000,87.76
1749267334,87.71000000,132.37400000,87.76
1749267334,87.70000000,115.42100000,87.76
1749267334,87.69000000,123.98000000,87.76
1749267334,87.68000000,151.50900000,87.76
1749267334,87.67000000,154.78700000,87.76
1749267334,87.66000000,113.12800000,87.76
1749267334,87.65000000,81.30600000,87.76
1749267334,87.64000000,307.29200000,87.76
1749267334,87.63000000,118.71800000,87.76
1749267334,87.62000000,117.46800000,87.76
1749267334,87.61000000,86.66800000,87.76
1749267334,87.60000000,211.65300000,87.76
1749267334,87.59000000,71.53500000,87.76
1749267334,87.58000000,78.62200000,87.76
1749267334,87.57000000,184.82700000,87.76
1749267334,87.56000000,66.43000000,87.76
1749267334,87.55000000,70.51700000,87.76
1749267334,87.54000000,54.41400000,87.76
1749267334,87.53000000,37.13300000,87.76
1749267334,87.52000000,88.38700000,87.76
1749267334,87.51000000,71.61300000,87.76
1749267334,87.50000000,326.83900000,87.76
1749267334,87.49000000,26.23700000,87.76
1749267334,87.48000000,25.37900000,87.76
1749267334,87.47000000,491.88800000,87.76
1749267334,87.46000000,18.06200000,87.76
1749267334,87.45000000,607.80600000,87.76
1749267334,87.44000000,13.65200000,87.76
1749267334,87.43000000,12.88100000,87.76
1749267334,87.42000000,18.40300000,87.76
1749267334,87.41000000,27.32800000,87.76
1749267334,87.40000000,35.51900000,87.76
1749267334,87.39000000,1.15000000,87.76
1749267334,87.38000000,30.63000000,87.76
1749267334,87.37000000,158.32300000,87.76
1749267334,87.36000000,0.63400000,87.76
1749267334,87.35000000,144.94700000,87.76
1749267334,87.34000000,44.86800000,87.76
1749267334,87.33000000,67.98800000,87.76
1749267334,87.32000000,1.41200000,87.76
1749267334,87.31000000,14.66800000,87.76
1749267334,87.30000000,29.41200000,87.76
1749267334,87.29000000,12.90300000,87.76
1749267334,87.28000000,23.45600000,87.76
1749267334,87.27000000,14.40300000,87.76
1749267334,87.26000000,749.50300000,87.76
1749267334,87.25000000,57.35000000,87.76
1749267334,87.24000000,25.13100000,87.76
1749267334,87.23000000,18.37900000,87.76
1749267334,87.22000000,23.31200000,87.76
1749267334,87.21000000,0.34800000,87.76
1749267334,87.20000000,45.75700000,87.76
1749267334,87.19000000,1.34400000,87.76
1749267334,87.18000000,0.53700000,87.76
1749267334,87.17000000,0.82800000,87.76
1749267334,87.16000000,24.61300000,87.76
1749267334,87.15000000,0.47200000,87.76
1749267334,87.14000000,7.12100000,87.76
1749267334,87.13000000,30.11400000,87.76
1749267334,87.12000000,23.33700000,87.76
1749267334,87.11000000,13.75400000,87.76
1749267334,87.10000000,23.30400000,87.76
1749267334,87.09000000,5.32200000,87.76
1749267334,87.08000000,34.38900000,87.76
1749267334,87.07000000,134.11000000,87.76
1749267334,87.06000000,33.44600000,87.76
1749267334,87.05000000,0.27300000,87.76
1749267334,87.04000000,0.17200000,87.76
1749267334,87.03000000,0.82100000,87.76
1749267334,87.02000000,34.87600000,87.76
1749267334,87.01000000,0.26400000,87.76
1749267334,87.00000000,75.87200000,87.76
1749267334,86.99000000,2.40800000,87.76
1749267334,86.98000000,3.65600000,87.76
1749267334,86.97000000,23.51200000,87.76
1749267334,86.96000000,0.58300000,87.76
1749267334,86.95000000,114.92100000,87.76
1749267334,86.94000000,560.92300000,87.76
1749267334,86.93000000,24.63900000,87.76
1749267334,86.92000000,0.06500000,87.76
1749267334,86.91000000,11.50600000,87.76
1749267334,86.90000000,0.06900000,87.76
1749267334,86.89000000,15.08200000,87.76
1749267334,86.88000000,1.43700000,87.76
1749267334,86.87000000,0.49600000,87.76
1749267334,86.86000000,13.70500000,87.76
1749267334,86.85000000,39.26000000,87.76
1749267334,86.84000000,0.27000000,87.76
1749267334,86.83000000,0.56200000,87.76
1749267334,86.82000000,14.45600000,87.76
1749267334,86.81000000,20.44200000,87.76
1749267334,86.80000000,1.43000000,87.76
1749267334,86.79000000,0.26300000,87.76
1749267334,86.78000000,0.43800000,87.76
1749267334,86.77000000,0.47100000,87.76
1749267334,86.76000000,0.84300000,87.76
1749267636,87.80000000,174.84700000,87.8
1749267636,87.79000000,135.26800000,87.8
1749267636,87.78000000,54.73800000,87.8
1749267636,87.77000000,165.05200000,87.8
1749267636,87.76000000,196.97000000,87.8
1749267636,87.75000000,110.15000000,87.8
1749267636,87.74000000,236.53200000,87.8
1749267636,87.73000000,58.64000000,87.8
1749267636,87.72000000,225.88200000,87.8
1749267636,87.71000000,235.81200000,87.8
1749267636,87.70000000,132.63800000,87.8
1749267636,87.69000000,62.67900000,87.8
1749267636,87.68000000,94.78700000,87.8
1749267636,87.67000000,213.42400000,87.8
1749267636,87.66000000,53.24400000,87.8
1749267636,87.65000000,39.60800000,87.8
1749267636,87.64000000,114.52300000,87.8
1749267636,87.63000000,134.00000000,87.8
1749267636,87.62000000,266.10800000,87.8
1749267636,87.61000000,50.99000000,87.8
1749267636,87.60000000,60.36900000,87.8
1749267636,87.59000000,57.15100000,87.8
1749267636,87.58000000,200.41500000,87.8
1749267636,87.57000000,304.29500000,87.8
1749267636,87.56000000,26.23600000,87.8
1749267636,87.55000000,19.43300000,87.8
1749267636,87.54000000,50.07500000,87.8
1749267636,87.53000000,12.54000000,87.8
1749267636,87.52000000,13.58600000,87.8
1749267636,87.51000000,12.51500000,87.8
1749267636,87.50000000,43.04700000,87.8
1749267636,87.49000000,26.17900000,87.8
1749267636,87.48000000,24.37400000,87.8
1749267636,87.47000000,491.83000000,87.8
1749267636,87.46000000,18.06200000,87.8
1749267636,87.45000000,610.35200000,87.8
1749267636,87.44000000,13.65200000,87.8
1749267636,87.43000000,12.88100000,87.8
1749267636,87.42000000,18.40300000,87.8
1749267636,87.41000000,33.04400000,87.8
1749267636,87.40000000,35.51900000,87.8
1749267636,87.39000000,35.14100000,87.8
1749267636,87.38000000,18.48000000,87.8
1749267636,87.37000000,146.17300000,87.8
1749267636,87.36000000,0.63400000,87.8
1749267636,87.35000000,132.79700000,87.8
1749267636,87.34000000,41.89200000,87.8
1749267636,87.33000000,33.04800000,87.8
1749267636,87.32000000,57.14700000,87.8
1749267636,87.31000000,25.31500000,87.8
1749267636,87.30000000,29.41200000,87.8
1749267636,87.29000000,12.90300000,87.8
1749267636,87.28000000,0.65200000,87.8
1749267636,87.27000000,14.40300000,87.8
1749267636,87.26000000,749.50300000,87.8
1749267636,87.25000000,1.53800000,87.8
1749267636,87.24000000,25.13100000,87.8
1749267636,87.23000000,0.43400000,87.8
1749267636,87.22000000,23.31200000,87.8
1749267636,87.21000000,0.34800000,87.8
1749267636,87.20000000,45.75700000,87.8
1749267636,87.19000000,31.34400000,87.8
1749267636,87.18000000,1.53700000,87.8
1749267636,87.17000000,0.82800000,87.8
1749267636,87.16000000,58.80300000,87.8
1749267636,87.15000000,0.47200000,87.8
1749267636,87.14000000,10.79600000,87.8
1749267636,87.13000000,0.11400000,87.8
1749267636,87.12000000,23.33700000,87.8
1749267636,87.11000000,13.75400000,87.8
1749267636,87.10000000,23.30400000,87.8
1749267636,87.09000000,0.51100000,87.8
1749267636,87.08000000,0.19900000,87.8
1749267636,87.07000000,248.74900000,87.8
1749267636,87.06000000,33.44600000,87.8
1749267636,87.05000000,0.27300000,87.8
1749267636,87.04000000,0.05800000,87.8
1749267636,87.03000000,0.70700000,87.8
1749267636,87.02000000,34.76200000,87.8
1749267636,87.01000000,0.14900000,87.8
1749267636,87.00000000,75.75700000,87.8
1749267636,86.99000000,2.40800000,87.8
1749267636,86.98000000,3.65600000,87.8
1749267636,86.97000000,23.51200000,87.8
1749267636,86.96000000,0.58300000,87.8
1749267636,86.95000000,0.28200000,87.8
1749267636,86.94000000,560.92300000,87.8
1749267636,86.93000000,23.50100000,87.8
1749267636,86.92000000,0.06500000,87.8
1749267636,86.91000000,11.50600000,87.8
1749267636,86.90000000,0.06900000,87.8
1749267636,86.89000000,15.08200000,87.8
1749267636,86.88000000,1.43700000,87.8
