timestamp,price,volume,current_price
1749254485,87.32000000,103.21000000,87.33
1749254485,87.31000000,69.88500000,87.33
1749254485,87.30000000,101.35300000,87.33
1749254485,87.29000000,162.00500000,87.33
1749254485,87.28000000,320.48600000,87.33
1749254485,87.27000000,323.85700000,87.33
1749254485,87.26000000,280.51100000,87.33
1749254485,87.25000000,188.27200000,87.33
1749254485,87.24000000,276.17500000,87.33
1749254485,87.23000000,125.87400000,87.33
1749254485,87.22000000,308.71400000,87.33
1749254485,87.21000000,353.92800000,87.33
1749254485,87.20000000,303.24000000,87.33
1749254485,87.19000000,504.53000000,87.33
1749254485,87.18000000,211.44100000,87.33
1749254485,87.17000000,58.97500000,87.33
1749254485,87.16000000,63.99300000,87.33
1749254485,87.15000000,66.93200000,87.33
1749254485,87.14000000,71.89200000,87.33
1749254485,87.13000000,50.09500000,87.33
1749254485,87.12000000,61.32500000,87.33
1749254485,87.11000000,19.95600000,87.33
1749254485,87.10000000,212.23700000,87.33
1749254485,87.09000000,53.52900000,87.33
1749254485,87.08000000,107.45600000,87.33
1749254485,87.07000000,43.25500000,87.33
1749254485,87.06000000,27.68000000,87.33
1749254485,87.05000000,46.98900000,87.33
1749254485,87.04000000,12.41000000,87.33
1749254485,87.03000000,13.86200000,87.33
1749254485,87.02000000,13.41700000,87.33
1749254485,87.01000000,5.91300000,87.33
1749254485,87.00000000,26.56200000,87.33
1749254485,86.99000000,26.59900000,87.33
1749254485,86.98000000,298.88700000,87.33
1749254485,86.97000000,5.91300000,87.33
1749254485,86.96000000,0.43200000,87.33
1749254485,86.95000000,1.26800000,87.33
1749254485,86.94000000,141.02000000,87.33
1749254485,86.93000000,7.06100000,87.33
1749254485,86.92000000,1.35100000,87.33
1749254485,86.91000000,38.08500000,87.33
1749254485,86.90000000,40.45800000,87.33
1749254485,86.89000000,427.77600000,87.33
1749254485,86.88000000,1.98900000,87.33
1749254485,86.87000000,1.55700000,87.33
1749254485,86.86000000,79.82600000,87.33
1749254485,86.85000000,0.51000000,87.33
1749254485,86.84000000,20.18300000,87.33
1749254485,86.83000000,142.85200000,87.33
1749254485,86.82000000,26.69200000,87.33
1749254485,86.81000000,15.07500000,87.33
1749254485,86.80000000,19.94100000,87.33
1749254485,86.79000000,564.44200000,87.33
1749254485,86.78000000,23.57700000,87.33
1749254485,86.77000000,33.58400000,87.33
1749254485,86.76000000,19.95000000,87.33
1749254485,86.75000000,1.30800000,87.33
1749254485,86.74000000,23.53300000,87.33
1749254485,86.73000000,6.19600000,87.33
1749254485,86.72000000,31.50900000,87.33
1749254485,86.71000000,11.53400000,87.33
1749254485,86.70000000,733.48600000,87.33
1749254485,86.69000000,15.40600000,87.33
1749254485,86.68000000,0.31800000,87.33
1749254485,86.67000000,0.11500000,87.33
1749254485,86.66000000,29.73800000,87.33
1749254485,86.65000000,12.61500000,87.33
1749254485,86.64000000,49.07200000,87.33
1749254485,86.63000000,39.86900000,87.33
1749254485,86.62000000,23.47600000,87.33
1749254485,86.61000000,0.41300000,87.33
1749254485,86.60000000,0.91000000,87.33
1749254485,86.59000000,5.91200000,87.33
1749254485,86.58000000,33.96600000,87.33
1749254485,86.57000000,12.03400000,87.33
1749254485,86.56000000,0.14500000,87.33
1749254485,86.55000000,2.44100000,87.33
1749254485,86.54000000,23.19000000,87.33
1749254485,86.53000000,2.46300000,87.33
1749254485,86.52000000,0.21800000,87.33
1749254485,86.51000000,14.43300000,87.33
1749254485,86.50000000,75.03300000,87.33
1749254485,86.49000000,0.29400000,87.33
1749254485,86.48000000,15.35700000,87.33
1749254485,86.47000000,1.24500000,87.33
1749254485,86.46000000,24.02800000,87.33
1749254485,86.45000000,0.53600000,87.33
1749254485,86.44000000,2.95100000,87.33
1749254485,86.43000000,14.25600000,87.33
1749254485,86.42000000,1.06500000,87.33
1749254485,86.41000000,0.14900000,87.33
1749254485,86.40000000,231.71400000,87.33
1749254485,86.39000000,559.41100000,87.33
1749254485,86.38000000,23.54300000,87.33
1749254485,86.37000000,0.34600000,87.33
1749254485,86.36000000,0.55900000,87.33
1749254485,86.35000000,0.18100000,87.33
1749254485,86.34000000,23.42400000,87.33
1749254485,86.33000000,1.79400000,87.33
1749254792,87.29000000,75.52900000,87.29
1749254792,87.28000000,116.87200000,87.29
1749254792,87.27000000,174.51500000,87.29
1749254792,87.26000000,154.49300000,87.29
1749254792,87.25000000,153.86600000,87.29
1749254792,87.24000000,244.48800000,87.29
1749254792,87.23000000,276.29900000,87.29
1749254792,87.22000000,418.56400000,87.29
1749254792,87.21000000,424.04700000,87.29
1749254792,87.20000000,127.55600000,87.29
1749254792,87.19000000,295.76800000,87.29
1749254792,87.18000000,296.90900000,87.29
1749254792,87.17000000,194.38500000,87.29
1749254792,87.16000000,256.73200000,87.29
1749254792,87.15000000,424.36600000,87.29
1749254792,87.14000000,238.36000000,87.29
1749254792,87.13000000,152.90200000,87.29
1749254792,87.12000000,36.88500000,87.29
1749254792,87.11000000,14.15400000,87.29
1749254792,87.10000000,41.10100000,87.29
1749254792,87.09000000,52.01200000,87.29
1749254792,87.08000000,21.72100000,87.29
1749254792,87.07000000,256.58300000,87.29
1749254792,87.06000000,105.38200000,87.29
1749254792,87.05000000,67.14300000,87.29
1749254792,87.04000000,23.81900000,87.29
1749254792,87.03000000,13.94800000,87.29
1749254792,87.02000000,19.58700000,87.29
1749254792,87.01000000,7.06400000,87.29
1749254792,87.00000000,31.92700000,87.29
1749254792,86.99000000,283.90700000,87.29
1749254792,86.98000000,15.18200000,87.29
1749254792,86.97000000,5.91300000,87.29
1749254792,86.96000000,9.49700000,87.29
1749254792,86.95000000,0.20200000,87.29
1749254792,86.94000000,53.85500000,87.29
1749254792,86.93000000,7.06100000,87.29
1749254792,86.92000000,1.26400000,87.29
1749254792,86.91000000,15.26900000,87.29
1749254792,86.90000000,40.45800000,87.29
1749254792,86.89000000,450.69600000,87.29
1749254792,86.88000000,1.61600000,87.29
1749254792,86.87000000,57.91900000,87.29
1749254792,86.86000000,23.53900000,87.29
1749254792,86.85000000,23.42700000,87.29
1749254792,86.84000000,20.09600000,87.29
1749254792,86.83000000,142.93800000,87.29
1749254792,86.82000000,26.40600000,87.29
1749254792,86.81000000,44.40700000,87.29
1749254792,86.80000000,19.85400000,87.29
1749254792,86.79000000,564.52800000,87.29
1749254792,86.78000000,23.57700000,87.29
1749254792,86.77000000,14.39900000,87.29
1749254792,86.76000000,19.80800000,87.29
1749254792,86.75000000,20.58500000,87.29
1749254792,86.74000000,23.53300000,87.29
1749254792,86.73000000,6.19600000,87.29
1749254792,86.72000000,1.42200000,87.29
1749254792,86.71000000,11.62000000,87.29
1749254792,86.70000000,733.20000000,87.29
1749254792,86.69000000,45.40600000,87.29
1749254792,86.68000000,0.23100000,87.29
1749254792,86.67000000,0.20100000,87.29
1749254792,86.66000000,64.08800000,87.29
1749254792,86.65000000,7.85500000,87.29
1749254792,86.64000000,19.34000000,87.29
1749254792,86.63000000,141.58500000,87.29
1749254792,86.62000000,23.47600000,87.29
1749254792,86.61000000,0.41300000,87.29
1749254792,86.60000000,0.82300000,87.29
1749254792,86.59000000,16.50600000,87.29
1749254792,86.58000000,33.96600000,87.29
1749254792,86.57000000,12.03400000,87.29
1749254792,86.56000000,0.17300000,87.29
1749254792,86.55000000,2.64200000,87.29
1749254792,86.54000000,23.30500000,87.29
1749254792,86.53000000,2.46300000,87.29
1749254792,86.52000000,0.13100000,87.29
1749254792,86.51000000,14.51900000,87.29
1749254792,86.50000000,75.03300000,87.29
1749254792,86.49000000,0.29400000,87.29
1749254792,86.48000000,15.27000000,87.29
1749254792,86.47000000,41.15900000,87.29
1749254792,86.46000000,24.02800000,87.29
1749254792,86.45000000,0.53600000,87.29
1749254792,86.44000000,2.86400000,87.29
1749254792,86.43000000,14.34200000,87.29
1749254792,86.42000000,1.06500000,87.29
1749254792,86.41000000,0.14900000,87.29
1749254792,86.40000000,116.12700000,87.29
1749254792,86.39000000,674.91100000,87.29
1749254792,86.38000000,24.69800000,87.29
1749254792,86.37000000,0.34600000,87.29
1749254792,86.36000000,0.47200000,87.29
1749254792,86.35000000,0.18100000,87.29
1749254792,86.34000000,23.42400000,87.29
1749254792,86.33000000,1.79400000,87.29
1749254792,86.32000000,2.47700000,87.29
1749254792,86.31000000,0.32400000,87.29
1749254792,86.30000000,1.22900000,87.29
