timestamp,price,volume,current_price
1749258255,87.30000000,26.33300000,87.31
1749258255,87.29000000,135.15700000,87.31
1749258255,87.28000000,250.65500000,87.31
1749258255,87.27000000,169.25500000,87.31
1749258255,87.26000000,163.77100000,87.31
1749258255,87.25000000,333.44500000,87.31
1749258255,87.24000000,145.11700000,87.31
1749258255,87.23000000,347.87600000,87.31
1749258255,87.22000000,380.67500000,87.31
1749258255,87.21000000,319.06700000,87.31
1749258255,87.20000000,364.96500000,87.31
1749258255,87.19000000,57.53400000,87.31
1749258255,87.18000000,68.21300000,87.31
1749258255,87.17000000,70.80900000,87.31
1749258255,87.16000000,15.99200000,87.31
1749258255,87.15000000,191.14700000,87.31
1749258255,87.14000000,94.87300000,87.31
1749258255,87.13000000,61.33100000,87.31
1749258255,87.12000000,454.40500000,87.31
1749258255,87.11000000,40.91400000,87.31
1749258255,87.10000000,199.41100000,87.31
1749258255,87.09000000,18.06200000,87.31
1749258255,87.08000000,41.18700000,87.31
1749258255,87.07000000,471.31800000,87.31
1749258255,87.06000000,26.52900000,87.31
1749258255,87.05000000,23.95800000,87.31
1749258255,87.04000000,591.12700000,87.31
1749258255,87.03000000,14.49700000,87.31
1749258255,87.02000000,2.40700000,87.31
1749258255,87.01000000,30.72100000,87.31
1749258255,87.00000000,109.97700000,87.31
1749258255,86.99000000,0.20200000,87.31
1749258255,86.98000000,55.93500000,87.31
1749258255,86.97000000,20.35400000,87.31
1749258255,86.96000000,70.36700000,87.31
1749258255,86.95000000,16.08800000,87.31
1749258255,86.94000000,24.80900000,87.31
1749258255,86.93000000,9.36200000,87.31
1749258255,86.92000000,9.30200000,87.31
1749258255,86.91000000,30.26900000,87.31
1749258255,86.90000000,210.76000000,87.31
1749258255,86.89000000,28.90100000,87.31
1749258255,86.88000000,3.04800000,87.31
1749258255,86.87000000,21.70400000,87.31
1749258255,86.86000000,23.53900000,87.31
1749258255,86.85000000,0.51000000,87.31
1749258255,86.84000000,21.24500000,87.31
1749258255,86.83000000,0.67600000,87.31
1749258255,86.82000000,27.84100000,87.31
1749258255,86.81000000,750.98700000,87.31
1749258255,86.80000000,47.76500000,87.31
1749258255,86.79000000,0.37700000,87.31
1749258255,86.78000000,23.57700000,87.31
1749258255,86.77000000,15.54900000,87.31
1749258255,86.76000000,1.02100000,87.31
1749258255,86.75000000,4.98200000,87.31
1749258255,86.74000000,24.25800000,87.31
1749258255,86.73000000,0.39900000,87.31
1749258255,86.72000000,34.55800000,87.31
1749258255,86.71000000,41.62000000,87.31
1749258255,86.70000000,43.48500000,87.31
1749258255,86.69000000,0.33700000,87.31
1749258255,86.68000000,0.23100000,87.31
1749258255,86.67000000,0.20100000,87.31
1749258255,86.66000000,23.94100000,87.31
1749258255,86.65000000,7.85500000,87.31
1749258255,86.64000000,5.36200000,87.31
1749258255,86.63000000,0.20100000,87.31
1749258255,86.62000000,23.47600000,87.31
1749258255,86.61000000,0.41300000,87.31
1749258255,86.60000000,0.82300000,87.31
1749258255,86.59000000,116.37500000,87.31
1749258255,86.58000000,139.74600000,87.31
1749258255,86.57000000,12.03400000,87.31
1749258255,86.56000000,0.17300000,87.31
1749258255,86.55000000,579.52200000,87.31
1749258255,86.54000000,23.30600000,87.31
1749258255,86.53000000,2.46300000,87.31
1749258255,86.52000000,0.13100000,87.31
1749258255,86.51000000,0.60500000,87.31
1749258255,86.50000000,75.03300000,87.31
1749258255,86.49000000,0.29400000,87.31
1749258255,86.48000000,15.27000000,87.31
1749258255,86.47000000,0.60300000,87.31
1749258255,86.46000000,24.02800000,87.31
1749258255,86.45000000,0.66400000,87.31
1749258255,86.44000000,119.49400000,87.31
1749258255,86.43000000,14.34200000,87.31
1749258255,86.42000000,0.84100000,87.31
1749258255,86.41000000,0.14900000,87.31
1749258255,86.40000000,1.64500000,87.31
1749258255,86.39000000,0.41100000,87.31
1749258255,86.38000000,0.35300000,87.31
1749258255,86.37000000,0.34600000,87.31
1749258255,86.36000000,0.47200000,87.31
1749258255,86.35000000,0.26800000,87.31
1749258255,86.34000000,0.23400000,87.31
1749258255,86.33000000,1.79400000,87.31
1749258255,86.32000000,35.35100000,87.31
1749258255,86.31000000,0.41100000,87.31
1749258568,87.18000000,18.89200000,87.18
1749258568,87.17000000,22.35200000,87.18
1749258568,87.16000000,61.58200000,87.18
1749258568,87.15000000,182.07800000,87.18
1749258568,87.14000000,127.87000000,87.18
1749258568,87.13000000,180.55200000,87.18
1749258568,87.12000000,234.14700000,87.18
1749258568,87.11000000,285.35000000,87.18
1749258568,87.10000000,420.00200000,87.18
1749258568,87.09000000,354.75200000,87.18
1749258568,87.08000000,235.45200000,87.18
1749258568,87.07000000,271.84100000,87.18
1749258568,87.06000000,72.86200000,87.18
1749258568,87.05000000,90.96400000,87.18
1749258568,87.04000000,49.20300000,87.18
1749258568,87.03000000,50.01000000,87.18
1749258568,87.02000000,32.80000000,87.18
1749258568,87.01000000,131.20400000,87.18
1749258568,87.00000000,357.82700000,87.18
1749258568,86.99000000,102.83000000,87.18
1749258568,86.98000000,33.06500000,87.18
1749258568,86.97000000,20.35400000,87.18
1749258568,86.96000000,86.92700000,87.18
1749258568,86.95000000,71.98700000,87.18
1749258568,86.94000000,69.54400000,87.18
1749258568,86.93000000,591.40000000,87.18
1749258568,86.92000000,18.03300000,87.18
1749258568,86.91000000,42.41900000,87.18
1749258568,86.90000000,222.91000000,87.18
1749258568,86.89000000,18.14400000,87.18
1749258568,86.88000000,2.76500000,87.18
1749258568,86.87000000,593.95600000,87.18
1749258568,86.86000000,35.68900000,87.18
1749258568,86.85000000,35.53000000,87.18
1749258568,86.84000000,21.24500000,87.18
1749258568,86.83000000,0.67600000,87.18
1749258568,86.82000000,27.55500000,87.18
1749258568,86.81000000,20.82900000,87.18
1749258568,86.80000000,75.06100000,87.18
1749258568,86.79000000,0.37700000,87.18
1749258568,86.78000000,41.24200000,87.18
1749258568,86.77000000,15.54900000,87.18
1749258568,86.76000000,726.56600000,87.18
1749258568,86.75000000,130.17400000,87.18
1749258568,86.74000000,48.35500000,87.18
1749258568,86.73000000,6.19600000,87.18
1749258568,86.72000000,0.26800000,87.18
1749258568,86.71000000,12.77100000,87.18
1749258568,86.70000000,43.54900000,87.18
1749258568,86.69000000,0.33700000,87.18
1749258568,86.68000000,1.38200000,87.18
1749258568,86.67000000,0.20100000,87.18
1749258568,86.66000000,29.73800000,87.18
1749258568,86.65000000,9.00700000,87.18
1749258568,86.64000000,35.01900000,87.18
1749258568,86.63000000,0.20100000,87.18
1749258568,86.62000000,24.62800000,87.18
1749258568,86.61000000,0.41300000,87.18
1749258568,86.60000000,0.82300000,87.18
1749258568,86.59000000,31.35300000,87.18
1749258568,86.58000000,23.30500000,87.18
1749258568,86.57000000,12.03400000,87.18
1749258568,86.56000000,0.17300000,87.18
1749258568,86.55000000,2.64200000,87.18
1749258568,86.54000000,23.42100000,87.18
1749258568,86.53000000,2.57800000,87.18
1749258568,86.52000000,4.98000000,87.18
1749258568,86.51000000,0.72000000,87.18
1749258568,86.50000000,656.24800000,87.18
1749258568,86.49000000,0.40900000,87.18
1749258568,86.48000000,15.38500000,87.18
1749258568,86.47000000,0.71800000,87.18
1749258568,86.46000000,24.14300000,87.18
1749258568,86.45000000,0.77900000,87.18
1749258568,86.44000000,2.97900000,87.18
1749258568,86.43000000,14.45700000,87.18
1749258568,86.42000000,0.84100000,87.18
1749258568,86.41000000,0.14900000,87.18
1749258568,86.40000000,116.66700000,87.18
1749258568,86.39000000,117.10800000,87.18
1749258568,86.38000000,0.35300000,87.18
1749258568,86.37000000,0.34600000,87.18
1749258568,86.36000000,0.47200000,87.18
1749258568,86.35000000,0.26800000,87.18
1749258568,86.34000000,0.23400000,87.18
1749258568,86.33000000,1.79400000,87.18
1749258568,86.32000000,35.35100000,87.18
1749258568,86.31000000,0.41100000,87.18
1749258568,86.30000000,1.22900000,87.18
1749258568,86.29000000,11.66900000,87.18
1749258568,86.28000000,0.37700000,87.18
1749258568,86.27000000,0.74900000,87.18
1749258568,86.26000000,11.81900000,87.18
1749258568,86.25000000,73.18600000,87.18
1749258568,86.24000000,1.18100000,87.18
1749258568,86.23000000,0.47900000,87.18
1749258568,86.22000000,0.07100000,87.18
1749258568,86.21000000,33.26500000,87.18
1749258568,86.20000000,117.02900000,87.18
1749258568,86.18000000,0.38900000,87.18
1749258883,87.23000000,31.33800000,87.24
1749258883,87.22000000,113.47300000,87.24
1749258883,87.21000000,228.03500000,87.24
1749258883,87.20000000,182.89500000,87.24
1749258883,87.19000000,110.85900000,87.24
1749258883,87.18000000,119.44100000,87.24
1749258883,87.17000000,147.05800000,87.24
1749258883,87.16000000,116.91700000,87.24
1749258883,87.15000000,223.76400000,87.24
1749258883,87.14000000,54.78500000,87.24
1749258883,87.13000000,173.70500000,87.24
1749258883,87.12000000,68.76700000,87.24
1749258883,87.11000000,193.96300000,87.24
1749258883,87.10000000,242.90600000,87.24
1749258883,87.09000000,95.62300000,87.24
1749258883,87.08000000,206.32800000,87.24
1749258883,87.07000000,77.89100000,87.24
1749258883,87.06000000,54.87500000,87.24
1749258883,87.05000000,82.98300000,87.24
1749258883,87.04000000,119.94800000,87.24
1749258883,87.03000000,53.67200000,87.24
1749258883,87.02000000,40.26700000,87.24
1749258883,87.01000000,59.49500000,87.24
1749258883,87.00000000,384.99100000,87.24
1749258883,86.99000000,12.35200000,87.24
1749258883,86.98000000,33.06500000,87.24
1749258883,86.97000000,20.35400000,87.24
1749258883,86.96000000,24.19900000,87.24
1749258883,86.95000000,12.56900000,87.24
1749258883,86.94000000,490.66200000,87.24
1749258883,86.93000000,23.96100000,87.24
1749258883,86.92000000,18.03300000,87.24
1749258883,86.91000000,42.41900000,87.24
1749258883,86.90000000,228.65400000,87.24
1749258883,86.89000000,18.14400000,87.24
1749258883,86.88000000,71.19800000,87.24
1749258883,86.87000000,592.09700000,87.24
1749258883,86.86000000,35.68900000,87.24
1749258883,86.85000000,35.58000000,87.24
1749258883,86.84000000,21.24500000,87.24
1749258883,86.83000000,0.67600000,87.24
1749258883,86.82000000,31.13500000,87.24
1749258883,86.81000000,15.07500000,87.24
1749258883,86.80000000,18.98900000,87.24
1749258883,86.79000000,0.37700000,87.24
1749258883,86.78000000,41.24200000,87.24
1749258883,86.77000000,15.54900000,87.24
1749258883,86.76000000,715.11900000,87.24
1749258883,86.75000000,149.12400000,87.24
1749258883,86.74000000,48.35500000,87.24
1749258883,86.73000000,6.19600000,87.24
1749258883,86.72000000,0.26800000,87.24
1749258883,86.71000000,12.77100000,87.24
1749258883,86.70000000,23.82200000,87.24
1749258883,86.69000000,0.33700000,87.24
1749258883,86.68000000,1.38200000,87.24
1749258883,86.67000000,0.20100000,87.24
1749258883,86.66000000,30.02400000,87.24
1749258883,86.65000000,9.00700000,87.24
1749258883,86.64000000,30.72900000,87.24
1749258883,86.63000000,0.20100000,87.24
1749258883,86.62000000,23.47600000,87.24
1749258883,86.61000000,0.41300000,87.24
1749258883,86.60000000,0.82300000,87.24
1749258883,86.59000000,1.35300000,87.24
1749258883,86.58000000,57.73900000,87.24
1749258883,86.57000000,16.77700000,87.24
1749258883,86.56000000,0.17300000,87.24
1749258883,86.55000000,2.64200000,87.24
1749258883,86.54000000,23.42100000,87.24
1749258883,86.53000000,2.57800000,87.24
1749258883,86.52000000,0.53200000,87.24
1749258883,86.51000000,115.74200000,87.24
1749258883,86.50000000,641.47100000,87.24
1749258883,86.49000000,0.40900000,87.24
1749258883,86.48000000,15.38500000,87.24
1749258883,86.47000000,0.60300000,87.24
1749258883,86.46000000,24.02800000,87.24
1749258883,86.45000000,0.53600000,87.24
1749258883,86.44000000,2.86400000,87.24
1749258883,86.43000000,14.34200000,87.24
1749258883,86.42000000,0.84100000,87.24
1749258883,86.41000000,0.14900000,87.24
1749258883,86.40000000,1.10500000,87.24
1749258883,86.39000000,117.10800000,87.24
1749258883,86.38000000,0.63900000,87.24
1749258883,86.37000000,0.34600000,87.24
1749258883,86.36000000,0.47200000,87.24
1749258883,86.35000000,0.26800000,87.24
1749258883,86.34000000,0.23400000,87.24
1749258883,86.33000000,21.60600000,87.24
1749258883,86.32000000,0.98700000,87.24
1749258883,86.31000000,0.41100000,87.24
1749258883,86.30000000,1.22900000,87.24
1749258883,86.29000000,11.66900000,87.24
1749258883,86.28000000,0.37700000,87.24
1749258883,86.27000000,8.35600000,87.24
1749258883,86.26000000,11.81900000,87.24
1749258883,86.25000000,73.18600000,87.24
1749258883,86.24000000,1.46700000,87.24
1749259184,87.11000000,111.53000000,87.12
1749259184,87.10000000,133.90100000,87.12
1749259184,87.09000000,131.48400000,87.12
1749259184,87.08000000,197.41700000,87.12
1749259184,87.07000000,61.09000000,87.12
1749259184,87.06000000,30.37600000,87.12
1749259184,87.05000000,56.37600000,87.12
1749259184,87.04000000,66.14100000,87.12
1749259184,87.03000000,194.15200000,87.12
1749259184,87.02000000,171.11100000,87.12
1749259184,87.01000000,71.36900000,87.12
1749259184,87.00000000,140.86700000,87.12
1749259184,86.99000000,174.46900000,87.12
1749259184,86.98000000,160.16300000,87.12
1749259184,86.97000000,211.01700000,87.12
1749259184,86.96000000,39.40900000,87.12
1749259184,86.95000000,76.57100000,87.12
1749259184,86.94000000,147.03200000,87.12
1749259184,86.93000000,35.34600000,87.12
1749259184,86.92000000,37.51100000,87.12
1749259184,86.91000000,328.65600000,87.12
1749259184,86.90000000,476.97900000,87.12
1749259184,86.89000000,81.59800000,87.12
1749259184,86.88000000,18.91500000,87.12
1749259184,86.87000000,17.33400000,87.12
1749259184,86.86000000,35.68900000,87.12
1749259184,86.85000000,12.66000000,87.12
1749259184,86.84000000,39.14300000,87.12
1749259184,86.83000000,12.82600000,87.12
1749259184,86.82000000,41.99600000,87.12
1749259184,86.81000000,42.27900000,87.12
1749259184,86.80000000,31.13900000,87.12
1749259184,86.79000000,18.58400000,87.12
1749259184,86.78000000,615.22400000,87.12
1749259184,86.77000000,29.99000000,87.12
1749259184,86.76000000,12.88500000,87.12
1749259184,86.75000000,142.32400000,87.12
1749259184,86.74000000,81.83900000,87.12
1749259184,86.73000000,29.15600000,87.12
1749259184,86.72000000,2.55900000,87.12
1749259184,86.71000000,12.77100000,87.12
1749259184,86.70000000,23.82200000,87.12
1749259184,86.69000000,0.33700000,87.12
1749259184,86.68000000,1.38200000,87.12
1749259184,86.67000000,20.12900000,87.12
1749259184,86.66000000,30.02400000,87.12
1749259184,86.65000000,9.00700000,87.12
1749259184,86.64000000,715.11300000,87.12
1749259184,86.63000000,23.17700000,87.12
1749259184,86.62000000,43.45500000,87.12
1749259184,86.61000000,0.41300000,87.12
1749259184,86.60000000,1.97600000,87.12
1749259184,86.59000000,20.31300000,87.12
1749259184,86.58000000,23.36900000,87.12
1749259184,86.57000000,12.03400000,87.12
1749259184,86.56000000,35.76600000,87.12
1749259184,86.55000000,2.64200000,87.12
1749259184,86.54000000,24.57400000,87.12
1749259184,86.53000000,2.57800000,87.12
1749259184,86.52000000,6.39300000,87.12
1749259184,86.51000000,30.72000000,87.12
1749259184,86.50000000,641.47100000,87.12
1749259184,86.49000000,0.40900000,87.12
1749259184,86.48000000,15.38500000,87.12
1749259184,86.47000000,0.71800000,87.12
1749259184,86.46000000,24.14300000,87.12
1749259184,86.45000000,11.16900000,87.12
1749259184,86.44000000,2.97900000,87.12
1749259184,86.43000000,14.45700000,87.12
1749259184,86.42000000,0.95600000,87.12
1749259184,86.41000000,0.26400000,87.12
1749259184,86.40000000,1.22000000,87.12
1749259184,86.39000000,0.52600000,87.12
1749259184,86.38000000,0.75400000,87.12
1749259184,86.37000000,0.46100000,87.12
1749259184,86.36000000,0.58700000,87.12
1749259184,86.35000000,0.26800000,87.12
1749259184,86.34000000,0.23400000,87.12
1749259184,86.33000000,21.60600000,87.12
1749259184,86.32000000,0.98700000,87.12
1749259184,86.31000000,0.41100000,87.12
1749259184,86.30000000,1.22900000,87.12
1749259184,86.29000000,11.66900000,87.12
1749259184,86.28000000,1.52400000,87.12
1749259184,86.27000000,0.83600000,87.12
1749259184,86.26000000,11.81900000,87.12
1749259184,86.25000000,73.18600000,87.12
1749259184,86.24000000,2.95900000,87.12
1749259184,86.23000000,0.47900000,87.12
1749259184,86.22000000,0.07100000,87.12
1749259184,86.21000000,33.26500000,87.12
1749259184,86.20000000,115.09600000,87.12
1749259184,86.19000000,116.96800000,87.12
1749259184,86.18000000,0.38900000,87.12
1749259184,86.17000000,35.15200000,87.12
1749259184,86.16000000,1.08600000,87.12
1749259184,86.15000000,11.99900000,87.12
1749259184,86.14000000,2.86700000,87.12
1749259184,86.13000000,0.35300000,87.12
1749259184,86.12000000,0.76000000,87.12
