timestamp,price,volume,current_price
1749258427,0.00005886,948081.20000000,5.888e-05
1749258427,0.00005885,3590746.34000000,5.888e-05
1749258427,0.00005884,1208510.79000000,5.888e-05
1749258427,0.00005883,17027465.46000000,5.888e-05
1749258427,0.00005882,37125658.48000000,5.888e-05
1749258427,0.00005881,84596771.15000000,5.888e-05
1749258427,0.00005880,25940799.41000000,5.888e-05
1749258427,0.00005879,12908306.48000000,5.888e-05
1749258427,0.00005878,11333145.55000000,5.888e-05
1749258427,0.00005877,127135111.14000000,5.888e-05
1749258427,0.00005876,86670113.67000000,5.888e-05
1749258427,0.00005875,78854822.87000000,5.888e-05
1749258427,0.00005874,62745869.74000000,5.888e-05
1749258427,0.00005873,12983996.50000000,5.888e-05
1749258427,0.00005872,27850947.04000000,5.888e-05
1749258427,0.00005871,227220.70000000,5.888e-05
1749258427,0.00005870,298951628.67000000,5.888e-05
1749258427,0.00005869,20222855.29000000,5.888e-05
1749258427,0.00005868,7495888.04000000,5.888e-05
1749258427,0.00005867,22240485.59000000,5.888e-05
1749258427,0.00005866,127779.20000000,5.888e-05
1749258427,0.00005865,12162301.83000000,5.888e-05
1749258427,0.00005864,38555153.46000000,5.888e-05
1749258427,0.00005863,127844.55000000,5.888e-05
1749258427,0.00005862,22163103.06000000,5.888e-05
1749258427,0.00005860,22937040.72000000,5.888e-05
1749258427,0.00005859,27746296.03000000,5.888e-05
1749258427,0.00005858,11079591.90000000,5.888e-05
1749258427,0.00005857,20309670.06000000,5.888e-05
1749258427,0.00005856,931451.11000000,5.888e-05
1749258427,0.00005855,10450069.41000000,5.888e-05
1749258427,0.00005854,12218139.83000000,5.888e-05
1749258427,0.00005853,10184848.11000000,5.888e-05
1749258427,0.00005852,36378460.42000000,5.888e-05
1749258427,0.00005851,128106.59000000,5.888e-05
1749258427,0.00005850,24180472.98000000,5.888e-05
1749258427,0.00005849,12321316.14000000,5.888e-05
1749258427,0.00005848,24975090.35000000,5.888e-05
1749258427,0.00005847,10191805.57000000,5.888e-05
1749258427,0.00005846,2986942.25000000,5.888e-05
1749258427,0.00005845,10326128.19000000,5.888e-05
1749258427,0.00005844,22287146.12000000,5.888e-05
1749258427,0.00005843,30134060.54000000,5.888e-05
1749258427,0.00005842,12118700.53000000,5.888e-05
1749258427,0.00005841,23674102.76000000,5.888e-05
1749258427,0.00005840,4411600.19000000,5.888e-05
1749258427,0.00005839,10339357.39000000,5.888e-05
1749258427,0.00005838,8742904.29000000,5.888e-05
1749258427,0.00005837,10210987.68000000,5.888e-05
1749258427,0.00005836,10342033.68000000,5.888e-05
1749258427,0.00005834,10444104.41000000,5.888e-05
1749258427,0.00005833,128490.67000000,5.888e-05
1749258427,0.00005832,14210574.38000000,5.888e-05
1749258427,0.00005831,10331448.75000000,5.888e-05
1749258427,0.00005830,2128545.72000000,5.888e-05
1749258427,0.00005829,10183110.23000000,5.888e-05
1749258427,0.00005827,10468703.35000000,5.888e-05
1749258427,0.00005826,10448045.99000000,5.888e-05
1749258427,0.00005824,128689.10000000,5.888e-05
1749258427,0.00005823,572298.27000000,5.888e-05
1749258427,0.00005822,12856521.36000000,5.888e-05
1749258427,0.00005821,386896398.75000000,5.888e-05
1749258427,0.00005820,26307200.02000000,5.888e-05
1749258427,0.00005819,2314559.89000000,5.888e-05
1749258427,0.00005818,321969.65000000,5.888e-05
1749258427,0.00005815,128899.21000000,5.888e-05
1749258427,0.00005814,8918770.53000000,5.888e-05
1749258427,0.00005812,128965.70000000,5.888e-05
1749258427,0.00005810,4897982.99000000,5.888e-05
1749258427,0.00005809,129032.26000000,5.888e-05
1749258427,0.00005808,441404.25000000,5.888e-05
1749258427,0.00005806,129098.89000000,5.888e-05
1749258427,0.00005804,345142.61000000,5.888e-05
1749258427,0.00005803,129154.47000000,5.888e-05
1749258427,0.00005802,784849.00000000,5.888e-05
1749258427,0.00005801,108394224.84000000,5.888e-05
1749258427,0.00005800,45748444.15000000,5.888e-05
1749258427,0.00005799,157728.15000000,5.888e-05
1749258427,0.00005797,129210.10000000,5.888e-05
1749258427,0.00005796,14359280.50000000,5.888e-05
1749258427,0.00005794,220445.99000000,5.888e-05
1749258427,0.00005791,374428.68000000,5.888e-05
1749258427,0.00005790,2439189.05000000,5.888e-05
1749258427,0.00005788,129488.96000000,5.888e-05
1749258427,0.00005787,11613032.13000000,5.888e-05
1749258427,0.00005785,129567.25000000,5.888e-05
1749258427,0.00005781,225248.67000000,5.888e-05
1749258427,0.00005780,4030510.40000000,5.888e-05
1749258427,0.00005778,7507727.33000000,5.888e-05
1749258427,0.00005777,554763.42000000,5.888e-05
1749258427,0.00005775,4511182.90000000,5.888e-05
1749258427,0.00005773,95440.18000000,5.888e-05
1749258427,0.00005772,195679.80000000,5.888e-05
1749258427,0.00005771,13015014.79000000,5.888e-05
1749258427,0.00005770,2341099.09000000,5.888e-05
1749258427,0.00005768,306604.14000000,5.888e-05
1749258427,0.00005767,110842.91000000,5.888e-05
1749258427,0.00005760,11440412.22000000,5.888e-05
1749258427,0.00005757,445314.56000000,5.888e-05
1749258427,0.00005756,93606.72000000,5.888e-05
1749258767,0.00005881,14857264.67000000,5.883e-05
1749258767,0.00005880,8543498.57000000,5.883e-05
1749258767,0.00005879,1810472.57000000,5.883e-05
1749258767,0.00005878,5671414.08000000,5.883e-05
1749258767,0.00005877,16275286.20000000,5.883e-05
1749258767,0.00005876,72212613.17000000,5.883e-05
1749258767,0.00005875,125687246.37000000,5.883e-05
1749258767,0.00005874,23209120.90000000,5.883e-05
1749258767,0.00005873,64519379.38000000,5.883e-05
1749258767,0.00005872,22398313.75000000,5.883e-05
1749258767,0.00005871,82704540.18000000,5.883e-05
1749258767,0.00005870,103049648.77000000,5.883e-05
1749258767,0.00005869,22400204.06000000,5.883e-05
1749258767,0.00005868,77546776.71000000,5.883e-05
1749258767,0.00005867,26450264.79000000,5.883e-05
1749258767,0.00005866,1199019.50000000,5.883e-05
1749258767,0.00005865,12289939.68000000,5.883e-05
1749258767,0.00005864,311311526.83000000,5.883e-05
1749258767,0.00005863,127844.55000000,5.883e-05
1749258767,0.00005862,22163103.06000000,5.883e-05
1749258767,0.00005861,16096533.16000000,5.883e-05
1749258767,0.00005860,14183378.16000000,5.883e-05
1749258767,0.00005859,28611840.45000000,5.883e-05
1749258767,0.00005858,18752331.02000000,5.883e-05
1749258767,0.00005857,12118372.19000000,5.883e-05
1749258767,0.00005856,507434.83000000,5.883e-05
1749258767,0.00005855,10450069.41000000,5.883e-05
1749258767,0.00005854,12218139.83000000,5.883e-05
1749258767,0.00005853,18381743.99000000,5.883e-05
1749258767,0.00005852,36378460.42000000,5.883e-05
1749258767,0.00005851,128106.59000000,5.883e-05
1749258767,0.00005850,24605823.89000000,5.883e-05
1749258767,0.00005849,12321316.14000000,5.883e-05
1749258767,0.00005848,24975090.35000000,5.883e-05
1749258767,0.00005847,10191805.57000000,5.883e-05
1749258767,0.00005846,2986942.25000000,5.883e-05
1749258767,0.00005845,10326128.19000000,5.883e-05
1749258767,0.00005844,22287146.12000000,5.883e-05
1749258767,0.00005843,28877140.90000000,5.883e-05
1749258767,0.00005842,12118700.53000000,5.883e-05
1749258767,0.00005841,10630191.18000000,5.883e-05
1749258767,0.00005840,4411600.19000000,5.883e-05
1749258767,0.00005839,10339357.39000000,5.883e-05
1749258767,0.00005838,8742904.29000000,5.883e-05
1749258767,0.00005837,10210987.68000000,5.883e-05
1749258767,0.00005836,10342033.68000000,5.883e-05
1749258767,0.00005834,10444104.41000000,5.883e-05
1749258767,0.00005833,128490.67000000,5.883e-05
1749258767,0.00005832,14635889.11000000,5.883e-05
1749258767,0.00005831,10331448.75000000,5.883e-05
1749258767,0.00005830,2128545.72000000,5.883e-05
1749258767,0.00005829,10183110.23000000,5.883e-05
1749258767,0.00005828,14778774.90000000,5.883e-05
1749258767,0.00005827,10468703.35000000,5.883e-05
1749258767,0.00005826,10448045.99000000,5.883e-05
1749258767,0.00005824,128689.10000000,5.883e-05
1749258767,0.00005823,997504.49000000,5.883e-05
1749258767,0.00005822,12856521.36000000,5.883e-05
1749258767,0.00005821,12658756.27000000,5.883e-05
1749258767,0.00005820,26307200.02000000,5.883e-05
1749258767,0.00005819,2314559.89000000,5.883e-05
1749258767,0.00005818,321969.65000000,5.883e-05
1749258767,0.00005815,374752685.44000000,5.883e-05
1749258767,0.00005814,9343976.75000000,5.883e-05
1749258767,0.00005812,128965.70000000,5.883e-05
1749258767,0.00005810,4897982.99000000,5.883e-05
1749258767,0.00005809,129032.26000000,5.883e-05
1749258767,0.00005808,441404.25000000,5.883e-05
1749258767,0.00005806,129098.89000000,5.883e-05
1749258767,0.00005805,425206.22000000,5.883e-05
1749258767,0.00005804,345142.61000000,5.883e-05
1749258767,0.00005803,129154.47000000,5.883e-05
1749258767,0.00005802,780322.30000000,5.883e-05
1749258767,0.00005801,108394224.84000000,5.883e-05
1749258767,0.00005800,45748444.15000000,5.883e-05
1749258767,0.00005799,157728.15000000,5.883e-05
1749258767,0.00005797,129210.10000000,5.883e-05
1749258767,0.00005796,14359280.50000000,5.883e-05
1749258767,0.00005794,220445.99000000,5.883e-05
1749258767,0.00005791,374428.68000000,5.883e-05
1749258767,0.00005790,2439189.05000000,5.883e-05
1749258767,0.00005788,129488.96000000,5.883e-05
1749258767,0.00005787,11613032.13000000,5.883e-05
1749258767,0.00005785,129567.25000000,5.883e-05
1749258767,0.00005781,225248.67000000,5.883e-05
1749258767,0.00005780,4030510.40000000,5.883e-05
1749258767,0.00005778,7507727.33000000,5.883e-05
1749258767,0.00005777,554763.42000000,5.883e-05
1749258767,0.00005775,4511182.90000000,5.883e-05
1749258767,0.00005773,95440.18000000,5.883e-05
1749258767,0.00005772,195679.80000000,5.883e-05
1749258767,0.00005771,13015014.79000000,5.883e-05
1749258767,0.00005770,2341099.09000000,5.883e-05
1749258767,0.00005768,306604.14000000,5.883e-05
1749258767,0.00005767,110842.91000000,5.883e-05
1749258767,0.00005760,11440412.22000000,5.883e-05
1749258767,0.00005757,445314.56000000,5.883e-05
1749258767,0.00005756,93606.72000000,5.883e-05
1749258767,0.00005755,481290.31000000,5.883e-05
1749258767,0.00005754,99713.04000000,5.883e-05
1749259069,0.00005866,7450557.74000000,5.867e-05
1749259069,0.00005865,915725.06000000,5.867e-05
1749259069,0.00005864,9471461.22000000,5.867e-05
1749259069,0.00005863,13058057.07000000,5.867e-05
1749259069,0.00005862,1947840.17000000,5.867e-05
1749259069,0.00005861,6607728.39000000,5.867e-05
1749259069,0.00005860,22174844.75000000,5.867e-05
1749259069,0.00005859,51996355.39000000,5.867e-05
1749259069,0.00005858,104228331.68000000,5.867e-05
1749259069,0.00005857,133771624.10000000,5.867e-05
1749259069,0.00005856,98955612.70000000,5.867e-05
1749259069,0.00005855,89664368.79000000,5.867e-05
1749259069,0.00005854,33241387.76000000,5.867e-05
1749259069,0.00005853,14405878.29000000,5.867e-05
1749259069,0.00005852,26345760.95000000,5.867e-05
1749259069,0.00005851,4790739.72000000,5.867e-05
1749259069,0.00005850,25047288.27000000,5.867e-05
1749259069,0.00005849,50743716.87000000,5.867e-05
1749259069,0.00005848,32045627.48000000,5.867e-05
1749259069,0.00005847,14234375.29000000,5.867e-05
1749259069,0.00005846,11786637.21000000,5.867e-05
1749259069,0.00005845,315048112.79000000,5.867e-05
1749259069,0.00005844,30639561.67000000,5.867e-05
1749259069,0.00005843,15393225.33000000,5.867e-05
1749259069,0.00005842,12118700.53000000,5.867e-05
1749259069,0.00005841,10630191.18000000,5.867e-05
1749259069,0.00005840,12626742.59000000,5.867e-05
1749259069,0.00005839,22329765.06000000,5.867e-05
1749259069,0.00005838,99713.04000000,5.867e-05
1749259069,0.00005837,36437613.10000000,5.867e-05
1749259069,0.00005836,10342033.68000000,5.867e-05
1749259069,0.00005834,22797100.32000000,5.867e-05
1749259069,0.00005833,128490.67000000,5.867e-05
1749259069,0.00005832,26626296.78000000,5.867e-05
1749259069,0.00005831,10331448.75000000,5.867e-05
1749259069,0.00005830,2128545.72000000,5.867e-05
1749259069,0.00005829,36949757.42000000,5.867e-05
1749259069,0.00005828,13518620.22000000,5.867e-05
1749259069,0.00005827,22459111.02000000,5.867e-05
1749259069,0.00005826,10448045.99000000,5.867e-05
1749259069,0.00005824,128689.10000000,5.867e-05
1749259069,0.00005823,11171934.21000000,5.867e-05
1749259069,0.00005822,21523465.80000000,5.867e-05
1749259069,0.00005821,228479.46000000,5.867e-05
1749259069,0.00005820,5781773.17000000,5.867e-05
1749259069,0.00005819,103104.25000000,5.867e-05
1749259069,0.00005818,321969.65000000,5.867e-05
1749259069,0.00005815,128899.21000000,5.867e-05
1749259069,0.00005814,425206.22000000,5.867e-05
1749259069,0.00005812,128965.70000000,5.867e-05
1749259069,0.00005810,4897982.99000000,5.867e-05
1749259069,0.00005809,129032.26000000,5.867e-05
1749259069,0.00005808,441404.25000000,5.867e-05
1749259069,0.00005807,2216227.88000000,5.867e-05
1749259069,0.00005806,129098.89000000,5.867e-05
1749259069,0.00005805,33191047.17000000,5.867e-05
1749259069,0.00005804,345142.61000000,5.867e-05
1749259069,0.00005803,129154.47000000,5.867e-05
1749259069,0.00005802,376243493.09000000,5.867e-05
1749259069,0.00005801,108394224.84000000,5.867e-05
1749259069,0.00005800,45748444.15000000,5.867e-05
1749259069,0.00005799,157728.15000000,5.867e-05
1749259069,0.00005798,8943382.52000000,5.867e-05
1749259069,0.00005797,129210.10000000,5.867e-05
1749259069,0.00005796,14785138.60000000,5.867e-05
1749259069,0.00005794,220445.99000000,5.867e-05
1749259069,0.00005791,374428.68000000,5.867e-05
1749259069,0.00005790,2439189.05000000,5.867e-05
1749259069,0.00005788,129488.96000000,5.867e-05
1749259069,0.00005787,190659.25000000,5.867e-05
1749259069,0.00005785,129567.25000000,5.867e-05
1749259069,0.00005781,225248.67000000,5.867e-05
1749259069,0.00005780,4030510.40000000,5.867e-05
1749259069,0.00005778,7507727.33000000,5.867e-05
1749259069,0.00005777,554763.42000000,5.867e-05
1749259069,0.00005775,4511182.90000000,5.867e-05
1749259069,0.00005774,11440261.27000000,5.867e-05
1749259069,0.00005773,95440.18000000,5.867e-05
1749259069,0.00005772,195679.80000000,5.867e-05
1749259069,0.00005771,13015014.79000000,5.867e-05
1749259069,0.00005770,2341099.09000000,5.867e-05
1749259069,0.00005768,306604.14000000,5.867e-05
1749259069,0.00005767,110842.91000000,5.867e-05
1749259069,0.00005760,11440412.22000000,5.867e-05
1749259069,0.00005757,445314.56000000,5.867e-05
1749259069,0.00005756,93606.72000000,5.867e-05
1749259069,0.00005755,481290.31000000,5.867e-05
1749259069,0.00005754,99713.04000000,5.867e-05
1749259069,0.00005751,36231884.05000000,5.867e-05
1749259069,0.00005750,29320851.88000000,5.867e-05
1749259069,0.00005746,100000.00000000,5.867e-05
1749259069,0.00005745,12947757.25000000,5.867e-05
1749259069,0.00005744,159238.43000000,5.867e-05
1749259069,0.00005743,172384.00000000,5.867e-05
1749259069,0.00005741,37791875.15000000,5.867e-05
1749259069,0.00005740,5312330.53000000,5.867e-05
1749259069,0.00005737,99713.04000000,5.867e-05
1749259069,0.00005735,491644.38000000,5.867e-05
1749259069,0.00005733,100000.00000000,5.867e-05
1749259069,0.00005730,324670.22000000,5.867e-05
