timestamp,price,volume,current_price
1749254661,0.00005878,3308144.35000000,5.879e-05
1749254661,0.00005877,1203783.83000000,5.879e-05
1749254661,0.00005876,14558724.26000000,5.879e-05
1749254661,0.00005875,5909701.32000000,5.879e-05
1749254661,0.00005874,16887136.08000000,5.879e-05
1749254661,0.00005873,23227036.73000000,5.879e-05
1749254661,0.00005872,74793414.83000000,5.879e-05
1749254661,0.00005871,130218305.74000000,5.879e-05
1749254661,0.00005870,47146225.28000000,5.879e-05
1749254661,0.00005869,12814547.77000000,5.879e-05
1749254661,0.00005868,13579835.04000000,5.879e-05
1749254661,0.00005867,70304061.92000000,5.879e-05
1749254661,0.00005866,243527938.68000000,5.879e-05
1749254661,0.00005865,18927813.83000000,5.879e-05
1749254661,0.00005864,13576646.46000000,5.879e-05
1749254661,0.00005863,11447924.91000000,5.879e-05
1749254661,0.00005862,78484270.31000000,5.879e-05
1749254661,0.00005861,7235851.49000000,5.879e-05
1749254661,0.00005860,12741435.99000000,5.879e-05
1749254661,0.00005859,14850736.53000000,5.879e-05
1749254661,0.00005858,10177032.32000000,5.879e-05
1749254661,0.00005857,12118361.27000000,5.879e-05
1749254661,0.00005856,18695227.22000000,5.879e-05
1749254661,0.00005855,11990407.67000000,5.879e-05
1749254661,0.00005854,10312878.16000000,5.879e-05
1749254661,0.00005853,11990407.67000000,5.879e-05
1749254661,0.00005852,10612879.33000000,5.879e-05
1749254661,0.00005851,12118514.26000000,5.879e-05
1749254661,0.00005850,10189195.41000000,5.879e-05
1749254661,0.00005849,11990407.67000000,5.879e-05
1749254661,0.00005848,13606918.84000000,5.879e-05
1749254661,0.00005847,22185695.53000000,5.879e-05
1749254661,0.00005846,3986942.25000000,5.879e-05
1749254661,0.00005845,22312997.00000000,5.879e-05
1749254661,0.00005844,519030.01000000,5.879e-05
1749254661,0.00005843,10290879.97000000,5.879e-05
1749254661,0.00005842,12118689.55000000,5.879e-05
1749254661,0.00005841,10554855.66000000,5.879e-05
1749254661,0.00005840,13973384.91000000,5.879e-05
1749254661,0.00005839,10567899.46000000,5.879e-05
1749254661,0.00005838,12090120.71000000,5.879e-05
1749254661,0.00005837,10183110.23000000,5.879e-05
1749254661,0.00005836,10314152.93000000,5.879e-05
1749254661,0.00005835,11990407.67000000,5.879e-05
1749254661,0.00005834,10408358.90000000,5.879e-05
1749254661,0.00005833,12646947.73000000,5.879e-05
1749254661,0.00005832,10183110.23000000,5.879e-05
1749254661,0.00005831,482550.04000000,5.879e-05
1749254661,0.00005830,12618953.39000000,5.879e-05
1749254661,0.00005829,10183110.23000000,5.879e-05
1749254661,0.00005827,10468703.35000000,5.879e-05
1749254661,0.00005826,10448045.99000000,5.879e-05
1749254661,0.00005825,11990407.67000000,5.879e-05
1749254661,0.00005824,128689.10000000,5.879e-05
1749254661,0.00005823,10272069.49000000,5.879e-05
1749254661,0.00005822,23039631.59000000,5.879e-05
1749254661,0.00005821,228479.46000000,5.879e-05
1749254661,0.00005820,17487389.27000000,5.879e-05
1749254661,0.00005819,10192675.92000000,5.879e-05
1749254661,0.00005818,321969.65000000,5.879e-05
1749254661,0.00005817,10185717.27000000,5.879e-05
1749254661,0.00005816,10190065.31000000,5.879e-05
1749254661,0.00005815,12119306.88000000,5.879e-05
1749254661,0.00005812,128965.70000000,5.879e-05
1749254661,0.00005811,10197901.14000000,5.879e-05
1749254661,0.00005810,14888390.66000000,5.879e-05
1749254661,0.00005809,129032.26000000,5.879e-05
1749254661,0.00005808,441404.25000000,5.879e-05
1749254661,0.00005806,129098.89000000,5.879e-05
1749254661,0.00005805,59104910.41000000,5.879e-05
1749254661,0.00005804,345142.61000000,5.879e-05
1749254661,0.00005803,129154.47000000,5.879e-05
1749254661,0.00005802,12093821.15000000,5.879e-05
1749254661,0.00005801,108394224.84000000,5.879e-05
1749254661,0.00005800,43748444.15000000,5.879e-05
1749254661,0.00005799,157728.15000000,5.879e-05
1749254661,0.00005798,375722200.23000000,5.879e-05
1749254661,0.00005797,2349198.32000000,5.879e-05
1749254661,0.00005796,14359280.50000000,5.879e-05
1749254661,0.00005794,220445.99000000,5.879e-05
1749254661,0.00005792,17092541.43000000,5.879e-05
1749254661,0.00005791,857273.48000000,5.879e-05
1749254661,0.00005790,439189.05000000,5.879e-05
1749254661,0.00005788,129488.96000000,5.879e-05
1749254661,0.00005787,190659.25000000,5.879e-05
1749254661,0.00005785,129567.25000000,5.879e-05
1749254661,0.00005782,129623.23000000,5.879e-05
1749254661,0.00005781,225248.67000000,5.879e-05
1749254661,0.00005780,2030510.40000000,5.879e-05
1749254661,0.00005779,129690.48000000,5.879e-05
1749254661,0.00005777,554763.42000000,5.879e-05
1749254661,0.00005776,129735.34000000,5.879e-05
1749254661,0.00005775,4511182.90000000,5.879e-05
1749254661,0.00005773,95440.18000000,5.879e-05
1749254661,0.00005772,11586724.06000000,5.879e-05
1749254661,0.00005771,13015014.79000000,5.879e-05
1749254661,0.00005770,341099.09000000,5.879e-05
1749254661,0.00005768,306604.14000000,5.879e-05
1749254661,0.00005767,110842.91000000,5.879e-05
1749254661,0.00005760,9440412.22000000,5.879e-05
1749254986,0.00005867,2218203.10000000,5.87e-05
1749254986,0.00005866,16918545.26000000,5.87e-05
1749254986,0.00005865,15679074.37000000,5.87e-05
1749254986,0.00005864,28152510.35000000,5.87e-05
1749254986,0.00005863,50343720.85000000,5.87e-05
1749254986,0.00005862,100687071.96000000,5.87e-05
1749254986,0.00005861,45366483.22000000,5.87e-05
1749254986,0.00005860,59881414.33000000,5.87e-05
1749254986,0.00005859,153159161.68000000,5.87e-05
1749254986,0.00005858,57024984.66000000,5.87e-05
1749254986,0.00005857,85060977.42000000,5.87e-05
1749254986,0.00005856,10606145.10000000,5.87e-05
1749254986,0.00005855,12611340.64000000,5.87e-05
1749254986,0.00005854,10312878.16000000,5.87e-05
1749254986,0.00005853,17167515.78000000,5.87e-05
1749254986,0.00005852,10613096.62000000,5.87e-05
1749254986,0.00005851,12118514.26000000,5.87e-05
1749254986,0.00005850,18380863.97000000,5.87e-05
1749254986,0.00005849,19071167.55000000,5.87e-05
1749254986,0.00005848,57776082.77000000,5.87e-05
1749254986,0.00005847,22185695.53000000,5.87e-05
1749254986,0.00005846,3986942.25000000,5.87e-05
1749254986,0.00005845,22312997.00000000,5.87e-05
1749254986,0.00005844,519609.95000000,5.87e-05
1749254986,0.00005843,18129026.37000000,5.87e-05
1749254986,0.00005842,12118689.55000000,5.87e-05
1749254986,0.00005841,14603567.69000000,5.87e-05
1749254986,0.00005840,14927067.66000000,5.87e-05
1749254986,0.00005839,10567899.46000000,5.87e-05
1749254986,0.00005838,12090120.71000000,5.87e-05
1749254986,0.00005837,14230832.71000000,5.87e-05
1749254986,0.00005836,10740156.16000000,5.87e-05
1749254986,0.00005835,11990407.67000000,5.87e-05
1749254986,0.00005834,10408358.90000000,5.87e-05
1749254986,0.00005833,12118898.34000000,5.87e-05
1749254986,0.00005832,10609113.46000000,5.87e-05
1749254986,0.00005831,482550.04000000,5.87e-05
1749254986,0.00005830,12618953.39000000,5.87e-05
1749254986,0.00005829,10183110.23000000,5.87e-05
1749254986,0.00005827,10468703.35000000,5.87e-05
1749254986,0.00005826,10448045.99000000,5.87e-05
1749254986,0.00005825,27837590.03000000,5.87e-05
1749254986,0.00005824,128689.10000000,5.87e-05
1749254986,0.00005823,10272069.49000000,5.87e-05
1749254986,0.00005822,23039631.59000000,5.87e-05
1749254986,0.00005821,228479.46000000,5.87e-05
1749254986,0.00005820,15772180.84000000,5.87e-05
1749254986,0.00005819,10192675.92000000,5.87e-05
1749254986,0.00005818,321969.65000000,5.87e-05
1749254986,0.00005817,11901810.29000000,5.87e-05
1749254986,0.00005816,10190065.31000000,5.87e-05
1749254986,0.00005815,12119306.88000000,5.87e-05
1749254986,0.00005812,128965.70000000,5.87e-05
1749254986,0.00005811,10197901.14000000,5.87e-05
1749254986,0.00005810,14888390.66000000,5.87e-05
1749254986,0.00005809,2344518.49000000,5.87e-05
1749254986,0.00005808,441404.25000000,5.87e-05
1749254986,0.00005806,129098.89000000,5.87e-05
1749254986,0.00005805,33504910.41000000,5.87e-05
1749254986,0.00005804,345142.61000000,5.87e-05
1749254986,0.00005803,129154.47000000,5.87e-05
1749254986,0.00005802,12093821.15000000,5.87e-05
1749254986,0.00005801,133994224.84000000,5.87e-05
1749254986,0.00005800,43748444.15000000,5.87e-05
1749254986,0.00005799,157728.15000000,5.87e-05
1749254986,0.00005797,129210.10000000,5.87e-05
1749254986,0.00005796,14359280.50000000,5.87e-05
1749254986,0.00005794,220445.99000000,5.87e-05
1749254986,0.00005792,17092541.43000000,5.87e-05
1749254986,0.00005791,857273.48000000,5.87e-05
1749254986,0.00005790,439189.05000000,5.87e-05
1749254986,0.00005788,129488.96000000,5.87e-05
1749254986,0.00005787,190659.25000000,5.87e-05
1749254986,0.00005785,129567.25000000,5.87e-05
1749254986,0.00005783,376696752.01000000,5.87e-05
1749254986,0.00005782,3845846.64000000,5.87e-05
1749254986,0.00005781,225248.67000000,5.87e-05
1749254986,0.00005780,2030510.40000000,5.87e-05
1749254986,0.00005779,129690.48000000,5.87e-05
1749254986,0.00005777,554763.42000000,5.87e-05
1749254986,0.00005776,129735.34000000,5.87e-05
1749254986,0.00005775,4511182.90000000,5.87e-05
1749254986,0.00005773,95440.18000000,5.87e-05
1749254986,0.00005772,195679.80000000,5.87e-05
1749254986,0.00005771,24412736.30000000,5.87e-05
1749254986,0.00005770,341099.09000000,5.87e-05
1749254986,0.00005768,306604.14000000,5.87e-05
1749254986,0.00005767,110842.91000000,5.87e-05
1749254986,0.00005760,9440412.22000000,5.87e-05
1749254986,0.00005757,445314.56000000,5.87e-05
1749254986,0.00005756,93606.72000000,5.87e-05
1749254986,0.00005755,481290.31000000,5.87e-05
1749254986,0.00005754,99713.04000000,5.87e-05
1749254986,0.00005751,36231884.05000000,5.87e-05
1749254986,0.00005750,27320851.88000000,5.87e-05
1749254986,0.00005746,100000.00000000,5.87e-05
1749254986,0.00005745,12947757.25000000,5.87e-05
1749254986,0.00005744,159238.43000000,5.87e-05
1749254986,0.00005743,172384.00000000,5.87e-05
1749254986,0.00005741,161925.92000000,5.87e-05
