timestamp,price,volume,current_price
1749260814,0.00005874,2184541.52000000,5.871e-05
1749260814,0.00005873,4904737.16000000,5.871e-05
1749260814,0.00005872,9886715.19000000,5.871e-05
1749260814,0.00005871,10489456.40000000,5.871e-05
1749260814,0.00005870,54064265.49000000,5.871e-05
1749260814,0.00005869,52247112.51000000,5.871e-05
1749260814,0.00005868,67983040.57000000,5.871e-05
1749260814,0.00005867,68054545.83000000,5.871e-05
1749260814,0.00005866,23376428.14000000,5.871e-05
1749260814,0.00005865,19820957.57000000,5.871e-05
1749260814,0.00005864,86352818.29000000,5.871e-05
1749260814,0.00005863,74452463.50000000,5.871e-05
1749260814,0.00005862,66497533.46000000,5.871e-05
1749260814,0.00005861,81628940.84000000,5.871e-05
1749260814,0.00005860,22754154.26000000,5.871e-05
1749260814,0.00005859,11268874.02000000,5.871e-05
1749260814,0.00005858,313686405.00000000,5.871e-05
1749260814,0.00005857,255939.95000000,5.871e-05
1749260814,0.00005856,29411752.73000000,5.871e-05
1749260814,0.00005855,128019.12000000,5.871e-05
1749260814,0.00005854,12246456.84000000,5.871e-05
1749260814,0.00005853,31716306.99000000,5.871e-05
1749260814,0.00005852,22176994.25000000,5.871e-05
1749260814,0.00005851,11472234.67000000,5.871e-05
1749260814,0.00005850,25039525.58000000,5.871e-05
1749260814,0.00005848,43373411.58000000,5.871e-05
1749260814,0.00005847,8326635.47000000,5.871e-05
1749260814,0.00005846,14977349.92000000,5.871e-05
1749260814,0.00005845,10324385.86000000,5.871e-05
1749260814,0.00005844,22284530.16000000,5.871e-05
1749260814,0.00005843,4580618.99000000,5.871e-05
1749260814,0.00005842,12118700.53000000,5.871e-05
1749260814,0.00005841,10204876.45000000,5.871e-05
1749260814,0.00005840,8550280.58000000,5.871e-05
1749260814,0.00005839,22329765.06000000,5.871e-05
1749260814,0.00005838,99713.04000000,5.871e-05
1749260814,0.00005837,22201395.35000000,5.871e-05
1749260814,0.00005836,10342033.68000000,5.871e-05
1749260814,0.00005835,11990407.67000000,5.871e-05
1749260814,0.00005834,10444104.41000000,5.871e-05
1749260814,0.00005833,128490.67000000,5.871e-05
1749260814,0.00005832,11990407.67000000,5.871e-05
1749260814,0.00005831,10331448.75000000,5.871e-05
1749260814,0.00005830,4353379.05000000,5.871e-05
1749260814,0.00005829,22173517.90000000,5.871e-05
1749260814,0.00005828,15839696.28000000,5.871e-05
1749260814,0.00005827,22562083.88000000,5.871e-05
1749260814,0.00005826,24711041.41000000,5.871e-05
1749260814,0.00005824,128689.10000000,5.871e-05
1749260814,0.00005823,22737135.66000000,5.871e-05
1749260814,0.00005822,12856521.36000000,5.871e-05
1749260814,0.00005821,10404644.09000000,5.871e-05
1749260814,0.00005820,17836572.80000000,5.871e-05
1749260814,0.00005819,12384838.99000000,5.871e-05
1749260814,0.00005818,22498963.90000000,5.871e-05
1749260814,0.00005817,14247218.47000000,5.871e-05
1749260814,0.00005816,388116030.10000000,5.871e-05
1749260814,0.00005815,25132519.08000000,5.871e-05
1749260814,0.00005814,10195287.86000000,5.871e-05
1749260814,0.00005813,23316518.41000000,5.871e-05
1749260814,0.00005812,128965.70000000,5.871e-05
1749260814,0.00005811,10198772.54000000,5.871e-05
1749260814,0.00005810,15421054.39000000,5.871e-05
1749260814,0.00005809,129032.26000000,5.871e-05
1749260814,0.00005808,441404.25000000,5.871e-05
1749260814,0.00005807,20183130.95000000,5.871e-05
1749260814,0.00005806,129098.89000000,5.871e-05
1749260814,0.00005805,12464537.69000000,5.871e-05
1749260814,0.00005804,345142.61000000,5.871e-05
1749260814,0.00005803,1518867.20000000,5.871e-05
1749260814,0.00005801,110612754.05000000,5.871e-05
1749260814,0.00005800,49196720.01000000,5.871e-05
1749260814,0.00005799,157728.15000000,5.871e-05
1749260814,0.00005798,8943382.52000000,5.871e-05
1749260814,0.00005797,129210.10000000,5.871e-05
1749260814,0.00005796,14359280.50000000,5.871e-05
1749260814,0.00005794,220445.99000000,5.871e-05
1749260814,0.00005791,374428.68000000,5.871e-05
1749260814,0.00005790,2439189.05000000,5.871e-05
1749260814,0.00005788,129488.96000000,5.871e-05
1749260814,0.00005787,190659.25000000,5.871e-05
1749260814,0.00005785,11536456.42000000,5.871e-05
1749260814,0.00005781,225248.67000000,5.871e-05
1749260814,0.00005780,4030510.40000000,5.871e-05
1749260814,0.00005777,554763.42000000,5.871e-05
1749260814,0.00005775,4511182.90000000,5.871e-05
1749260814,0.00005773,95440.18000000,5.871e-05
1749260814,0.00005772,195679.80000000,5.871e-05
1749260814,0.00005771,13015014.79000000,5.871e-05
1749260814,0.00005770,4246183.68000000,5.871e-05
1749260814,0.00005768,306604.14000000,5.871e-05
1749260814,0.00005767,110842.91000000,5.871e-05
1749260814,0.00005763,7527268.53000000,5.871e-05
1749260814,0.00005760,11440412.22000000,5.871e-05
1749260814,0.00005757,445314.56000000,5.871e-05
1749260814,0.00005756,93606.72000000,5.871e-05
1749260814,0.00005755,481290.31000000,5.871e-05
1749260814,0.00005754,99713.04000000,5.871e-05
1749260814,0.00005751,36231884.05000000,5.871e-05
1749260814,0.00005750,29320851.88000000,5.871e-05
1749261130,0.00005872,1837626.04000000,5.875e-05
1749261130,0.00005871,12591692.33000000,5.875e-05
1749261130,0.00005870,4110849.32000000,5.875e-05
1749261130,0.00005869,15969451.47000000,5.875e-05
1749261130,0.00005868,49051156.73000000,5.875e-05
1749261130,0.00005867,75481990.35000000,5.875e-05
1749261130,0.00005866,41712134.08000000,5.875e-05
1749261130,0.00005865,58797475.94000000,5.875e-05
1749261130,0.00005864,96039447.15000000,5.875e-05
1749261130,0.00005863,52807198.33000000,5.875e-05
1749261130,0.00005862,172300749.64000000,5.875e-05
1749261130,0.00005861,49038180.52000000,5.875e-05
1749261130,0.00005860,18548285.00000000,5.875e-05
1749261130,0.00005859,10301330.80000000,5.875e-05
1749261130,0.00005858,73226689.51000000,5.875e-05
1749261130,0.00005857,5993721.87000000,5.875e-05
1749261130,0.00005856,328711212.73000000,5.875e-05
1749261130,0.00005855,8327200.13000000,5.875e-05
1749261130,0.00005854,19209439.03000000,5.875e-05
1749261130,0.00005853,377592093.36000000,5.875e-05
1749261130,0.00005852,25919452.42000000,5.875e-05
1749261130,0.00005851,4224756.63000000,5.875e-05
1749261130,0.00005850,24184824.73000000,5.875e-05
1749261130,0.00005849,12244952.15000000,5.875e-05
1749261130,0.00005848,35169507.41000000,5.875e-05
1749261130,0.00005847,184710.11000000,5.875e-05
1749261130,0.00005846,14977349.92000000,5.875e-05
1749261130,0.00005845,10324385.86000000,5.875e-05
1749261130,0.00005844,22284530.16000000,5.875e-05
1749261130,0.00005843,16630484.05000000,5.875e-05
1749261130,0.00005842,26342632.63000000,5.875e-05
1749261130,0.00005841,10204876.45000000,5.875e-05
1749261130,0.00005840,4501600.19000000,5.875e-05
1749261130,0.00005839,22329765.06000000,5.875e-05
1749261130,0.00005838,99713.04000000,5.875e-05
1749261130,0.00005837,22201395.35000000,5.875e-05
1749261130,0.00005836,10342033.68000000,5.875e-05
1749261130,0.00005835,11990407.67000000,5.875e-05
1749261130,0.00005834,22797100.32000000,5.875e-05
1749261130,0.00005833,128490.67000000,5.875e-05
1749261130,0.00005832,26200982.05000000,5.875e-05
1749261130,0.00005831,23853231.31000000,5.875e-05
1749261130,0.00005830,19127084.05000000,5.875e-05
1749261130,0.00005829,22173517.90000000,5.875e-05
1749261130,0.00005828,23259229.65000000,5.875e-05
1749261130,0.00005827,22562083.88000000,5.875e-05
1749261130,0.00005826,10448045.99000000,5.875e-05
1749261130,0.00005824,374173558.07000000,5.875e-05
1749261130,0.00005823,22737135.66000000,5.875e-05
1749261130,0.00005822,12856521.36000000,5.875e-05
1749261130,0.00005821,10404644.09000000,5.875e-05
1749261130,0.00005820,17836572.80000000,5.875e-05
1749261130,0.00005818,22498963.90000000,5.875e-05
1749261130,0.00005815,10320704.78000000,5.875e-05
1749261130,0.00005814,10195287.86000000,5.875e-05
1749261130,0.00005813,2213775.58000000,5.875e-05
1749261130,0.00005812,128965.70000000,5.875e-05
1749261130,0.00005811,10198772.54000000,5.875e-05
1749261130,0.00005810,15421054.39000000,5.875e-05
1749261130,0.00005809,129032.26000000,5.875e-05
1749261130,0.00005808,441404.25000000,5.875e-05
1749261130,0.00005807,20183130.95000000,5.875e-05
1749261130,0.00005806,129098.89000000,5.875e-05
1749261130,0.00005805,12464537.69000000,5.875e-05
1749261130,0.00005804,345142.61000000,5.875e-05
1749261130,0.00005803,1518867.20000000,5.875e-05
1749261130,0.00005801,108394224.84000000,5.875e-05
1749261130,0.00005800,49196720.01000000,5.875e-05
1749261130,0.00005799,157728.15000000,5.875e-05
1749261130,0.00005798,8943382.52000000,5.875e-05
1749261130,0.00005797,129210.10000000,5.875e-05
1749261130,0.00005796,14359280.50000000,5.875e-05
1749261130,0.00005794,220445.99000000,5.875e-05
1749261130,0.00005791,374428.68000000,5.875e-05
1749261130,0.00005790,2439189.05000000,5.875e-05
1749261130,0.00005788,129488.96000000,5.875e-05
1749261130,0.00005787,190659.25000000,5.875e-05
1749261130,0.00005785,129567.25000000,5.875e-05
1749261130,0.00005784,11410606.85000000,5.875e-05
1749261130,0.00005781,225248.67000000,5.875e-05
1749261130,0.00005780,4030510.40000000,5.875e-05
1749261130,0.00005778,7507727.33000000,5.875e-05
1749261130,0.00005777,554763.42000000,5.875e-05
1749261130,0.00005775,4511182.90000000,5.875e-05
1749261130,0.00005773,95440.18000000,5.875e-05
1749261130,0.00005772,195679.80000000,5.875e-05
1749261130,0.00005771,13015014.79000000,5.875e-05
1749261130,0.00005770,4246183.68000000,5.875e-05
1749261130,0.00005768,306604.14000000,5.875e-05
1749261130,0.00005767,110842.91000000,5.875e-05
1749261130,0.00005760,11440412.22000000,5.875e-05
1749261130,0.00005757,445314.56000000,5.875e-05
1749261130,0.00005756,93606.72000000,5.875e-05
1749261130,0.00005755,481290.31000000,5.875e-05
1749261130,0.00005754,99713.04000000,5.875e-05
1749261130,0.00005751,36231884.05000000,5.875e-05
1749261130,0.00005750,29320851.88000000,5.875e-05
1749261130,0.00005746,100000.00000000,5.875e-05
1749261130,0.00005745,12947757.25000000,5.875e-05
1749261130,0.00005744,159238.43000000,5.875e-05
1749261447,0.00005874,6770342.65000000,5.875e-05
1749261447,0.00005873,8379287.75000000,5.875e-05
1749261447,0.00005872,12014345.91000000,5.875e-05
1749261447,0.00005871,42256433.80000000,5.875e-05
1749261447,0.00005870,44475433.41000000,5.875e-05
1749261447,0.00005869,6088012.84000000,5.875e-05
1749261447,0.00005868,30668376.90000000,5.875e-05
1749261447,0.00005867,30542450.73000000,5.875e-05
1749261447,0.00005866,113375385.33000000,5.875e-05
1749261447,0.00005865,111434718.56000000,5.875e-05
1749261447,0.00005864,134615101.64000000,5.875e-05
1749261447,0.00005863,53267388.58000000,5.875e-05
1749261447,0.00005862,1111045.31000000,5.875e-05
1749261447,0.00005861,10285022.97000000,5.875e-05
1749261447,0.00005860,15547714.32000000,5.875e-05
1749261447,0.00005859,60418719.18000000,5.875e-05
1749261447,0.00005858,12118197.76000000,5.875e-05
1749261447,0.00005857,17376078.85000000,5.875e-05
1749261447,0.00005856,293015007.01000000,5.875e-05
1749261447,0.00005855,372064443.54000000,5.875e-05
1749261447,0.00005854,30606235.65000000,5.875e-05
1749261447,0.00005853,363367808.84000000,5.875e-05
1749261447,0.00005852,15732865.84000000,5.875e-05
1749261447,0.00005851,14382734.08000000,5.875e-05
1749261447,0.00005850,13990407.67000000,5.875e-05
1749261447,0.00005849,22402929.60000000,5.875e-05
1749261447,0.00005848,24975090.35000000,5.875e-05
1749261447,0.00005847,10342687.56000000,5.875e-05
1749261447,0.00005846,14977349.92000000,5.875e-05
1749261447,0.00005845,128227.05000000,5.875e-05
1749261447,0.00005844,26287649.15000000,5.875e-05
1749261447,0.00005843,16630484.05000000,5.875e-05
1749261447,0.00005842,12118700.53000000,5.875e-05
1749261447,0.00005840,14659577.64000000,5.875e-05
1749261447,0.00005839,12118777.38000000,5.875e-05
1749261447,0.00005838,10257690.49000000,5.875e-05
1749261447,0.00005837,11990407.67000000,5.875e-05
1749261447,0.00005836,10286402.11000000,5.875e-05
1749261447,0.00005835,11990407.67000000,5.875e-05
1749261447,0.00005834,12578244.58000000,5.875e-05
1749261447,0.00005833,10287332.70000000,5.875e-05
1749261447,0.00005832,11990407.67000000,5.875e-05
1749261447,0.00005831,13632625.47000000,5.875e-05
1749261447,0.00005830,4353379.05000000,5.875e-05
1749261447,0.00005829,11990407.67000000,5.875e-05
1749261447,0.00005828,23259229.65000000,5.875e-05
1749261447,0.00005827,26639521.32000000,5.875e-05
1749261447,0.00005826,266673.05000000,5.875e-05
1749261447,0.00005824,128689.10000000,5.875e-05
1749261447,0.00005823,12562705.94000000,5.875e-05
1749261447,0.00005822,12856521.36000000,5.875e-05
1749261447,0.00005821,228479.46000000,5.875e-05
1749261447,0.00005820,7649986.22000000,5.875e-05
1749261447,0.00005818,12312377.32000000,5.875e-05
1749261447,0.00005817,14247218.47000000,5.875e-05
1749261447,0.00005815,14940713.51000000,5.875e-05
1749261447,0.00005813,2213775.58000000,5.875e-05
1749261447,0.00005812,128965.70000000,5.875e-05
1749261447,0.00005810,15421054.39000000,5.875e-05
1749261447,0.00005809,129032.26000000,5.875e-05
1749261447,0.00005808,441404.25000000,5.875e-05
1749261447,0.00005807,20183130.95000000,5.875e-05
1749261447,0.00005806,129098.89000000,5.875e-05
1749261447,0.00005805,12464537.69000000,5.875e-05
1749261447,0.00005804,345142.61000000,5.875e-05
1749261447,0.00005803,129154.47000000,5.875e-05
1749261447,0.00005802,1389712.73000000,5.875e-05
1749261447,0.00005801,108394224.84000000,5.875e-05
1749261447,0.00005800,49196720.01000000,5.875e-05
1749261447,0.00005799,157728.15000000,5.875e-05
1749261447,0.00005798,8943382.52000000,5.875e-05
1749261447,0.00005797,129210.10000000,5.875e-05
1749261447,0.00005796,14359280.50000000,5.875e-05
1749261447,0.00005794,220445.99000000,5.875e-05
1749261447,0.00005791,374428.68000000,5.875e-05
1749261447,0.00005790,2439189.05000000,5.875e-05
1749261447,0.00005788,129488.96000000,5.875e-05
1749261447,0.00005787,190659.25000000,5.875e-05
1749261447,0.00005785,129567.25000000,5.875e-05
1749261447,0.00005781,225248.67000000,5.875e-05
1749261447,0.00005780,4030510.40000000,5.875e-05
1749261447,0.00005778,7507727.33000000,5.875e-05
1749261447,0.00005777,554763.42000000,5.875e-05
1749261447,0.00005775,4511182.90000000,5.875e-05
1749261447,0.00005774,11430607.48000000,5.875e-05
1749261447,0.00005773,95440.18000000,5.875e-05
1749261447,0.00005772,195679.80000000,5.875e-05
1749261447,0.00005771,13015014.79000000,5.875e-05
1749261447,0.00005770,4246183.68000000,5.875e-05
1749261447,0.00005768,306604.14000000,5.875e-05
1749261447,0.00005767,110842.91000000,5.875e-05
1749261447,0.00005760,11440412.22000000,5.875e-05
1749261447,0.00005757,445314.56000000,5.875e-05
1749261447,0.00005756,93606.72000000,5.875e-05
1749261447,0.00005755,481290.31000000,5.875e-05
1749261447,0.00005754,99713.04000000,5.875e-05
1749261447,0.00005751,36231884.05000000,5.875e-05
1749261447,0.00005750,29320851.88000000,5.875e-05
1749261447,0.00005746,100000.00000000,5.875e-05
1749261447,0.00005745,12947757.25000000,5.875e-05
1749261763,0.00005863,17278410.91000000,5.864e-05
1749261763,0.00005862,5964042.11000000,5.864e-05
1749261763,0.00005861,13591966.99000000,5.864e-05
1749261763,0.00005860,26494963.52000000,5.864e-05
1749261763,0.00005859,68408286.92000000,5.864e-05
1749261763,0.00005858,203277704.05000000,5.864e-05
1749261763,0.00005857,55938890.52000000,5.864e-05
1749261763,0.00005856,43714956.58000000,5.864e-05
1749261763,0.00005855,24700060.46000000,5.864e-05
1749261763,0.00005854,85196818.99000000,5.864e-05
1749261763,0.00005853,13650138.18000000,5.864e-05
1749261763,0.00005852,13536285.53000000,5.864e-05
1749261763,0.00005851,11280393.74000000,5.864e-05
1749261763,0.00005850,67125601.12000000,5.864e-05
1749261763,0.00005849,10157977.45000000,5.864e-05
1749261763,0.00005848,34735555.10000000,5.864e-05
1749261763,0.00005847,671388919.28000000,5.864e-05
1749261763,0.00005846,382397635.92000000,5.864e-05
1749261763,0.00005845,128227.05000000,5.864e-05
1749261763,0.00005844,26287649.15000000,5.864e-05
1749261763,0.00005843,20732933.30000000,5.864e-05
1749261763,0.00005842,26033328.82000000,5.864e-05
1749261763,0.00005840,14659577.64000000,5.864e-05
1749261763,0.00005839,20335326.72000000,5.864e-05
1749261763,0.00005838,10257690.49000000,5.864e-05
1749261763,0.00005837,11990407.67000000,5.864e-05
1749261763,0.00005836,14338798.21000000,5.864e-05
1749261763,0.00005835,11990407.67000000,5.864e-05
1749261763,0.00005834,225248.67000000,5.864e-05
1749261763,0.00005833,10390187.78000000,5.864e-05
1749261763,0.00005832,11990407.67000000,5.864e-05
1749261763,0.00005831,110842.91000000,5.864e-05
1749261763,0.00005830,14515680.88000000,5.864e-05
1749261763,0.00005829,11990407.67000000,5.864e-05
1749261763,0.00005828,33424993.64000000,5.864e-05
1749261763,0.00005827,12276000.79000000,5.864e-05
1749261763,0.00005826,266673.05000000,5.864e-05
1749261763,0.00005824,128689.10000000,5.864e-05
1749261763,0.00005823,12562705.94000000,5.864e-05
1749261763,0.00005822,12856521.36000000,5.864e-05
1749261763,0.00005821,10403776.56000000,5.864e-05
1749261763,0.00005820,7649986.22000000,5.864e-05
1749261763,0.00005819,12384838.99000000,5.864e-05
1749261763,0.00005818,26587697.62000000,5.864e-05
1749261763,0.00005817,14247218.47000000,5.864e-05
1749261763,0.00005816,13556656.49000000,5.864e-05
1749261763,0.00005815,14940713.51000000,5.864e-05
1749261763,0.00005812,128965.70000000,5.864e-05
1749261763,0.00005810,15421054.39000000,5.864e-05
1749261763,0.00005809,129032.26000000,5.864e-05
1749261763,0.00005808,441404.25000000,5.864e-05
1749261763,0.00005807,20183130.95000000,5.864e-05
1749261763,0.00005806,129098.89000000,5.864e-05
1749261763,0.00005805,12464537.69000000,5.864e-05
1749261763,0.00005804,345142.61000000,5.864e-05
1749261763,0.00005803,129154.47000000,5.864e-05
1749261763,0.00005802,1389712.73000000,5.864e-05
1749261763,0.00005801,108394224.84000000,5.864e-05
1749261763,0.00005800,49196720.01000000,5.864e-05
1749261763,0.00005799,2376829.27000000,5.864e-05
1749261763,0.00005798,8943382.52000000,5.864e-05
1749261763,0.00005797,129210.10000000,5.864e-05
1749261763,0.00005796,14359280.50000000,5.864e-05
1749261763,0.00005794,220445.99000000,5.864e-05
1749261763,0.00005792,26000000.00000000,5.864e-05
1749261763,0.00005791,374428.68000000,5.864e-05
1749261763,0.00005790,2439189.05000000,5.864e-05
1749261763,0.00005788,129488.96000000,5.864e-05
1749261763,0.00005787,190659.25000000,5.864e-05
1749261763,0.00005785,129567.25000000,5.864e-05
1749261763,0.00005783,11411168.45000000,5.864e-05
1749261763,0.00005781,225248.67000000,5.864e-05
1749261763,0.00005780,4030510.40000000,5.864e-05
1749261763,0.00005778,7507727.33000000,5.864e-05
1749261763,0.00005777,554763.42000000,5.864e-05
1749261763,0.00005775,4511182.90000000,5.864e-05
1749261763,0.00005773,95440.18000000,5.864e-05
1749261763,0.00005772,195679.80000000,5.864e-05
1749261763,0.00005771,13015014.79000000,5.864e-05
1749261763,0.00005770,4246183.68000000,5.864e-05
1749261763,0.00005768,306604.14000000,5.864e-05
1749261763,0.00005767,110842.91000000,5.864e-05
1749261763,0.00005760,11440412.22000000,5.864e-05
1749261763,0.00005757,445314.56000000,5.864e-05
1749261763,0.00005756,93606.72000000,5.864e-05
1749261763,0.00005755,481290.31000000,5.864e-05
1749261763,0.00005754,99713.04000000,5.864e-05
1749261763,0.00005751,36231884.05000000,5.864e-05
1749261763,0.00005750,29320851.88000000,5.864e-05
1749261763,0.00005746,100000.00000000,5.864e-05
1749261763,0.00005745,12947757.25000000,5.864e-05
1749261763,0.00005744,159238.43000000,5.864e-05
1749261763,0.00005743,172384.00000000,5.864e-05
1749261763,0.00005741,161925.92000000,5.864e-05
1749261763,0.00005740,5312330.53000000,5.864e-05
1749261763,0.00005737,99713.04000000,5.864e-05
1749261763,0.00005735,491644.38000000,5.864e-05
1749261763,0.00005733,100000.00000000,5.864e-05
1749261763,0.00005730,324670.22000000,5.864e-05
1749261763,0.00005729,487074.46000000,5.864e-05
1749262066,0.00005867,1549198.98000000,5.867e-05
1749262066,0.00005866,1086399.64000000,5.867e-05
1749262066,0.00005865,15120240.86000000,5.867e-05
1749262066,0.00005864,12969319.22000000,5.867e-05
1749262066,0.00005863,7697444.37000000,5.867e-05
1749262066,0.00005862,20000845.85000000,5.867e-05
1749262066,0.00005861,44509768.86000000,5.867e-05
1749262066,0.00005860,296374698.21000000,5.867e-05
1749262066,0.00005859,10399596.77000000,5.867e-05
1749262066,0.00005858,27340544.09000000,5.867e-05
1749262066,0.00005857,19514485.86000000,5.867e-05
1749262066,0.00005856,41994296.65000000,5.867e-05
1749262066,0.00005855,99240297.12000000,5.867e-05
1749262066,0.00005854,88183397.15000000,5.867e-05
1749262066,0.00005853,13650138.18000000,5.867e-05
1749262066,0.00005852,13538460.31000000,5.867e-05
1749262066,0.00005851,15510286.49000000,5.867e-05
1749262066,0.00005850,282366476.04000000,5.867e-05
1749262066,0.00005849,10157977.45000000,5.867e-05
1749262066,0.00005848,374071226.70000000,5.867e-05
1749262066,0.00005847,10342687.56000000,5.867e-05
1749262066,0.00005846,33169861.30000000,5.867e-05
1749262066,0.00005845,128227.05000000,5.867e-05
1749262066,0.00005844,26344019.01000000,5.867e-05
1749262066,0.00005843,24976863.22000000,5.867e-05
1749262066,0.00005842,26033328.82000000,5.867e-05
1749262066,0.00005840,14659577.64000000,5.867e-05
1749262066,0.00005839,20335326.72000000,5.867e-05
1749262066,0.00005838,10257690.49000000,5.867e-05
1749262066,0.00005837,11990407.67000000,5.867e-05
1749262066,0.00005836,14338798.21000000,5.867e-05
1749262066,0.00005835,16042305.07000000,5.867e-05
1749262066,0.00005834,225248.67000000,5.867e-05
1749262066,0.00005833,10390187.78000000,5.867e-05
1749262066,0.00005832,11990407.67000000,5.867e-05
1749262066,0.00005831,110842.91000000,5.867e-05
1749262066,0.00005830,14515680.88000000,5.867e-05
1749262066,0.00005829,11990407.67000000,5.867e-05
1749262066,0.00005828,10165763.99000000,5.867e-05
1749262066,0.00005827,12276000.79000000,5.867e-05
1749262066,0.00005826,266673.05000000,5.867e-05
1749262066,0.00005824,10309193.62000000,5.867e-05
1749262066,0.00005823,12562705.94000000,5.867e-05
1749262066,0.00005822,12856521.36000000,5.867e-05
1749262066,0.00005821,10403776.56000000,5.867e-05
1749262066,0.00005820,7649986.22000000,5.867e-05
1749262066,0.00005819,12384838.99000000,5.867e-05
1749262066,0.00005818,26587697.62000000,5.867e-05
1749262066,0.00005816,13556656.49000000,5.867e-05
1749262066,0.00005815,128899.21000000,5.867e-05
1749262066,0.00005813,23319248.31000000,5.867e-05
1749262066,0.00005812,128965.70000000,5.867e-05
1749262066,0.00005811,374881658.38000000,5.867e-05
1749262066,0.00005810,15421054.39000000,5.867e-05
1749262066,0.00005809,129032.26000000,5.867e-05
1749262066,0.00005808,441404.25000000,5.867e-05
1749262066,0.00005807,20183130.95000000,5.867e-05
1749262066,0.00005806,129098.89000000,5.867e-05
1749262066,0.00005805,12464537.69000000,5.867e-05
1749262066,0.00005804,345142.61000000,5.867e-05
1749262066,0.00005803,129154.47000000,5.867e-05
1749262066,0.00005802,15680272.00000000,5.867e-05
1749262066,0.00005801,108394224.84000000,5.867e-05
1749262066,0.00005800,64046840.72000000,5.867e-05
1749262066,0.00005799,2376829.27000000,5.867e-05
1749262066,0.00005798,8943382.52000000,5.867e-05
1749262066,0.00005797,129210.10000000,5.867e-05
1749262066,0.00005796,14359280.50000000,5.867e-05
1749262066,0.00005794,220445.99000000,5.867e-05
1749262066,0.00005791,374428.68000000,5.867e-05
1749262066,0.00005790,2439189.05000000,5.867e-05
1749262066,0.00005788,129488.96000000,5.867e-05
1749262066,0.00005787,190659.25000000,5.867e-05
1749262066,0.00005785,129567.25000000,5.867e-05
1749262066,0.00005784,11404736.30000000,5.867e-05
1749262066,0.00005781,225248.67000000,5.867e-05
1749262066,0.00005780,4030510.40000000,5.867e-05
1749262066,0.00005778,7507727.33000000,5.867e-05
1749262066,0.00005777,554763.42000000,5.867e-05
1749262066,0.00005775,4511182.90000000,5.867e-05
1749262066,0.00005773,95440.18000000,5.867e-05
1749262066,0.00005772,195679.80000000,5.867e-05
1749262066,0.00005771,13015014.79000000,5.867e-05
1749262066,0.00005770,4246183.68000000,5.867e-05
1749262066,0.00005768,306604.14000000,5.867e-05
1749262066,0.00005767,110842.91000000,5.867e-05
1749262066,0.00005760,11440412.22000000,5.867e-05
1749262066,0.00005757,445314.56000000,5.867e-05
1749262066,0.00005756,93606.72000000,5.867e-05
1749262066,0.00005755,481290.31000000,5.867e-05
1749262066,0.00005754,99713.04000000,5.867e-05
1749262066,0.00005751,36231884.05000000,5.867e-05
1749262066,0.00005750,29320851.88000000,5.867e-05
1749262066,0.00005746,100000.00000000,5.867e-05
1749262066,0.00005745,12947757.25000000,5.867e-05
1749262066,0.00005744,159238.43000000,5.867e-05
1749262066,0.00005743,172384.00000000,5.867e-05
1749262066,0.00005741,161925.92000000,5.867e-05
1749262066,0.00005740,5312330.53000000,5.867e-05
1749262066,0.00005737,99713.04000000,5.867e-05
1749262372,0.00005876,5115590.37000000,5.876e-05
1749262372,0.00005875,1116375.07000000,5.876e-05
1749262372,0.00005874,7434392.36000000,5.876e-05
1749262372,0.00005873,4293116.70000000,5.876e-05
1749262372,0.00005872,18104433.69000000,5.876e-05
1749262372,0.00005871,7847403.25000000,5.876e-05
1749262372,0.00005870,101799957.70000000,5.876e-05
1749262372,0.00005869,72751559.92000000,5.876e-05
1749262372,0.00005868,43724128.10000000,5.876e-05
1749262372,0.00005867,18764713.41000000,5.876e-05
1749262372,0.00005866,23288357.64000000,5.876e-05
1749262372,0.00005865,56635443.16000000,5.876e-05
1749262372,0.00005864,149953788.91000000,5.876e-05
1749262372,0.00005863,13460650.97000000,5.876e-05
1749262372,0.00005862,28470276.60000000,5.876e-05
1749262372,0.00005861,127909.96000000,5.876e-05
1749262372,0.00005860,64709237.90000000,5.876e-05
1749262372,0.00005859,17398469.10000000,5.876e-05
1749262372,0.00005858,325964556.99000000,5.876e-05
1749262372,0.00005857,255765.46000000,5.876e-05
1749262372,0.00005856,22297855.78000000,5.876e-05
1749262372,0.00005855,716690684.00000000,5.876e-05
1749262372,0.00005854,22275539.80000000,5.876e-05
1749262372,0.00005853,21854358.30000000,5.876e-05
1749262372,0.00005852,24091594.80000000,5.876e-05
1749262372,0.00005851,10286073.10000000,5.876e-05
1749262372,0.00005850,13990407.67000000,5.876e-05
1749262372,0.00005849,18360479.01000000,5.876e-05
1749262372,0.00005848,24975090.35000000,5.876e-05
1749262372,0.00005847,10342687.56000000,5.876e-05
1749262372,0.00005846,29189419.91000000,5.876e-05
1749262372,0.00005845,128227.05000000,5.876e-05
1749262372,0.00005844,26795963.28000000,5.876e-05
1749262372,0.00005843,16630484.05000000,5.876e-05
1749262372,0.00005842,26033328.82000000,5.876e-05
1749262372,0.00005840,14659577.64000000,5.876e-05
1749262372,0.00005839,12118777.38000000,5.876e-05
1749262372,0.00005838,10257690.49000000,5.876e-05
1749262372,0.00005837,11990407.67000000,5.876e-05
1749262372,0.00005836,10286402.11000000,5.876e-05
1749262372,0.00005835,11990407.67000000,5.876e-05
1749262372,0.00005834,225248.67000000,5.876e-05
1749262372,0.00005833,10390187.78000000,5.876e-05
1749262372,0.00005832,11990407.67000000,5.876e-05
1749262372,0.00005831,110842.91000000,5.876e-05
1749262372,0.00005830,14006113.41000000,5.876e-05
1749262372,0.00005829,11990407.67000000,5.876e-05
1749262372,0.00005828,10165763.99000000,5.876e-05
1749262372,0.00005827,12276000.79000000,5.876e-05
1749262372,0.00005826,266673.05000000,5.876e-05
1749262372,0.00005825,14611006.54000000,5.876e-05
1749262372,0.00005824,10309193.62000000,5.876e-05
1749262372,0.00005823,12562705.94000000,5.876e-05
1749262372,0.00005822,12856521.36000000,5.876e-05
1749262372,0.00005821,10403776.56000000,5.876e-05
1749262372,0.00005820,7649986.22000000,5.876e-05
1749262372,0.00005819,12384838.99000000,5.876e-05
1749262372,0.00005818,26587697.62000000,5.876e-05
1749262372,0.00005817,14247768.68000000,5.876e-05
1749262372,0.00005816,13556656.49000000,5.876e-05
1749262372,0.00005815,128899.21000000,5.876e-05
1749262372,0.00005813,8683273.06000000,5.876e-05
1749262372,0.00005812,128965.70000000,5.876e-05
1749262372,0.00005811,2214643.84000000,5.876e-05
1749262372,0.00005810,15421054.39000000,5.876e-05
1749262372,0.00005809,14957237.11000000,5.876e-05
1749262372,0.00005808,441404.25000000,5.876e-05
1749262372,0.00005807,20183130.95000000,5.876e-05
1749262372,0.00005806,129098.89000000,5.876e-05
1749262372,0.00005805,12464537.69000000,5.876e-05
1749262372,0.00005804,345142.61000000,5.876e-05
1749262372,0.00005803,129154.47000000,5.876e-05
1749262372,0.00005802,1396219.98000000,5.876e-05
1749262372,0.00005801,108394224.84000000,5.876e-05
1749262372,0.00005800,49196720.01000000,5.876e-05
1749262372,0.00005799,157728.15000000,5.876e-05
1749262372,0.00005797,129210.10000000,5.876e-05
1749262372,0.00005796,14359280.50000000,5.876e-05
1749262372,0.00005794,220445.99000000,5.876e-05
1749262372,0.00005792,8953132.44000000,5.876e-05
1749262372,0.00005791,374428.68000000,5.876e-05
1749262372,0.00005790,2439189.05000000,5.876e-05
1749262372,0.00005788,129488.96000000,5.876e-05
1749262372,0.00005787,190659.25000000,5.876e-05
1749262372,0.00005785,129567.25000000,5.876e-05
1749262372,0.00005782,11418750.78000000,5.876e-05
1749262372,0.00005781,225248.67000000,5.876e-05
1749262372,0.00005780,4030510.40000000,5.876e-05
1749262372,0.00005778,7507727.33000000,5.876e-05
1749262372,0.00005777,554763.42000000,5.876e-05
1749262372,0.00005775,4511182.90000000,5.876e-05
1749262372,0.00005773,95440.18000000,5.876e-05
1749262372,0.00005772,195679.80000000,5.876e-05
1749262372,0.00005771,13015014.79000000,5.876e-05
1749262372,0.00005770,4246183.68000000,5.876e-05
1749262372,0.00005768,306604.14000000,5.876e-05
1749262372,0.00005767,110842.91000000,5.876e-05
1749262372,0.00005760,11440412.22000000,5.876e-05
1749262372,0.00005757,445314.56000000,5.876e-05
1749262372,0.00005756,93606.72000000,5.876e-05
1749262673,0.00005882,4884126.76000000,5.882e-05
1749262673,0.00005881,4257822.05000000,5.882e-05
1749262673,0.00005880,2017562.53000000,5.882e-05
1749262673,0.00005879,1884262.49000000,5.882e-05
1749262673,0.00005878,13526930.81000000,5.882e-05
1749262673,0.00005877,5409108.67000000,5.882e-05
1749262673,0.00005876,65622862.66000000,5.882e-05
1749262673,0.00005875,173923937.67000000,5.882e-05
1749262673,0.00005874,120075612.98000000,5.882e-05
1749262673,0.00005873,59586997.10000000,5.882e-05
1749262673,0.00005872,72787348.38000000,5.882e-05
1749262673,0.00005871,60045756.92000000,5.882e-05
1749262673,0.00005870,22273517.05000000,5.882e-05
1749262673,0.00005869,5469685.19000000,5.882e-05
1749262673,0.00005868,3247584.20000000,5.882e-05
1749262673,0.00005867,57753674.51000000,5.882e-05
1749262673,0.00005866,30077092.84000000,5.882e-05
1749262673,0.00005865,274666721.28000000,5.882e-05
1749262673,0.00005864,11990407.67000000,5.882e-05
1749262673,0.00005863,18614959.08000000,5.882e-05
1749262673,0.00005862,363340987.15000000,5.882e-05
1749262673,0.00005860,18091917.54000000,5.882e-05
1749262673,0.00005859,18360330.18000000,5.882e-05
1749262673,0.00005858,22166572.30000000,5.882e-05
1749262673,0.00005857,127953.60000000,5.882e-05
1749262673,0.00005856,29947838.44000000,5.882e-05
1749262673,0.00005855,372220663.11000000,5.882e-05
1749262673,0.00005854,22375252.84000000,5.882e-05
1749262673,0.00005853,17561675.54000000,5.882e-05
1749262673,0.00005852,11990407.67000000,5.882e-05
1749262673,0.00005851,10286073.10000000,5.882e-05
1749262673,0.00005850,13990407.67000000,5.882e-05
1749262673,0.00005849,10157977.45000000,5.882e-05
1749262673,0.00005848,24975090.35000000,5.882e-05
1749262673,0.00005847,10342687.56000000,5.882e-05
1749262673,0.00005846,25144845.87000000,5.882e-05
1749262673,0.00005845,128227.05000000,5.882e-05
1749262673,0.00005844,22750305.97000000,5.882e-05
1749262673,0.00005843,16630484.05000000,5.882e-05
1749262673,0.00005842,22284464.52000000,5.882e-05
1749262673,0.00005840,14659577.64000000,5.882e-05
1749262673,0.00005839,12118777.38000000,5.882e-05
1749262673,0.00005838,10257690.49000000,5.882e-05
1749262673,0.00005837,11990407.67000000,5.882e-05
1749262673,0.00005836,10286402.11000000,5.882e-05
1749262673,0.00005835,11990407.67000000,5.882e-05
1749262673,0.00005834,26814414.19000000,5.882e-05
1749262673,0.00005833,10390187.78000000,5.882e-05
1749262673,0.00005832,25509871.68000000,5.882e-05
1749262673,0.00005831,110842.91000000,5.882e-05
1749262673,0.00005830,14006113.41000000,5.882e-05
1749262673,0.00005829,11990407.67000000,5.882e-05
1749262673,0.00005828,18826688.20000000,5.882e-05
1749262673,0.00005827,12276000.79000000,5.882e-05
1749262673,0.00005826,266673.05000000,5.882e-05
1749262673,0.00005825,14611006.54000000,5.882e-05
1749262673,0.00005824,25099207.70000000,5.882e-05
1749262673,0.00005823,12562705.94000000,5.882e-05
1749262673,0.00005822,47303032.36000000,5.882e-05
1749262673,0.00005821,10403776.56000000,5.882e-05
1749262673,0.00005820,5931773.17000000,5.882e-05
1749262673,0.00005818,12312377.32000000,5.882e-05
1749262673,0.00005815,128899.21000000,5.882e-05
1749262673,0.00005812,128965.70000000,5.882e-05
1749262673,0.00005811,2214643.84000000,5.882e-05
1749262673,0.00005810,15421054.39000000,5.882e-05
1749262673,0.00005809,129032.26000000,5.882e-05
1749262673,0.00005808,9369872.41000000,5.882e-05
1749262673,0.00005806,129098.89000000,5.882e-05
1749262673,0.00005805,12464537.69000000,5.882e-05
1749262673,0.00005804,345142.61000000,5.882e-05
1749262673,0.00005803,129154.47000000,5.882e-05
1749262673,0.00005802,1396219.98000000,5.882e-05
1749262673,0.00005801,108394224.84000000,5.882e-05
1749262673,0.00005800,49300168.29000000,5.882e-05
1749262673,0.00005799,157728.15000000,5.882e-05
1749262673,0.00005797,129210.10000000,5.882e-05
1749262673,0.00005796,14359280.50000000,5.882e-05
1749262673,0.00005794,220445.99000000,5.882e-05
1749262673,0.00005791,11788455.35000000,5.882e-05
1749262673,0.00005790,2439189.05000000,5.882e-05
1749262673,0.00005788,129488.96000000,5.882e-05
1749262673,0.00005787,190659.25000000,5.882e-05
1749262673,0.00005785,129567.25000000,5.882e-05
1749262673,0.00005781,225248.67000000,5.882e-05
1749262673,0.00005780,4030510.40000000,5.882e-05
1749262673,0.00005778,7507727.33000000,5.882e-05
1749262673,0.00005777,554763.42000000,5.882e-05
1749262673,0.00005775,4511182.90000000,5.882e-05
1749262673,0.00005773,95440.18000000,5.882e-05
1749262673,0.00005772,195679.80000000,5.882e-05
1749262673,0.00005771,13015014.79000000,5.882e-05
1749262673,0.00005770,4246183.68000000,5.882e-05
1749262673,0.00005768,306604.14000000,5.882e-05
1749262673,0.00005767,110842.91000000,5.882e-05
1749262673,0.00005760,11440412.22000000,5.882e-05
1749262673,0.00005757,445314.56000000,5.882e-05
1749262673,0.00005756,93606.72000000,5.882e-05
1749262673,0.00005755,481290.31000000,5.882e-05
1749262673,0.00005754,99713.04000000,5.882e-05
1749262976,0.00005879,4366571.27000000,5.88e-05
1749262976,0.00005878,4001997.64000000,5.88e-05
1749262976,0.00005877,1131212.21000000,5.88e-05
1749262976,0.00005876,3264367.77000000,5.88e-05
1749262976,0.00005875,38305448.09000000,5.88e-05
1749262976,0.00005874,89983392.67000000,5.88e-05
1749262976,0.00005873,59262453.07000000,5.88e-05
1749262976,0.00005872,83691842.77000000,5.88e-05
1749262976,0.00005871,43029840.27000000,5.88e-05
1749262976,0.00005870,86204450.51000000,5.88e-05
1749262976,0.00005869,68873241.80000000,5.88e-05
1749262976,0.00005868,6298483.91000000,5.88e-05
1749262976,0.00005867,10289237.64000000,5.88e-05
1749262976,0.00005866,22408083.08000000,5.88e-05
1749262976,0.00005865,897150.85000000,5.88e-05
1749262976,0.00005864,68755730.81000000,5.88e-05
1749262976,0.00005863,10297051.27000000,5.88e-05
1749262976,0.00005862,22160502.68000000,5.88e-05
1749262976,0.00005861,308749819.73000000,5.88e-05
1749262976,0.00005860,18091917.54000000,5.88e-05
1749262976,0.00005859,10171828.45000000,5.88e-05
1749262976,0.00005858,30491579.72000000,5.88e-05
1749262976,0.00005857,341599696.81000000,5.88e-05
1749262976,0.00005856,25910171.12000000,5.88e-05
1749262976,0.00005855,372220663.11000000,5.88e-05
1749262976,0.00005854,30570748.50000000,5.88e-05
1749262976,0.00005853,25669262.56000000,5.88e-05
1749262976,0.00005852,11990407.67000000,5.88e-05
1749262976,0.00005851,10286073.10000000,5.88e-05
1749262976,0.00005850,13990407.67000000,5.88e-05
1749262976,0.00005849,10157977.45000000,5.88e-05
1749262976,0.00005848,24975090.35000000,5.88e-05
1749262976,0.00005847,14386569.86000000,5.88e-05
1749262976,0.00005846,25144845.87000000,5.88e-05
1749262976,0.00005845,128227.05000000,5.88e-05
1749262976,0.00005844,22750305.97000000,5.88e-05
1749262976,0.00005843,16630484.05000000,5.88e-05
1749262976,0.00005842,22284464.52000000,5.88e-05
1749262976,0.00005840,14659577.64000000,5.88e-05
1749262976,0.00005839,12118777.38000000,5.88e-05
1749262976,0.00005838,10257690.49000000,5.88e-05
1749262976,0.00005837,11990407.67000000,5.88e-05
1749262976,0.00005836,10286402.11000000,5.88e-05
1749262976,0.00005835,11990407.67000000,5.88e-05
1749262976,0.00005834,26814414.19000000,5.88e-05
1749262976,0.00005833,10390187.78000000,5.88e-05
1749262976,0.00005832,11990407.67000000,5.88e-05
1749262976,0.00005831,110842.91000000,5.88e-05
1749262976,0.00005830,14006113.41000000,5.88e-05
1749262976,0.00005829,11990407.67000000,5.88e-05
1749262976,0.00005828,18826688.20000000,5.88e-05
1749262976,0.00005827,12276000.79000000,5.88e-05
1749262976,0.00005826,266673.05000000,5.88e-05
1749262976,0.00005825,28147441.14000000,5.88e-05
1749262976,0.00005824,25099207.70000000,5.88e-05
1749262976,0.00005823,14772800.69000000,5.88e-05
1749262976,0.00005822,47303032.36000000,5.88e-05
1749262976,0.00005821,10403776.56000000,5.88e-05
1749262976,0.00005820,5931773.17000000,5.88e-05
1749262976,0.00005818,12312377.32000000,5.88e-05
1749262976,0.00005815,128899.21000000,5.88e-05
1749262976,0.00005812,128965.70000000,5.88e-05
1749262976,0.00005810,15421054.39000000,5.88e-05
1749262976,0.00005809,129032.26000000,5.88e-05
1749262976,0.00005808,9369872.41000000,5.88e-05
1749262976,0.00005806,129098.89000000,5.88e-05
1749262976,0.00005805,12464537.69000000,5.88e-05
1749262976,0.00005804,345142.61000000,5.88e-05
1749262976,0.00005803,129154.47000000,5.88e-05
1749262976,0.00005802,1396219.98000000,5.88e-05
1749262976,0.00005801,108394224.84000000,5.88e-05
1749262976,0.00005800,49300168.29000000,5.88e-05
1749262976,0.00005799,157728.15000000,5.88e-05
1749262976,0.00005797,129210.10000000,5.88e-05
1749262976,0.00005796,14359280.50000000,5.88e-05
1749262976,0.00005794,220445.99000000,5.88e-05
1749262976,0.00005791,11788455.35000000,5.88e-05
1749262976,0.00005790,2439189.05000000,5.88e-05
1749262976,0.00005788,129488.96000000,5.88e-05
1749262976,0.00005787,190659.25000000,5.88e-05
1749262976,0.00005785,129567.25000000,5.88e-05
1749262976,0.00005781,225248.67000000,5.88e-05
1749262976,0.00005780,4030510.40000000,5.88e-05
1749262976,0.00005778,7507727.33000000,5.88e-05
1749262976,0.00005777,554763.42000000,5.88e-05
1749262976,0.00005775,4511182.90000000,5.88e-05
1749262976,0.00005773,95440.18000000,5.88e-05
1749262976,0.00005772,195679.80000000,5.88e-05
1749262976,0.00005771,13015014.79000000,5.88e-05
1749262976,0.00005770,4246183.68000000,5.88e-05
1749262976,0.00005768,306604.14000000,5.88e-05
1749262976,0.00005767,110842.91000000,5.88e-05
1749262976,0.00005760,11440412.22000000,5.88e-05
1749262976,0.00005757,445314.56000000,5.88e-05
1749262976,0.00005756,93606.72000000,5.88e-05
1749262976,0.00005755,481290.31000000,5.88e-05
1749262976,0.00005754,99713.04000000,5.88e-05
1749262976,0.00005751,36231884.05000000,5.88e-05
1749262976,0.00005750,29320851.88000000,5.88e-05
1749262976,0.00005746,100000.00000000,5.88e-05
1749263284,0.00005887,6626243.70000000,5.888e-05
1749263284,0.00005886,6279121.51000000,5.888e-05
1749263284,0.00005885,3101235.14000000,5.888e-05
1749263284,0.00005884,1269196.53000000,5.888e-05
1749263284,0.00005883,14062956.19000000,5.888e-05
1749263284,0.00005882,46272979.71000000,5.888e-05
1749263284,0.00005881,123994035.71000000,5.888e-05
1749263284,0.00005880,76659721.25000000,5.888e-05
1749263284,0.00005879,51697151.25000000,5.888e-05
1749263284,0.00005878,56251553.98000000,5.888e-05
1749263284,0.00005877,123422113.38000000,5.888e-05
1749263284,0.00005876,63695919.45000000,5.888e-05
1749263284,0.00005875,1262289.07000000,5.888e-05
1749263284,0.00005874,64844319.01000000,5.888e-05
1749263284,0.00005873,11001879.23000000,5.888e-05
1749263284,0.00005872,17314190.64000000,5.888e-05
1749263284,0.00005871,11279903.51000000,5.888e-05
1749263284,0.00005870,298029546.43000000,5.888e-05
1749263284,0.00005869,17492041.76000000,5.888e-05
1749263284,0.00005868,1831915.58000000,5.888e-05
1749263284,0.00005867,351178959.81000000,5.888e-05
1749263284,0.00005866,22280466.94000000,5.888e-05
1749263284,0.00005864,11990407.67000000,5.888e-05
1749263284,0.00005863,10297051.27000000,5.888e-05
1749263284,0.00005862,30480300.31000000,5.888e-05
1749263284,0.00005861,8109841.89000000,5.888e-05
1749263284,0.00005860,17738026.52000000,5.888e-05
1749263284,0.00005859,18360330.18000000,5.888e-05
1749263284,0.00005858,22166572.30000000,5.888e-05
1749263284,0.00005857,127953.60000000,5.888e-05
1749263284,0.00005856,22170043.92000000,5.888e-05
1749263284,0.00005855,156219.57000000,5.888e-05
1749263284,0.00005854,26415346.31000000,5.888e-05
1749263284,0.00005853,17561675.54000000,5.888e-05
1749263284,0.00005852,11990407.67000000,5.888e-05
1749263284,0.00005851,10286073.10000000,5.888e-05
1749263284,0.00005850,13990407.67000000,5.888e-05
1749263284,0.00005849,10157977.45000000,5.888e-05
1749263284,0.00005848,40767694.68000000,5.888e-05
1749263284,0.00005847,10342687.56000000,5.888e-05
1749263284,0.00005846,25144845.87000000,5.888e-05
1749263284,0.00005845,128227.05000000,5.888e-05
1749263284,0.00005844,22750305.97000000,5.888e-05
1749263284,0.00005843,832396.29000000,5.888e-05
1749263284,0.00005842,22284464.52000000,5.888e-05
1749263284,0.00005841,372956226.13000000,5.888e-05
1749263284,0.00005840,14659577.64000000,5.888e-05
1749263284,0.00005839,12118777.38000000,5.888e-05
1749263284,0.00005838,10257690.49000000,5.888e-05
1749263284,0.00005837,26221259.09000000,5.888e-05
1749263284,0.00005836,10286402.11000000,5.888e-05
1749263284,0.00005835,11990407.67000000,5.888e-05
1749263284,0.00005834,12578244.58000000,5.888e-05
1749263284,0.00005833,10390187.78000000,5.888e-05
1749263284,0.00005832,11990407.67000000,5.888e-05
1749263284,0.00005831,110842.91000000,5.888e-05
1749263284,0.00005830,14006113.41000000,5.888e-05
1749263284,0.00005829,11990407.67000000,5.888e-05
1749263284,0.00005828,18826688.20000000,5.888e-05
1749263284,0.00005827,12276000.79000000,5.888e-05
1749263284,0.00005826,266673.05000000,5.888e-05
1749263284,0.00005825,28147441.14000000,5.888e-05
1749263284,0.00005824,25099207.70000000,5.888e-05
1749263284,0.00005823,14772800.69000000,5.888e-05
1749263284,0.00005822,47303032.36000000,5.888e-05
1749263284,0.00005821,10403776.56000000,5.888e-05
1749263284,0.00005820,5931773.17000000,5.888e-05
1749263284,0.00005818,12312377.32000000,5.888e-05
1749263284,0.00005815,128899.21000000,5.888e-05
1749263284,0.00005812,128965.70000000,5.888e-05
1749263284,0.00005810,15421054.39000000,5.888e-05
1749263284,0.00005809,129032.26000000,5.888e-05
1749263284,0.00005808,9369872.41000000,5.888e-05
1749263284,0.00005806,129098.89000000,5.888e-05
1749263284,0.00005805,12464537.69000000,5.888e-05
1749263284,0.00005804,345142.61000000,5.888e-05
1749263284,0.00005803,129154.47000000,5.888e-05
1749263284,0.00005802,6256780.89000000,5.888e-05
1749263284,0.00005801,119791742.50000000,5.888e-05
1749263284,0.00005800,49300168.29000000,5.888e-05
1749263284,0.00005799,157728.15000000,5.888e-05
1749263284,0.00005797,129210.10000000,5.888e-05
1749263284,0.00005796,14359280.50000000,5.888e-05
1749263284,0.00005794,220445.99000000,5.888e-05
1749263284,0.00005793,7488287.33000000,5.888e-05
1749263284,0.00005791,374428.68000000,5.888e-05
1749263284,0.00005790,2439189.05000000,5.888e-05
1749263284,0.00005788,129488.96000000,5.888e-05
1749263284,0.00005787,190659.25000000,5.888e-05
1749263284,0.00005785,129567.25000000,5.888e-05
1749263284,0.00005781,225248.67000000,5.888e-05
1749263284,0.00005780,4030510.40000000,5.888e-05
1749263284,0.00005777,554763.42000000,5.888e-05
1749263284,0.00005775,4511182.90000000,5.888e-05
1749263284,0.00005773,95440.18000000,5.888e-05
1749263284,0.00005772,195679.80000000,5.888e-05
1749263284,0.00005771,13015014.79000000,5.888e-05
1749263284,0.00005770,4246183.68000000,5.888e-05
1749263284,0.00005768,306604.14000000,5.888e-05
1749263284,0.00005767,110842.91000000,5.888e-05
1749263586,0.00005885,9327285.33000000,5.886e-05
1749263586,0.00005884,7772308.80000000,5.886e-05
1749263586,0.00005883,6697192.34000000,5.886e-05
1749263586,0.00005882,20591382.47000000,5.886e-05
1749263586,0.00005881,60607629.70000000,5.886e-05
1749263586,0.00005880,50784400.79000000,5.886e-05
1749263586,0.00005879,96558137.11000000,5.886e-05
1749263586,0.00005878,60952259.48000000,5.886e-05
1749263586,0.00005877,118656593.37000000,5.886e-05
1749263586,0.00005876,100470356.84000000,5.886e-05
1749263586,0.00005875,1179237.53000000,5.886e-05
1749263586,0.00005874,15574059.80000000,5.886e-05
1749263586,0.00005873,10277873.26000000,5.886e-05
1749263586,0.00005872,67023930.24000000,5.886e-05
1749263586,0.00005871,10150202.82000000,5.886e-05
1749263586,0.00005870,12079366.93000000,5.886e-05
1749263586,0.00005869,307901130.18000000,5.886e-05
1749263586,0.00005868,3118145.30000000,5.886e-05
1749263586,0.00005867,25354790.40000000,5.886e-05
1749263586,0.00005866,22280466.94000000,5.886e-05
1749263586,0.00005865,4087147.94000000,5.886e-05
1749263586,0.00005864,11990407.67000000,5.886e-05
1749263586,0.00005863,10297051.27000000,5.886e-05
1749263586,0.00005862,23576411.83000000,5.886e-05
1749263586,0.00005860,26060663.67000000,5.886e-05
1749263586,0.00005859,18360330.18000000,5.886e-05
1749263586,0.00005858,22166572.30000000,5.886e-05
1749263586,0.00005857,127953.60000000,5.886e-05
1749263586,0.00005856,26208043.32000000,5.886e-05
1749263586,0.00005855,372220663.11000000,5.886e-05
1749263586,0.00005854,22375252.84000000,5.886e-05
1749263586,0.00005853,13522239.13000000,5.886e-05
1749263586,0.00005852,11990407.67000000,5.886e-05
1749263586,0.00005851,14328238.06000000,5.886e-05
1749263586,0.00005850,13990407.67000000,5.886e-05
1749263586,0.00005849,10666511.05000000,5.886e-05
1749263586,0.00005848,40767694.68000000,5.886e-05
1749263586,0.00005847,10342687.56000000,5.886e-05
1749263586,0.00005846,25144845.87000000,5.886e-05
1749263586,0.00005845,128227.05000000,5.886e-05
1749263586,0.00005844,22241991.84000000,5.886e-05
1749263586,0.00005843,832396.29000000,5.886e-05
1749263586,0.00005842,22284464.52000000,5.886e-05
1749263586,0.00005840,14659577.64000000,5.886e-05
1749263586,0.00005839,12118777.38000000,5.886e-05
1749263586,0.00005838,10257690.49000000,5.886e-05
1749263586,0.00005837,26221259.09000000,5.886e-05
1749263586,0.00005836,10286402.11000000,5.886e-05
1749263586,0.00005835,12093233.61000000,5.886e-05
1749263586,0.00005834,12578244.58000000,5.886e-05
1749263586,0.00005833,23805603.17000000,5.886e-05
1749263586,0.00005832,11990407.67000000,5.886e-05
1749263586,0.00005831,110842.91000000,5.886e-05
1749263586,0.00005830,14006113.41000000,5.886e-05
1749263586,0.00005829,11990407.67000000,5.886e-05
1749263586,0.00005828,18826688.20000000,5.886e-05
1749263586,0.00005827,12276000.79000000,5.886e-05
1749263586,0.00005826,266673.05000000,5.886e-05
1749263586,0.00005825,14611006.54000000,5.886e-05
1749263586,0.00005824,25099207.70000000,5.886e-05
1749263586,0.00005823,2782393.02000000,5.886e-05
1749263586,0.00005822,47303032.36000000,5.886e-05
1749263586,0.00005821,10403776.56000000,5.886e-05
1749263586,0.00005820,18364185.77000000,5.886e-05
1749263586,0.00005818,321969.65000000,5.886e-05
1749263586,0.00005815,128899.21000000,5.886e-05
1749263586,0.00005812,128965.70000000,5.886e-05
1749263586,0.00005810,15421054.39000000,5.886e-05
1749263586,0.00005809,129032.26000000,5.886e-05
1749263586,0.00005808,9369872.41000000,5.886e-05
1749263586,0.00005806,129098.89000000,5.886e-05
1749263586,0.00005804,345142.61000000,5.886e-05
1749263586,0.00005803,129154.47000000,5.886e-05
1749263586,0.00005802,7040642.94000000,5.886e-05
1749263586,0.00005801,108394224.84000000,5.886e-05
1749263586,0.00005800,60690999.44000000,5.886e-05
1749263586,0.00005799,157728.15000000,5.886e-05
1749263586,0.00005797,129210.10000000,5.886e-05
1749263586,0.00005796,14359280.50000000,5.886e-05
1749263586,0.00005794,220445.99000000,5.886e-05
1749263586,0.00005793,7488287.33000000,5.886e-05
1749263586,0.00005791,374428.68000000,5.886e-05
1749263586,0.00005790,2439189.05000000,5.886e-05
1749263586,0.00005788,129488.96000000,5.886e-05
1749263586,0.00005787,190659.25000000,5.886e-05
1749263586,0.00005785,129567.25000000,5.886e-05
1749263586,0.00005781,225248.67000000,5.886e-05
1749263586,0.00005780,4030510.40000000,5.886e-05
1749263586,0.00005777,554763.42000000,5.886e-05
1749263586,0.00005775,4511182.90000000,5.886e-05
1749263586,0.00005773,95440.18000000,5.886e-05
1749263586,0.00005772,195679.80000000,5.886e-05
1749263586,0.00005771,13015014.79000000,5.886e-05
1749263586,0.00005770,4246183.68000000,5.886e-05
1749263586,0.00005768,306604.14000000,5.886e-05
1749263586,0.00005767,110842.91000000,5.886e-05
1749263586,0.00005760,11440412.22000000,5.886e-05
1749263586,0.00005757,445314.56000000,5.886e-05
1749263586,0.00005756,93606.72000000,5.886e-05
1749263586,0.00005755,481290.31000000,5.886e-05
1749263887,0.00005892,5097662.87000000,5.89e-05
1749263887,0.00005891,3749544.53000000,5.89e-05
1749263887,0.00005890,4349684.51000000,5.89e-05
1749263887,0.00005889,9486869.64000000,5.89e-05
1749263887,0.00005888,53661088.69000000,5.89e-05
1749263887,0.00005887,39223772.24000000,5.89e-05
1749263887,0.00005886,15100497.59000000,5.89e-05
1749263887,0.00005885,6823447.79000000,5.89e-05
1749263887,0.00005884,40097532.41000000,5.89e-05
1749263887,0.00005883,78123460.28000000,5.89e-05
1749263887,0.00005882,124909957.66000000,5.89e-05
1749263887,0.00005881,65376697.30000000,5.89e-05
1749263887,0.00005880,42205176.80000000,5.89e-05
1749263887,0.00005879,26376293.21000000,5.89e-05
1749263887,0.00005878,72368243.61000000,5.89e-05
1749263887,0.00005877,127561.87000000,5.89e-05
1749263887,0.00005876,30556300.87000000,5.89e-05
1749263887,0.00005875,294297731.20000000,5.89e-05
1749263887,0.00005874,13532490.97000000,5.89e-05
1749263887,0.00005873,17349611.53000000,5.89e-05
1749263887,0.00005872,12245531.50000000,5.89e-05
1749263887,0.00005871,10150202.82000000,5.89e-05
1749263887,0.00005870,12079366.93000000,5.89e-05
1749263887,0.00005869,18597768.76000000,5.89e-05
1749263887,0.00005868,1704158.14000000,5.89e-05
1749263887,0.00005867,18277040.28000000,5.89e-05
1749263887,0.00005866,22280466.94000000,5.89e-05
1749263887,0.00005865,4087147.94000000,5.89e-05
1749263887,0.00005864,20171927.39000000,5.89e-05
1749263887,0.00005863,10297051.27000000,5.89e-05
1749263887,0.00005862,22160502.68000000,5.89e-05
1749263887,0.00005860,18037047.29000000,5.89e-05
1749263887,0.00005859,10171828.45000000,5.89e-05
1749263887,0.00005858,22166572.30000000,5.89e-05
1749263887,0.00005857,375804197.80000000,5.89e-05
1749263887,0.00005856,26208043.32000000,5.89e-05
1749263887,0.00005855,156219.57000000,5.89e-05
1749263887,0.00005854,22375252.84000000,5.89e-05
1749263887,0.00005853,13522239.13000000,5.89e-05
1749263887,0.00005852,11990407.67000000,5.89e-05
1749263887,0.00005851,10286073.10000000,5.89e-05
1749263887,0.00005850,13990407.67000000,5.89e-05
1749263887,0.00005849,10666511.05000000,5.89e-05
1749263887,0.00005848,40767694.68000000,5.89e-05
1749263887,0.00005847,10342687.56000000,5.89e-05
1749263887,0.00005846,25144845.87000000,5.89e-05
1749263887,0.00005845,128227.05000000,5.89e-05
1749263887,0.00005844,22241991.84000000,5.89e-05
1749263887,0.00005843,832396.29000000,5.89e-05
1749263887,0.00005842,22284464.52000000,5.89e-05
1749263887,0.00005840,14659577.64000000,5.89e-05
1749263887,0.00005839,12118777.38000000,5.89e-05
1749263887,0.00005838,10257690.49000000,5.89e-05
1749263887,0.00005837,26221259.09000000,5.89e-05
1749263887,0.00005836,10286402.11000000,5.89e-05
1749263887,0.00005835,12093233.61000000,5.89e-05
1749263887,0.00005834,12578244.58000000,5.89e-05
1749263887,0.00005833,23805603.17000000,5.89e-05
1749263887,0.00005832,11990407.67000000,5.89e-05
1749263887,0.00005831,110842.91000000,5.89e-05
1749263887,0.00005830,14006113.41000000,5.89e-05
1749263887,0.00005829,11990407.67000000,5.89e-05
1749263887,0.00005828,18826688.20000000,5.89e-05
1749263887,0.00005827,27058658.98000000,5.89e-05
1749263887,0.00005826,266673.05000000,5.89e-05
1749263887,0.00005825,14611006.54000000,5.89e-05
1749263887,0.00005824,10309193.62000000,5.89e-05
1749263887,0.00005823,2782393.02000000,5.89e-05
1749263887,0.00005822,47303032.36000000,5.89e-05
1749263887,0.00005821,10403776.56000000,5.89e-05
1749263887,0.00005820,18364185.77000000,5.89e-05
1749263887,0.00005818,321969.65000000,5.89e-05
1749263887,0.00005815,128899.21000000,5.89e-05
1749263887,0.00005812,128965.70000000,5.89e-05
1749263887,0.00005810,15421054.39000000,5.89e-05
1749263887,0.00005809,129032.26000000,5.89e-05
1749263887,0.00005808,9369872.41000000,5.89e-05
1749263887,0.00005806,129098.89000000,5.89e-05
1749263887,0.00005804,345142.61000000,5.89e-05
1749263887,0.00005803,129154.47000000,5.89e-05
1749263887,0.00005802,5300064.26000000,5.89e-05
1749263887,0.00005801,108394224.84000000,5.89e-05
1749263887,0.00005800,60690999.44000000,5.89e-05
1749263887,0.00005799,157728.15000000,5.89e-05
1749263887,0.00005797,129210.10000000,5.89e-05
1749263887,0.00005796,14359280.50000000,5.89e-05
1749263887,0.00005794,220445.99000000,5.89e-05
1749263887,0.00005793,7488287.33000000,5.89e-05
1749263887,0.00005791,374428.68000000,5.89e-05
1749263887,0.00005790,2439189.05000000,5.89e-05
1749263887,0.00005788,129488.96000000,5.89e-05
1749263887,0.00005787,190659.25000000,5.89e-05
1749263887,0.00005785,129567.25000000,5.89e-05
1749263887,0.00005781,225248.67000000,5.89e-05
1749263887,0.00005780,4030510.40000000,5.89e-05
1749263887,0.00005777,554763.42000000,5.89e-05
1749263887,0.00005775,4511182.90000000,5.89e-05
1749263887,0.00005773,95440.18000000,5.89e-05
1749263887,0.00005772,195679.80000000,5.89e-05
1749263887,0.00005771,13015014.79000000,5.89e-05
1749264189,0.00005880,855203.10000000,5.88e-05
1749264189,0.00005879,3215528.63000000,5.88e-05
1749264189,0.00005878,17173639.89000000,5.88e-05
1749264189,0.00005877,42821648.82000000,5.88e-05
1749264189,0.00005876,15977682.93000000,5.88e-05
1749264189,0.00005875,6077260.40000000,5.88e-05
1749264189,0.00005874,30589176.83000000,5.88e-05
1749264189,0.00005873,83153198.35000000,5.88e-05
1749264189,0.00005872,154403513.34000000,5.88e-05
1749264189,0.00005871,66722911.38000000,5.88e-05
1749264189,0.00005870,29996768.09000000,5.88e-05
1749264189,0.00005869,10414096.11000000,5.88e-05
1749264189,0.00005868,4101771.64000000,5.88e-05
1749264189,0.00005867,59732815.72000000,5.88e-05
1749264189,0.00005866,27377763.62000000,5.88e-05
1749264189,0.00005864,309108415.85000000,5.88e-05
1749264189,0.00005863,10297051.27000000,5.88e-05
1749264189,0.00005862,30647669.11000000,5.88e-05
1749264189,0.00005860,30356126.40000000,5.88e-05
1749264189,0.00005859,355619044.87000000,5.88e-05
1749264189,0.00005858,30356471.86000000,5.88e-05
1749264189,0.00005857,127953.60000000,5.88e-05
1749264189,0.00005856,23587156.97000000,5.88e-05
1749264189,0.00005855,372220663.11000000,5.88e-05
1749264189,0.00005854,22375252.84000000,5.88e-05
1749264189,0.00005853,17562643.65000000,5.88e-05
1749264189,0.00005852,15733127.82000000,5.88e-05
1749264189,0.00005851,14328238.06000000,5.88e-05
1749264189,0.00005850,13990407.67000000,5.88e-05
1749264189,0.00005849,10666511.05000000,5.88e-05
1749264189,0.00005848,40767694.68000000,5.88e-05
1749264189,0.00005847,10342687.56000000,5.88e-05
1749264189,0.00005846,25144845.87000000,5.88e-05
1749264189,0.00005845,128227.05000000,5.88e-05
1749264189,0.00005844,22241991.84000000,5.88e-05
1749264189,0.00005843,832396.29000000,5.88e-05
1749264189,0.00005842,22284464.52000000,5.88e-05
1749264189,0.00005840,14659577.64000000,5.88e-05
1749264189,0.00005839,12118777.38000000,5.88e-05
1749264189,0.00005838,10257690.49000000,5.88e-05
1749264189,0.00005837,26221259.09000000,5.88e-05
1749264189,0.00005836,10286402.11000000,5.88e-05
1749264189,0.00005835,12093233.61000000,5.88e-05
1749264189,0.00005834,12578244.58000000,5.88e-05
1749264189,0.00005833,23805603.17000000,5.88e-05
1749264189,0.00005832,11990407.67000000,5.88e-05
1749264189,0.00005831,110842.91000000,5.88e-05
1749264189,0.00005830,14006113.41000000,5.88e-05
1749264189,0.00005829,11990407.67000000,5.88e-05
1749264189,0.00005828,18826688.20000000,5.88e-05
1749264189,0.00005827,285593.12000000,5.88e-05
1749264189,0.00005826,266673.05000000,5.88e-05
1749264189,0.00005825,14611006.54000000,5.88e-05
1749264189,0.00005824,10309193.62000000,5.88e-05
1749264189,0.00005823,572298.27000000,5.88e-05
1749264189,0.00005822,33066860.25000000,5.88e-05
1749264189,0.00005821,10403776.56000000,5.88e-05
1749264189,0.00005820,18364185.77000000,5.88e-05
1749264189,0.00005818,321969.65000000,5.88e-05
1749264189,0.00005817,16462597.45000000,5.88e-05
1749264189,0.00005816,14811947.90000000,5.88e-05
1749264189,0.00005815,128899.21000000,5.88e-05
1749264189,0.00005812,128965.70000000,5.88e-05
1749264189,0.00005810,15421054.39000000,5.88e-05
1749264189,0.00005809,129032.26000000,5.88e-05
1749264189,0.00005808,9369872.41000000,5.88e-05
1749264189,0.00005806,129098.89000000,5.88e-05
1749264189,0.00005804,345142.61000000,5.88e-05
1749264189,0.00005803,129154.47000000,5.88e-05
1749264189,0.00005802,5299326.60000000,5.88e-05
1749264189,0.00005801,108394224.84000000,5.88e-05
1749264189,0.00005800,49300168.29000000,5.88e-05
1749264189,0.00005799,157728.15000000,5.88e-05
1749264189,0.00005797,129210.10000000,5.88e-05
1749264189,0.00005796,14359280.50000000,5.88e-05
1749264189,0.00005794,220445.99000000,5.88e-05
1749264189,0.00005793,7488287.33000000,5.88e-05
1749264189,0.00005791,11790339.26000000,5.88e-05
1749264189,0.00005790,2439189.05000000,5.88e-05
1749264189,0.00005788,129488.96000000,5.88e-05
1749264189,0.00005787,190659.25000000,5.88e-05
1749264189,0.00005785,129567.25000000,5.88e-05
1749264189,0.00005781,225248.67000000,5.88e-05
1749264189,0.00005780,4030510.40000000,5.88e-05
1749264189,0.00005777,554763.42000000,5.88e-05
1749264189,0.00005775,4511182.90000000,5.88e-05
1749264189,0.00005773,95440.18000000,5.88e-05
1749264189,0.00005772,195679.80000000,5.88e-05
1749264189,0.00005771,13015014.79000000,5.88e-05
1749264189,0.00005770,4246183.68000000,5.88e-05
1749264189,0.00005768,306604.14000000,5.88e-05
1749264189,0.00005767,110842.91000000,5.88e-05
1749264189,0.00005760,11440412.22000000,5.88e-05
1749264189,0.00005757,445314.56000000,5.88e-05
1749264189,0.00005756,93606.72000000,5.88e-05
1749264189,0.00005755,481290.31000000,5.88e-05
1749264189,0.00005754,99713.04000000,5.88e-05
1749264189,0.00005751,36231884.05000000,5.88e-05
1749264189,0.00005750,29320851.88000000,5.88e-05
1749264189,0.00005746,100000.00000000,5.88e-05
1749264491,0.00005884,18967812.04000000,5.884e-05
1749264491,0.00005883,10474142.55000000,5.884e-05
1749264491,0.00005882,2869230.11000000,5.884e-05
1749264491,0.00005881,10872002.48000000,5.884e-05
1749264491,0.00005880,56183257.71000000,5.884e-05
1749264491,0.00005879,28430576.88000000,5.884e-05
1749264491,0.00005878,35232565.00000000,5.884e-05
1749264491,0.00005877,18090584.13000000,5.884e-05
1749264491,0.00005876,56549387.32000000,5.884e-05
1749264491,0.00005875,95366812.76000000,5.884e-05
1749264491,0.00005874,89776254.82000000,5.884e-05
1749264491,0.00005873,98882948.02000000,5.884e-05
1749264491,0.00005872,29287199.18000000,5.884e-05
1749264491,0.00005871,58499058.16000000,5.884e-05
1749264491,0.00005870,15308716.42000000,5.884e-05
1749264491,0.00005869,10414096.11000000,5.884e-05
1749264491,0.00005868,263708060.22000000,5.884e-05
1749264491,0.00005867,10380256.12000000,5.884e-05
1749264491,0.00005866,22408093.94000000,5.884e-05
1749264491,0.00005865,7199386.99000000,5.884e-05
1749264491,0.00005864,11990407.67000000,5.884e-05
1749264491,0.00005863,351419343.61000000,5.884e-05
1749264491,0.00005862,23577615.73000000,5.884e-05
1749264491,0.00005860,30358204.09000000,5.884e-05
1749264491,0.00005859,14263864.81000000,5.884e-05
1749264491,0.00005858,30356471.86000000,5.884e-05
1749264491,0.00005857,127953.60000000,5.884e-05
1749264491,0.00005856,394170951.85000000,5.884e-05
1749264491,0.00005855,156219.57000000,5.884e-05
1749264491,0.00005854,22375252.84000000,5.884e-05
1749264491,0.00005853,13522239.13000000,5.884e-05
1749264491,0.00005852,19775304.85000000,5.884e-05
1749264491,0.00005851,14328238.06000000,5.884e-05
1749264491,0.00005850,13990407.67000000,5.884e-05
1749264491,0.00005849,10666511.05000000,5.884e-05
1749264491,0.00005848,24975090.35000000,5.884e-05
1749264491,0.00005847,10342687.56000000,5.884e-05
1749264491,0.00005846,25144845.87000000,5.884e-05
1749264491,0.00005845,128227.05000000,5.884e-05
1749264491,0.00005844,22241991.84000000,5.884e-05
1749264491,0.00005843,832396.29000000,5.884e-05
1749264491,0.00005842,22284464.52000000,5.884e-05
1749264491,0.00005840,14659577.64000000,5.884e-05
1749264491,0.00005839,27939522.50000000,5.884e-05
1749264491,0.00005838,10257690.49000000,5.884e-05
1749264491,0.00005837,11990407.67000000,5.884e-05
1749264491,0.00005836,10286402.11000000,5.884e-05
1749264491,0.00005835,12093233.61000000,5.884e-05
1749264491,0.00005834,225248.67000000,5.884e-05
1749264491,0.00005833,10287332.70000000,5.884e-05
1749264491,0.00005832,11990407.67000000,5.884e-05
1749264491,0.00005831,110842.91000000,5.884e-05
1749264491,0.00005830,14006113.41000000,5.884e-05
1749264491,0.00005829,11990407.67000000,5.884e-05
1749264491,0.00005828,18826688.20000000,5.884e-05
1749264491,0.00005827,285593.12000000,5.884e-05
1749264491,0.00005826,266673.05000000,5.884e-05
1749264491,0.00005825,14611006.54000000,5.884e-05
1749264491,0.00005824,10309193.62000000,5.884e-05
1749264491,0.00005823,572298.27000000,5.884e-05
1749264491,0.00005822,47334376.52000000,5.884e-05
1749264491,0.00005821,23950338.67000000,5.884e-05
1749264491,0.00005820,5931773.17000000,5.884e-05
1749264491,0.00005819,12384838.99000000,5.884e-05
1749264491,0.00005818,321969.65000000,5.884e-05
1749264491,0.00005817,16462597.45000000,5.884e-05
1749264491,0.00005815,128899.21000000,5.884e-05
1749264491,0.00005812,128965.70000000,5.884e-05
1749264491,0.00005811,14825072.55000000,5.884e-05
1749264491,0.00005810,15421054.39000000,5.884e-05
1749264491,0.00005809,129032.26000000,5.884e-05
1749264491,0.00005808,9369872.41000000,5.884e-05
1749264491,0.00005806,129098.89000000,5.884e-05
1749264491,0.00005805,12464537.69000000,5.884e-05
1749264491,0.00005804,345142.61000000,5.884e-05
1749264491,0.00005803,129154.47000000,5.884e-05
1749264491,0.00005802,5300679.55000000,5.884e-05
1749264491,0.00005801,108394224.84000000,5.884e-05
1749264491,0.00005800,49300168.29000000,5.884e-05
1749264491,0.00005799,157728.15000000,5.884e-05
1749264491,0.00005797,129210.10000000,5.884e-05
1749264491,0.00005796,14359280.50000000,5.884e-05
1749264491,0.00005794,220445.99000000,5.884e-05
1749264491,0.00005793,7488287.33000000,5.884e-05
1749264491,0.00005791,11790339.26000000,5.884e-05
1749264491,0.00005790,2439189.05000000,5.884e-05
1749264491,0.00005788,129488.96000000,5.884e-05
1749264491,0.00005787,190659.25000000,5.884e-05
1749264491,0.00005785,129567.25000000,5.884e-05
1749264491,0.00005781,225248.67000000,5.884e-05
1749264491,0.00005780,4030510.40000000,5.884e-05
1749264491,0.00005777,554763.42000000,5.884e-05
1749264491,0.00005775,4511182.90000000,5.884e-05
1749264491,0.00005773,95440.18000000,5.884e-05
1749264491,0.00005772,195679.80000000,5.884e-05
1749264491,0.00005771,13015014.79000000,5.884e-05
1749264491,0.00005770,4246183.68000000,5.884e-05
1749264491,0.00005768,306604.14000000,5.884e-05
1749264491,0.00005767,110842.91000000,5.884e-05
1749264491,0.00005760,11440412.22000000,5.884e-05
1749264792,0.00005892,2912114.16000000,5.89e-05
1749264792,0.00005891,5170179.70000000,5.89e-05
1749264792,0.00005890,2095275.95000000,5.89e-05
1749264792,0.00005889,15698866.82000000,5.89e-05
1749264792,0.00005888,54291313.79000000,5.89e-05
1749264792,0.00005887,56845868.40000000,5.89e-05
1749264792,0.00005886,64862971.35000000,5.89e-05
1749264792,0.00005885,108702784.23000000,5.89e-05
1749264792,0.00005884,102937866.45000000,5.89e-05
1749264792,0.00005883,46973543.17000000,5.89e-05
1749264792,0.00005882,23228053.27000000,5.89e-05
1749264792,0.00005881,925452.87000000,5.89e-05
1749264792,0.00005880,57785776.62000000,5.89e-05
1749264792,0.00005879,10269118.48000000,5.89e-05
1749264792,0.00005878,277880035.93000000,5.89e-05
1749264792,0.00005877,10269151.02000000,5.89e-05
1749264792,0.00005876,22266478.83000000,5.89e-05
1749264792,0.00005875,340643104.63000000,5.89e-05
1749264792,0.00005874,20474697.89000000,5.89e-05
1749264792,0.00005873,10151066.08000000,5.89e-05
1749264792,0.00005872,20217031.98000000,5.89e-05
1749264792,0.00005871,10155384.58000000,5.89e-05
1749264792,0.00005870,23493058.19000000,5.89e-05
1749264792,0.00005869,10286545.08000000,5.89e-05
1749264792,0.00005868,9880100.81000000,5.89e-05
1749264792,0.00005867,14339129.18000000,5.89e-05
1749264792,0.00005866,22280466.94000000,5.89e-05
1749264792,0.00005864,11990407.67000000,5.89e-05
1749264792,0.00005863,10297051.27000000,5.89e-05
1749264792,0.00005862,25896838.11000000,5.89e-05
1749264792,0.00005861,4035969.96000000,5.89e-05
1749264792,0.00005860,14001090.44000000,5.89e-05
1749264792,0.00005859,14208474.15000000,5.89e-05
1749264792,0.00005858,22166572.30000000,5.89e-05
1749264792,0.00005857,127953.60000000,5.89e-05
1749264792,0.00005856,22170043.92000000,5.89e-05
1749264792,0.00005855,372220663.11000000,5.89e-05
1749264792,0.00005854,22375252.84000000,5.89e-05
1749264792,0.00005853,13522239.13000000,5.89e-05
1749264792,0.00005852,11990407.67000000,5.89e-05
1749264792,0.00005851,10286073.10000000,5.89e-05
1749264792,0.00005850,13990407.67000000,5.89e-05
1749264792,0.00005849,10666511.05000000,5.89e-05
1749264792,0.00005848,24975090.35000000,5.89e-05
1749264792,0.00005847,10342687.56000000,5.89e-05
1749264792,0.00005846,25144845.87000000,5.89e-05
1749264792,0.00005845,128227.05000000,5.89e-05
1749264792,0.00005844,22241991.84000000,5.89e-05
1749264792,0.00005843,832396.29000000,5.89e-05
1749264792,0.00005842,22284464.52000000,5.89e-05
1749264792,0.00005840,14569577.64000000,5.89e-05
1749264792,0.00005839,27939522.50000000,5.89e-05
1749264792,0.00005838,10257690.49000000,5.89e-05
1749264792,0.00005837,26221259.09000000,5.89e-05
1749264792,0.00005836,10286402.11000000,5.89e-05
1749264792,0.00005835,12093233.61000000,5.89e-05
1749264792,0.00005834,12578244.58000000,5.89e-05
1749264792,0.00005833,10287332.70000000,5.89e-05
1749264792,0.00005832,11990407.67000000,5.89e-05
1749264792,0.00005831,110842.91000000,5.89e-05
1749264792,0.00005830,27535881.19000000,5.89e-05
1749264792,0.00005829,28977731.22000000,5.89e-05
1749264792,0.00005828,18826688.20000000,5.89e-05
1749264792,0.00005827,285593.12000000,5.89e-05
1749264792,0.00005826,266673.05000000,5.89e-05
1749264792,0.00005825,14611006.54000000,5.89e-05
1749264792,0.00005824,10309193.62000000,5.89e-05
1749264792,0.00005823,572298.27000000,5.89e-05
1749264792,0.00005822,33066860.25000000,5.89e-05
1749264792,0.00005821,10403776.56000000,5.89e-05
1749264792,0.00005820,18364185.77000000,5.89e-05
1749264792,0.00005818,321969.65000000,5.89e-05
1749264792,0.00005817,14250189.01000000,5.89e-05
1749264792,0.00005815,128899.21000000,5.89e-05
1749264792,0.00005812,128965.70000000,5.89e-05
1749264792,0.00005810,15421054.39000000,5.89e-05
1749264792,0.00005809,129032.26000000,5.89e-05
1749264792,0.00005808,9369872.41000000,5.89e-05
1749264792,0.00005806,129098.89000000,5.89e-05
1749264792,0.00005804,345142.61000000,5.89e-05
1749264792,0.00005803,129154.47000000,5.89e-05
1749264792,0.00005802,5198655.10000000,5.89e-05
1749264792,0.00005801,108394224.84000000,5.89e-05
1749264792,0.00005800,60702633.90000000,5.89e-05
1749264792,0.00005799,157728.15000000,5.89e-05
1749264792,0.00005797,129210.10000000,5.89e-05
1749264792,0.00005796,14359280.50000000,5.89e-05
1749264792,0.00005794,220445.99000000,5.89e-05
1749264792,0.00005793,7488287.33000000,5.89e-05
1749264792,0.00005791,374428.68000000,5.89e-05
1749264792,0.00005790,2439189.05000000,5.89e-05
1749264792,0.00005788,129488.96000000,5.89e-05
1749264792,0.00005787,190659.25000000,5.89e-05
1749264792,0.00005785,129567.25000000,5.89e-05
1749264792,0.00005781,225248.67000000,5.89e-05
1749264792,0.00005780,4030510.40000000,5.89e-05
1749264792,0.00005777,554763.42000000,5.89e-05
1749264792,0.00005775,4511182.90000000,5.89e-05
1749264792,0.00005773,95440.18000000,5.89e-05
1749264792,0.00005772,195679.80000000,5.89e-05
1749265094,0.00005900,2998021.71000000,5.9e-05
1749265094,0.00005899,4189540.35000000,5.9e-05
1749265094,0.00005898,8750512.82000000,5.9e-05
1749265094,0.00005897,35255459.97000000,5.9e-05
1749265094,0.00005896,120070082.14000000,5.9e-05
1749265094,0.00005895,78326257.68000000,5.9e-05
1749265094,0.00005894,41790401.80000000,5.9e-05
1749265094,0.00005893,28908457.76000000,5.9e-05
1749265094,0.00005892,94488846.62000000,5.9e-05
1749265094,0.00005891,82254032.69000000,5.9e-05
1749265094,0.00005890,84176768.36000000,5.9e-05
1749265094,0.00005889,13257279.63000000,5.9e-05
1749265094,0.00005888,236787788.44000000,5.9e-05
1749265094,0.00005887,4344897.26000000,5.9e-05
1749265094,0.00005886,28811761.58000000,5.9e-05
1749265094,0.00005885,259583633.22000000,5.9e-05
1749265094,0.00005884,12245184.76000000,5.9e-05
1749265094,0.00005883,17328218.38000000,5.9e-05
1749265094,0.00005882,362141197.19000000,5.9e-05
1749265094,0.00005881,127453.49000000,5.9e-05
1749265094,0.00005880,23580683.23000000,5.9e-05
1749265094,0.00005879,350335488.82000000,5.9e-05
1749265094,0.00005878,28465357.43000000,5.9e-05
1749265094,0.00005877,10141578.30000000,5.9e-05
1749265094,0.00005876,22138884.41000000,5.9e-05
1749265094,0.00005875,4298464.81000000,5.9e-05
1749265094,0.00005874,11990407.67000000,5.9e-05
1749265094,0.00005873,23007587.44000000,5.9e-05
1749265094,0.00005872,12118045.52000000,5.9e-05
1749265094,0.00005871,13985705.40000000,5.9e-05
1749265094,0.00005870,16109148.86000000,5.9e-05
1749265094,0.00005869,10286545.08000000,5.9e-05
1749265094,0.00005868,5734612.67000000,5.9e-05
1749265094,0.00005867,10252672.55000000,5.9e-05
1749265094,0.00005866,22742205.48000000,5.9e-05
1749265094,0.00005864,11990407.67000000,5.9e-05
1749265094,0.00005863,381853816.89000000,5.9e-05
1749265094,0.00005862,22160502.68000000,5.9e-05
1749265094,0.00005860,14001090.44000000,5.9e-05
1749265094,0.00005859,10171828.45000000,5.9e-05
1749265094,0.00005858,22166572.30000000,5.9e-05
1749265094,0.00005857,127953.60000000,5.9e-05
1749265094,0.00005856,22170043.92000000,5.9e-05
1749265094,0.00005855,15933731.23000000,5.9e-05
1749265094,0.00005854,22375252.84000000,5.9e-05
1749265094,0.00005853,27714188.51000000,5.9e-05
1749265094,0.00005852,11990407.67000000,5.9e-05
1749265094,0.00005851,10286073.10000000,5.9e-05
1749265094,0.00005850,13990407.67000000,5.9e-05
1749265094,0.00005849,10666511.05000000,5.9e-05
1749265094,0.00005848,25127424.23000000,5.9e-05
1749265094,0.00005847,10157977.45000000,5.9e-05
1749265094,0.00005846,25144845.87000000,5.9e-05
1749265094,0.00005845,28362233.54000000,5.9e-05
1749265094,0.00005844,22241991.84000000,5.9e-05
1749265094,0.00005843,9471086.40000000,5.9e-05
1749265094,0.00005842,22284464.52000000,5.9e-05
1749265094,0.00005840,29143055.91000000,5.9e-05
1749265094,0.00005839,12118777.38000000,5.9e-05
1749265094,0.00005838,30336014.71000000,5.9e-05
1749265094,0.00005837,11990407.67000000,5.9e-05
1749265094,0.00005836,10286402.11000000,5.9e-05
1749265094,0.00005835,12093233.61000000,5.9e-05
1749265094,0.00005834,12578244.58000000,5.9e-05
1749265094,0.00005833,24498433.24000000,5.9e-05
1749265094,0.00005832,11990407.67000000,5.9e-05
1749265094,0.00005831,110842.91000000,5.9e-05
1749265094,0.00005830,14006113.41000000,5.9e-05
1749265094,0.00005829,2207906.54000000,5.9e-05
1749265094,0.00005828,10165763.99000000,5.9e-05
1749265094,0.00005827,285593.12000000,5.9e-05
1749265094,0.00005826,266673.05000000,5.9e-05
1749265094,0.00005824,10309193.62000000,5.9e-05
1749265094,0.00005823,9477766.77000000,5.9e-05
1749265094,0.00005822,12856521.36000000,5.9e-05
1749265094,0.00005821,10403776.56000000,5.9e-05
1749265094,0.00005820,18364185.77000000,5.9e-05
1749265094,0.00005818,321969.65000000,5.9e-05
1749265094,0.00005815,128899.21000000,5.9e-05
1749265094,0.00005812,128965.70000000,5.9e-05
1749265094,0.00005810,15421054.39000000,5.9e-05
1749265094,0.00005809,7596694.25000000,5.9e-05
1749265094,0.00005808,441404.25000000,5.9e-05
1749265094,0.00005806,129098.89000000,5.9e-05
1749265094,0.00005804,345142.61000000,5.9e-05
1749265094,0.00005803,129154.47000000,5.9e-05
1749265094,0.00005802,7259785.51000000,5.9e-05
1749265094,0.00005801,108394224.84000000,5.9e-05
1749265094,0.00005800,62426771.83000000,5.9e-05
1749265094,0.00005799,157728.15000000,5.9e-05
1749265094,0.00005797,129210.10000000,5.9e-05
1749265094,0.00005796,14359280.50000000,5.9e-05
1749265094,0.00005794,220445.99000000,5.9e-05
1749265094,0.00005791,374428.68000000,5.9e-05
1749265094,0.00005790,2439189.05000000,5.9e-05
1749265094,0.00005788,129488.96000000,5.9e-05
1749265094,0.00005787,190659.25000000,5.9e-05
1749265094,0.00005785,129567.25000000,5.9e-05
1749265094,0.00005781,225248.67000000,5.9e-05
1749265094,0.00005780,4030510.40000000,5.9e-05
1749265398,0.00005901,1863510.54000000,5.899e-05
1749265398,0.00005900,5425896.02000000,5.899e-05
1749265398,0.00005899,9746489.01000000,5.899e-05
1749265398,0.00005898,7196858.89000000,5.899e-05
1749265398,0.00005897,30146322.15000000,5.899e-05
1749265398,0.00005896,126337291.50000000,5.899e-05
1749265398,0.00005895,23955506.31000000,5.899e-05
1749265398,0.00005894,25444095.35000000,5.899e-05
1749265398,0.00005893,94293313.21000000,5.899e-05
1749265398,0.00005892,25227285.23000000,5.899e-05
1749265398,0.00005891,92772632.95000000,5.899e-05
1749265398,0.00005890,71779156.59000000,5.899e-05
1749265398,0.00005889,72298024.16000000,5.899e-05
1749265398,0.00005888,204503764.30000000,5.899e-05
1749265398,0.00005887,11364287.53000000,5.899e-05
1749265398,0.00005886,65432808.00000000,5.899e-05
1749265398,0.00005885,8235699.05000000,5.899e-05
1749265398,0.00005884,12245184.76000000,5.899e-05
1749265398,0.00005883,10261282.24000000,5.899e-05
1749265398,0.00005882,29315001.76000000,5.899e-05
1749265398,0.00005881,127453.49000000,5.899e-05
1749265398,0.00005880,13866787.36000000,5.899e-05
1749265398,0.00005879,10141578.30000000,5.899e-05
1749265398,0.00005878,20161676.92000000,5.899e-05
1749265398,0.00005877,10141578.30000000,5.899e-05
1749265398,0.00005876,22138884.41000000,5.899e-05
1749265398,0.00005875,12603272.82000000,5.899e-05
1749265398,0.00005874,11990407.67000000,5.899e-05
1749265398,0.00005873,31176569.50000000,5.899e-05
1749265398,0.00005872,12118045.52000000,5.899e-05
1749265398,0.00005871,13985705.40000000,5.899e-05
1749265398,0.00005870,16109148.86000000,5.899e-05
1749265398,0.00005869,10286545.08000000,5.899e-05
1749265398,0.00005868,5734612.67000000,5.899e-05
1749265398,0.00005867,10252672.55000000,5.899e-05
1749265398,0.00005866,22742205.48000000,5.899e-05
1749265398,0.00005864,11990407.67000000,5.899e-05
1749265398,0.00005863,10297051.27000000,5.899e-05
1749265398,0.00005862,22160502.68000000,5.899e-05
1749265398,0.00005860,14001090.44000000,5.899e-05
1749265398,0.00005859,10171828.45000000,5.899e-05
1749265398,0.00005858,22166572.30000000,5.899e-05
1749265398,0.00005857,127953.60000000,5.899e-05
1749265398,0.00005856,394170951.85000000,5.899e-05
1749265398,0.00005855,15933731.23000000,5.899e-05
1749265398,0.00005854,22375252.84000000,5.899e-05
1749265398,0.00005853,27714188.51000000,5.899e-05
1749265398,0.00005852,11990407.67000000,5.899e-05
1749265398,0.00005851,10286073.10000000,5.899e-05
1749265398,0.00005850,13990407.67000000,5.899e-05
1749265398,0.00005849,10666511.05000000,5.899e-05
1749265398,0.00005848,25127424.23000000,5.899e-05
1749265398,0.00005847,10157977.45000000,5.899e-05
1749265398,0.00005846,25144845.87000000,5.899e-05
1749265398,0.00005845,40696825.12000000,5.899e-05
1749265398,0.00005844,30882593.05000000,5.899e-05
1749265398,0.00005843,832396.29000000,5.899e-05
1749265398,0.00005842,22284464.52000000,5.899e-05
1749265398,0.00005840,29143055.91000000,5.899e-05
1749265398,0.00005839,12118777.38000000,5.899e-05
1749265398,0.00005838,30336014.71000000,5.899e-05
1749265398,0.00005837,11990407.67000000,5.899e-05
1749265398,0.00005836,10286402.11000000,5.899e-05
1749265398,0.00005835,12093233.61000000,5.899e-05
1749265398,0.00005834,225248.67000000,5.899e-05
1749265398,0.00005833,24498433.24000000,5.899e-05
1749265398,0.00005831,110842.91000000,5.899e-05
1749265398,0.00005830,14006113.41000000,5.899e-05
1749265398,0.00005829,2207906.54000000,5.899e-05
1749265398,0.00005828,10165763.99000000,5.899e-05
1749265398,0.00005827,285593.12000000,5.899e-05
1749265398,0.00005826,266673.05000000,5.899e-05
1749265398,0.00005824,10309193.62000000,5.899e-05
1749265398,0.00005823,572298.27000000,5.899e-05
1749265398,0.00005822,12856521.36000000,5.899e-05
1749265398,0.00005821,19312328.33000000,5.899e-05
1749265398,0.00005820,18364185.77000000,5.899e-05
1749265398,0.00005818,321969.65000000,5.899e-05
1749265398,0.00005815,128899.21000000,5.899e-05
1749265398,0.00005812,128965.70000000,5.899e-05
1749265398,0.00005810,26813369.84000000,5.899e-05
1749265398,0.00005809,7596694.25000000,5.899e-05
1749265398,0.00005808,441404.25000000,5.899e-05
1749265398,0.00005806,129098.89000000,5.899e-05
1749265398,0.00005804,345142.61000000,5.899e-05
1749265398,0.00005803,129154.47000000,5.899e-05
1749265398,0.00005802,8114862.45000000,5.899e-05
1749265398,0.00005801,108394224.84000000,5.899e-05
1749265398,0.00005800,51024306.22000000,5.899e-05
1749265398,0.00005799,157728.15000000,5.899e-05
1749265398,0.00005797,129210.10000000,5.899e-05
1749265398,0.00005796,14359280.50000000,5.899e-05
1749265398,0.00005794,220445.99000000,5.899e-05
1749265398,0.00005791,374428.68000000,5.899e-05
1749265398,0.00005790,2439189.05000000,5.899e-05
1749265398,0.00005788,129488.96000000,5.899e-05
1749265398,0.00005787,190659.25000000,5.899e-05
1749265398,0.00005785,129567.25000000,5.899e-05
1749265398,0.00005781,225248.67000000,5.899e-05
1749265398,0.00005780,4030510.40000000,5.899e-05
1749265705,0.00005904,5947336.67000000,5.904e-05
1749265705,0.00005903,651693.30000000,5.904e-05
1749265705,0.00005902,27061933.42000000,5.904e-05
1749265705,0.00005901,53518767.04000000,5.904e-05
1749265705,0.00005900,82789175.54000000,5.904e-05
1749265705,0.00005899,41446022.21000000,5.904e-05
1749265705,0.00005898,74497878.62000000,5.904e-05
1749265705,0.00005897,56083054.13000000,5.904e-05
1749265705,0.00005896,13201916.67000000,5.904e-05
1749265705,0.00005895,31359118.94000000,5.904e-05
1749265705,0.00005894,179868416.58000000,5.904e-05
1749265705,0.00005893,45240649.42000000,5.904e-05
1749265705,0.00005892,23650078.08000000,5.904e-05
1749265705,0.00005891,127269.65000000,5.904e-05
1749265705,0.00005890,12244936.16000000,5.904e-05
1749265705,0.00005889,15184816.90000000,5.904e-05
1749265705,0.00005888,185477201.23000000,5.904e-05
1749265705,0.00005887,17297860.28000000,5.904e-05
1749265705,0.00005886,23529570.09000000,5.904e-05
1749265705,0.00005885,11130331.14000000,5.904e-05
1749265705,0.00005884,24490413.39000000,5.904e-05
1749265705,0.00005883,18288925.06000000,5.904e-05
1749265705,0.00005882,22120795.97000000,5.904e-05
1749265705,0.00005881,3852459.10000000,5.904e-05
1749265705,0.00005880,17889715.92000000,5.904e-05
1749265705,0.00005879,10141578.30000000,5.904e-05
1749265705,0.00005878,12117926.17000000,5.904e-05
1749265705,0.00005877,14166594.19000000,5.904e-05
1749265705,0.00005876,22138884.41000000,5.904e-05
1749265705,0.00005875,217572.72000000,5.904e-05
1749265705,0.00005874,11990407.67000000,5.904e-05
1749265705,0.00005873,23007587.44000000,5.904e-05
1749265705,0.00005872,12118045.52000000,5.904e-05
1749265705,0.00005871,10255097.62000000,5.904e-05
1749265705,0.00005870,14079366.93000000,5.904e-05
1749265705,0.00005869,26022644.83000000,5.904e-05
1749265705,0.00005868,1704158.14000000,5.904e-05
1749265705,0.00005867,10252672.55000000,5.904e-05
1749265705,0.00005866,22742205.48000000,5.904e-05
1749265705,0.00005864,26147628.31000000,5.904e-05
1749265705,0.00005863,10398985.44000000,5.904e-05
1749265705,0.00005862,22160502.68000000,5.904e-05
1749265705,0.00005860,16001090.44000000,5.904e-05
1749265705,0.00005859,24707140.33000000,5.904e-05
1749265705,0.00005858,22166572.30000000,5.904e-05
1749265705,0.00005857,13605311.82000000,5.904e-05
1749265705,0.00005856,22170043.92000000,5.904e-05
1749265705,0.00005855,372220663.11000000,5.904e-05
1749265705,0.00005854,22375252.84000000,5.904e-05
1749265705,0.00005853,28251248.86000000,5.904e-05
1749265705,0.00005852,11990407.67000000,5.904e-05
1749265705,0.00005851,10286073.10000000,5.904e-05
1749265705,0.00005850,28170018.23000000,5.904e-05
1749265705,0.00005849,10666511.05000000,5.904e-05
1749265705,0.00005848,25127424.23000000,5.904e-05
1749265705,0.00005847,10157977.45000000,5.904e-05
1749265705,0.00005846,25144845.87000000,5.904e-05
1749265705,0.00005845,12462818.63000000,5.904e-05
1749265705,0.00005844,30882593.05000000,5.904e-05
1749265705,0.00005843,832396.29000000,5.904e-05
1749265705,0.00005842,10294056.85000000,5.904e-05
1749265705,0.00005841,2203231.09000000,5.904e-05
1749265705,0.00005840,14663323.27000000,5.904e-05
1749265705,0.00005839,128369.71000000,5.904e-05
1749265705,0.00005838,30336014.71000000,5.904e-05
1749265705,0.00005836,10286402.11000000,5.904e-05
1749265705,0.00005835,12503278.41000000,5.904e-05
1749265705,0.00005834,225248.67000000,5.904e-05
1749265705,0.00005833,10287332.70000000,5.904e-05
1749265705,0.00005831,110842.91000000,5.904e-05
1749265705,0.00005830,14006113.41000000,5.904e-05
1749265705,0.00005828,10165763.99000000,5.904e-05
1749265705,0.00005827,285593.12000000,5.904e-05
1749265705,0.00005826,266673.05000000,5.904e-05
1749265705,0.00005825,8902493.17000000,5.904e-05
1749265705,0.00005824,10309193.62000000,5.904e-05
1749265705,0.00005823,572298.27000000,5.904e-05
1749265705,0.00005822,12856521.36000000,5.904e-05
1749265705,0.00005821,228479.46000000,5.904e-05
1749265705,0.00005820,5931773.17000000,5.904e-05
1749265705,0.00005818,321969.65000000,5.904e-05
1749265705,0.00005815,128899.21000000,5.904e-05
1749265705,0.00005812,128965.70000000,5.904e-05
1749265705,0.00005810,15421054.39000000,5.904e-05
1749265705,0.00005809,19001487.11000000,5.904e-05
1749265705,0.00005808,441404.25000000,5.904e-05
1749265705,0.00005806,129098.89000000,5.904e-05
1749265705,0.00005804,345142.61000000,5.904e-05
1749265705,0.00005803,129154.47000000,5.904e-05
1749265705,0.00005802,7969156.30000000,5.904e-05
1749265705,0.00005801,108394224.84000000,5.904e-05
1749265705,0.00005800,51024306.22000000,5.904e-05
1749265705,0.00005799,157728.15000000,5.904e-05
1749265705,0.00005797,129210.10000000,5.904e-05
1749265705,0.00005796,14359280.50000000,5.904e-05
1749265705,0.00005794,220445.99000000,5.904e-05
1749265705,0.00005791,374428.68000000,5.904e-05
1749265705,0.00005790,2439189.05000000,5.904e-05
1749265705,0.00005788,129488.96000000,5.904e-05
1749265705,0.00005787,190659.25000000,5.904e-05
1749266007,0.00005917,5035883.64000000,5.917e-05
1749266007,0.00005916,987307.74000000,5.917e-05
1749266007,0.00005915,11476637.06000000,5.917e-05
1749266007,0.00005914,15014486.33000000,5.917e-05
1749266007,0.00005913,19893866.57000000,5.917e-05
1749266007,0.00005912,54524985.93000000,5.917e-05
1749266007,0.00005911,149769242.37000000,5.917e-05
1749266007,0.00005910,68159678.26000000,5.917e-05
1749266007,0.00005909,12124613.01000000,5.917e-05
1749266007,0.00005908,23308690.65000000,5.917e-05
1749266007,0.00005907,19562545.28000000,5.917e-05
1749266007,0.00005906,117478830.33000000,5.917e-05
1749266007,0.00005905,79611705.52000000,5.917e-05
1749266007,0.00005904,13093958.12000000,5.917e-05
1749266007,0.00005903,14113898.08000000,5.917e-05
1749266007,0.00005902,72425667.57000000,5.917e-05
1749266007,0.00005901,1135350.72000000,5.917e-05
1749266007,0.00005900,22227288.61000000,5.917e-05
1749266007,0.00005899,278326736.42000000,5.917e-05
1749266007,0.00005898,12117526.32000000,5.917e-05
1749266007,0.00005897,10109794.60000000,5.917e-05
1749266007,0.00005896,351330541.33000000,5.917e-05
1749266007,0.00005895,10112364.23000000,5.917e-05
1749266007,0.00005894,30388376.56000000,5.917e-05
1749266007,0.00005893,8357411.06000000,5.917e-05
1749266007,0.00005892,22111346.79000000,5.917e-05
1749266007,0.00005891,12162150.99000000,5.917e-05
1749266007,0.00005890,15836969.47000000,5.917e-05
1749266007,0.00005889,14138577.83000000,5.917e-05
1749266007,0.00005888,182454111.06000000,5.917e-05
1749266007,0.00005887,14272420.21000000,5.917e-05
1749266007,0.00005886,22118217.17000000,5.917e-05
1749266007,0.00005884,12273224.20000000,5.917e-05
1749266007,0.00005883,10133828.75000000,5.917e-05
1749266007,0.00005882,22120795.97000000,5.917e-05
1749266007,0.00005881,3025436.48000000,5.917e-05
1749266007,0.00005880,13866787.36000000,5.917e-05
1749266007,0.00005879,10141578.30000000,5.917e-05
1749266007,0.00005878,27835547.77000000,5.917e-05
1749266007,0.00005877,10141578.30000000,5.917e-05
1749266007,0.00005876,22138884.41000000,5.917e-05
1749266007,0.00005875,217572.72000000,5.917e-05
1749266007,0.00005874,11990407.67000000,5.917e-05
1749266007,0.00005873,23007587.44000000,5.917e-05
1749266007,0.00005872,12118045.52000000,5.917e-05
1749266007,0.00005871,10255097.62000000,5.917e-05
1749266007,0.00005870,14079366.93000000,5.917e-05
1749266007,0.00005869,10286545.08000000,5.917e-05
1749266007,0.00005868,1704158.14000000,5.917e-05
1749266007,0.00005867,10252672.55000000,5.917e-05
1749266007,0.00005866,22742205.48000000,5.917e-05
1749266007,0.00005864,26147628.31000000,5.917e-05
1749266007,0.00005863,381955751.06000000,5.917e-05
1749266007,0.00005862,22160502.68000000,5.917e-05
1749266007,0.00005861,14161237.76000000,5.917e-05
1749266007,0.00005860,28304108.83000000,5.917e-05
1749266007,0.00005859,33325620.19000000,5.917e-05
1749266007,0.00005858,22328498.22000000,5.917e-05
1749266007,0.00005857,13605311.82000000,5.917e-05
1749266007,0.00005856,22170043.92000000,5.917e-05
1749266007,0.00005855,156219.57000000,5.917e-05
1749266007,0.00005854,22375252.84000000,5.917e-05
1749266007,0.00005853,48606275.20000000,5.917e-05
1749266007,0.00005851,10286073.10000000,5.917e-05
1749266007,0.00005850,2000000.00000000,5.917e-05
1749266007,0.00005849,10666511.05000000,5.917e-05
1749266007,0.00005848,13137016.56000000,5.917e-05
1749266007,0.00005847,10157977.45000000,5.917e-05
1749266007,0.00005846,13154438.20000000,5.917e-05
1749266007,0.00005845,128227.05000000,5.917e-05
1749266007,0.00005844,10251584.17000000,5.917e-05
1749266007,0.00005843,832396.29000000,5.917e-05
1749266007,0.00005842,10294056.85000000,5.917e-05
1749266007,0.00005841,2203231.09000000,5.917e-05
1749266007,0.00005840,14663323.27000000,5.917e-05
1749266007,0.00005839,128369.71000000,5.917e-05
1749266007,0.00005838,10257690.49000000,5.917e-05
1749266007,0.00005837,8886280.99000000,5.917e-05
1749266007,0.00005836,10286402.11000000,5.917e-05
1749266007,0.00005835,12503278.41000000,5.917e-05
1749266007,0.00005834,225248.67000000,5.917e-05
1749266007,0.00005833,128490.67000000,5.917e-05
1749266007,0.00005831,110842.91000000,5.917e-05
1749266007,0.00005830,3843811.58000000,5.917e-05
1749266007,0.00005827,285593.12000000,5.917e-05
1749266007,0.00005826,266673.05000000,5.917e-05
1749266007,0.00005825,7447149.96000000,5.917e-05
1749266007,0.00005824,128689.10000000,5.917e-05
1749266007,0.00005823,572298.27000000,5.917e-05
1749266007,0.00005822,24241000.76000000,5.917e-05
1749266007,0.00005821,84994113.28000000,5.917e-05
1749266007,0.00005820,5931773.17000000,5.917e-05
1749266007,0.00005818,321969.65000000,5.917e-05
1749266007,0.00005815,128899.21000000,5.917e-05
1749266007,0.00005812,128965.70000000,5.917e-05
1749266007,0.00005810,15421054.39000000,5.917e-05
1749266007,0.00005809,129032.26000000,5.917e-05
1749266007,0.00005808,441404.25000000,5.917e-05
1749266007,0.00005806,129098.89000000,5.917e-05
1749266007,0.00005804,345142.61000000,5.917e-05
1749266308,0.00005921,2384269.38000000,5.927e-05
1749266308,0.00005920,1274156.52000000,5.927e-05
1749266308,0.00005919,7718444.51000000,5.927e-05
1749266308,0.00005918,13138120.62000000,5.927e-05
1749266308,0.00005917,5173810.03000000,5.927e-05
1749266308,0.00005916,3805143.81000000,5.927e-05
1749266308,0.00005915,15909717.96000000,5.927e-05
1749266308,0.00005914,65178397.52000000,5.927e-05
1749266308,0.00005913,72209620.02000000,5.927e-05
1749266308,0.00005912,90311629.92000000,5.927e-05
1749266308,0.00005911,148850475.98000000,5.927e-05
1749266308,0.00005910,124932237.95000000,5.927e-05
1749266308,0.00005909,33560969.42000000,5.927e-05
1749266308,0.00005908,27229012.17000000,5.927e-05
1749266308,0.00005906,22083104.69000000,5.927e-05
1749266308,0.00005905,56620162.83000000,5.927e-05
1749266308,0.00005904,13396521.45000000,5.927e-05
1749266308,0.00005903,10090990.45000000,5.927e-05
1749266308,0.00005902,319100204.44000000,5.927e-05
1749266308,0.00005900,32086567.12000000,5.927e-05
1749266308,0.00005899,21259577.65000000,5.927e-05
1749266308,0.00005898,11990407.67000000,5.927e-05
1749266308,0.00005897,14121125.78000000,5.927e-05
1749266308,0.00005896,12117515.55000000,5.927e-05
1749266308,0.00005895,10112364.23000000,5.927e-05
1749266308,0.00005894,30245219.26000000,5.927e-05
1749266308,0.00005893,216153.36000000,5.927e-05
1749266308,0.00005892,22111346.79000000,5.927e-05
1749266308,0.00005891,91235.89000000,5.927e-05
1749266308,0.00005890,14117655.72000000,5.927e-05
1749266308,0.00005889,10121797.40000000,5.927e-05
1749266308,0.00005888,12090120.71000000,5.927e-05
1749266308,0.00005887,10254241.44000000,5.927e-05
1749266308,0.00005886,22118217.17000000,5.927e-05
1749266308,0.00005884,12273224.20000000,5.927e-05
1749266308,0.00005883,25842136.86000000,5.927e-05
1749266308,0.00005882,22120795.97000000,5.927e-05
1749266308,0.00005881,3025436.48000000,5.927e-05
1749266308,0.00005880,15866787.36000000,5.927e-05
1749266308,0.00005879,24273792.97000000,5.927e-05
1749266308,0.00005878,12213366.35000000,5.927e-05
1749266308,0.00005877,10141578.30000000,5.927e-05
1749266308,0.00005876,22249624.02000000,5.927e-05
1749266308,0.00005875,14723934.18000000,5.927e-05
1749266308,0.00005874,11990407.67000000,5.927e-05
1749266308,0.00005873,36456788.45000000,5.927e-05
1749266308,0.00005872,12118045.52000000,5.927e-05
1749266308,0.00005871,10255097.62000000,5.927e-05
1749266308,0.00005870,28776793.16000000,5.927e-05
1749266308,0.00005869,10286545.08000000,5.927e-05
1749266308,0.00005868,1704158.14000000,5.927e-05
1749266308,0.00005867,10252672.55000000,5.927e-05
1749266308,0.00005866,22742205.48000000,5.927e-05
1749266308,0.00005864,11990407.67000000,5.927e-05
1749266308,0.00005863,381955751.06000000,5.927e-05
1749266308,0.00005862,22253175.56000000,5.927e-05
1749266308,0.00005861,14161237.76000000,5.927e-05
1749266308,0.00005860,16751188.52000000,5.927e-05
1749266308,0.00005859,19272413.69000000,5.927e-05
1749266308,0.00005858,10338090.55000000,5.927e-05
1749266308,0.00005857,127953.60000000,5.927e-05
1749266308,0.00005856,10179636.25000000,5.927e-05
1749266308,0.00005855,156219.57000000,5.927e-05
1749266308,0.00005854,10384845.17000000,5.927e-05
1749266308,0.00005853,22553893.90000000,5.927e-05
1749266308,0.00005851,10286073.10000000,5.927e-05
1749266308,0.00005850,14368656.63000000,5.927e-05
1749266308,0.00005849,10157977.45000000,5.927e-05
1749266308,0.00005848,13137016.56000000,5.927e-05
1749266308,0.00005847,10157977.45000000,5.927e-05
1749266308,0.00005846,13154438.20000000,5.927e-05
1749266308,0.00005845,128227.05000000,5.927e-05
1749266308,0.00005844,93606.72000000,5.927e-05
1749266308,0.00005843,832396.29000000,5.927e-05
1749266308,0.00005842,128292.86000000,5.927e-05
1749266308,0.00005840,11933367.83000000,5.927e-05
1749266308,0.00005839,128369.71000000,5.927e-05
1749266308,0.00005838,99713.04000000,5.927e-05
1749266308,0.00005837,8886280.99000000,5.927e-05
1749266308,0.00005836,128424.66000000,5.927e-05
1749266308,0.00005835,102825.74000000,5.927e-05
1749266308,0.00005834,225248.67000000,5.927e-05
1749266308,0.00005833,128490.67000000,5.927e-05
1749266308,0.00005831,110842.91000000,5.927e-05
1749266308,0.00005830,3843811.58000000,5.927e-05
1749266308,0.00005827,285593.12000000,5.927e-05
1749266308,0.00005826,266673.05000000,5.927e-05
1749266308,0.00005824,128689.10000000,5.927e-05
1749266308,0.00005823,88959.26000000,5.927e-05
1749266308,0.00005822,24241000.76000000,5.927e-05
1749266308,0.00005821,228479.46000000,5.927e-05
1749266308,0.00005820,5931773.17000000,5.927e-05
1749266308,0.00005818,321969.65000000,5.927e-05
1749266308,0.00005815,128899.21000000,5.927e-05
1749266308,0.00005812,128965.70000000,5.927e-05
1749266308,0.00005810,15421054.39000000,5.927e-05
1749266308,0.00005809,129032.26000000,5.927e-05
1749266308,0.00005808,441404.25000000,5.927e-05
1749266308,0.00005804,345142.61000000,5.927e-05
1749266308,0.00005802,8094984.24000000,5.927e-05
1749266620,0.00005939,1363000.00000000,5.941e-05
1749266620,0.00005938,4541981.76000000,5.941e-05
1749266620,0.00005937,20704589.10000000,5.941e-05
1749266620,0.00005936,32771841.71000000,5.941e-05
1749266620,0.00005935,112674188.14000000,5.941e-05
1749266620,0.00005934,71677951.88000000,5.941e-05
1749266620,0.00005933,26496962.37000000,5.941e-05
1749266620,0.00005932,53006870.62000000,5.941e-05
1749266620,0.00005931,98229038.70000000,5.941e-05
1749266620,0.00005930,174309163.66000000,5.941e-05
1749266620,0.00005929,126363312.55000000,5.941e-05
1749266620,0.00005928,36581698.09000000,5.941e-05
1749266620,0.00005927,137372132.95000000,5.941e-05
1749266620,0.00005926,31701280.94000000,5.941e-05
1749266620,0.00005925,37184476.48000000,5.941e-05
1749266620,0.00005924,15357580.19000000,5.941e-05
1749266620,0.00005923,12243316.13000000,5.941e-05
1749266620,0.00005922,8562151.51000000,5.941e-05
1749266620,0.00005921,22192519.08000000,5.941e-05
1749266620,0.00005920,15470191.48000000,5.941e-05
1749266620,0.00005919,10075657.18000000,5.941e-05
1749266620,0.00005918,11990407.67000000,5.941e-05
1749266620,0.00005917,10202100.75000000,5.941e-05
1749266620,0.00005916,180195.15000000,5.941e-05
1749266620,0.00005915,22066064.85000000,5.941e-05
1749266620,0.00005914,18416062.38000000,5.941e-05
1749266620,0.00005913,11990407.67000000,5.941e-05
1749266620,0.00005912,10239735.36000000,5.941e-05
1749266620,0.00005911,12117214.67000000,5.941e-05
1749266620,0.00005910,85000.00000000,5.941e-05
1749266620,0.00005909,10086726.53000000,5.941e-05
1749266620,0.00005908,22207384.21000000,5.941e-05
1749266620,0.00005906,22182817.73000000,5.941e-05
1749266620,0.00005905,126925.03000000,5.941e-05
1749266620,0.00005904,11990407.67000000,5.941e-05
1749266620,0.00005903,10090990.45000000,5.941e-05
1749266620,0.00005902,22217791.70000000,5.941e-05
1749266620,0.00005900,23970221.35000000,5.941e-05
1749266620,0.00005899,12983564.64000000,5.941e-05
1749266620,0.00005898,11990407.67000000,5.941e-05
1749266620,0.00005897,10109794.60000000,5.941e-05
1749266620,0.00005896,12117515.55000000,5.941e-05
1749266620,0.00005895,10112364.23000000,5.941e-05
1749266620,0.00005894,22105342.84000000,5.941e-05
1749266620,0.00005893,216153.36000000,5.941e-05
1749266620,0.00005892,22111346.79000000,5.941e-05
1749266620,0.00005891,968569.83000000,5.941e-05
1749266620,0.00005890,14117655.72000000,5.941e-05
1749266620,0.00005889,10215404.12000000,5.941e-05
1749266620,0.00005888,12526231.30000000,5.941e-05
1749266620,0.00005887,10254241.44000000,5.941e-05
1749266620,0.00005886,22118217.17000000,5.941e-05
1749266620,0.00005884,12273224.20000000,5.941e-05
1749266620,0.00005883,10133828.75000000,5.941e-05
1749266620,0.00005882,22120795.97000000,5.941e-05
1749266620,0.00005881,3025436.48000000,5.941e-05
1749266620,0.00005880,15866787.36000000,5.941e-05
1749266620,0.00005879,11839573.38000000,5.941e-05
1749266620,0.00005878,12213366.35000000,5.941e-05
1749266620,0.00005877,10141578.30000000,5.941e-05
1749266620,0.00005876,22249624.02000000,5.941e-05
1749266620,0.00005875,127572.72000000,5.941e-05
1749266620,0.00005873,23213586.88000000,5.941e-05
1749266620,0.00005872,127637.85000000,5.941e-05
1749266620,0.00005871,10255097.62000000,5.941e-05
1749266620,0.00005870,2088959.26000000,5.941e-05
1749266620,0.00005869,30336796.39000000,5.941e-05
1749266620,0.00005868,1704158.14000000,5.941e-05
1749266620,0.00005867,10252672.55000000,5.941e-05
1749266620,0.00005866,10290059.27000000,5.941e-05
1749266620,0.00005865,2194367.79000000,5.941e-05
1749266620,0.00005864,15486823.01000000,5.941e-05
1749266620,0.00005863,10398985.44000000,5.941e-05
1749266620,0.00005862,10262767.89000000,5.941e-05
1749266620,0.00005860,18991663.92000000,5.941e-05
1749266620,0.00005859,372292536.67000000,5.941e-05
1749266620,0.00005858,13645564.97000000,5.941e-05
1749266620,0.00005857,127953.60000000,5.941e-05
1749266620,0.00005855,14891299.32000000,5.941e-05
1749266620,0.00005854,227732.16000000,5.941e-05
1749266620,0.00005851,128095.65000000,5.941e-05
1749266620,0.00005850,2000000.00000000,5.941e-05
1749266620,0.00005848,13137016.56000000,5.941e-05
1749266620,0.00005846,17184515.73000000,5.941e-05
1749266620,0.00005845,128227.05000000,5.941e-05
1749266620,0.00005844,93606.72000000,5.941e-05
1749266620,0.00005843,832396.29000000,5.941e-05
1749266620,0.00005842,128292.86000000,5.941e-05
1749266620,0.00005841,11341780.66000000,5.941e-05
1749266620,0.00005840,11933367.83000000,5.941e-05
1749266620,0.00005839,128369.71000000,5.941e-05
1749266620,0.00005838,99713.04000000,5.941e-05
1749266620,0.00005836,128424.66000000,5.941e-05
1749266620,0.00005835,102825.74000000,5.941e-05
1749266620,0.00005834,225248.67000000,5.941e-05
1749266620,0.00005833,128490.67000000,5.941e-05
