timestamp,price,volume,current_price
1749254462,0.26990000,2312.00000000,0.27
1749254462,0.26980000,11699.00000000,0.27
1749254462,0.26970000,31615.00000000,0.27
1749254462,0.26960000,34370.00000000,0.27
1749254462,0.26950000,17635.00000000,0.27
1749254462,0.26940000,13734.00000000,0.27
1749254462,0.26930000,24410.00000000,0.27
1749254462,0.26920000,26196.00000000,0.27
1749254462,0.26910000,8458.00000000,0.27
1749254462,0.26900000,4355.00000000,0.27
1749254462,0.26890000,4133.00000000,0.27
1749254462,0.26880000,2263.00000000,0.27
1749254462,0.26870000,4174.00000000,0.27
1749254462,0.26860000,3692.00000000,0.27
1749254462,0.26850000,5611.00000000,0.27
1749254462,0.26840000,2907.00000000,0.27
1749254462,0.26830000,8548.00000000,0.27
1749254462,0.26820000,38138.00000000,0.27
1749254462,0.26810000,3643.00000000,0.27
1749254462,0.26800000,883.00000000,0.27
1749254462,0.26790000,3643.00000000,0.27
1749254462,0.26780000,883.00000000,0.27
1749254462,0.26770000,3644.00000000,0.27
1749254462,0.26760000,5515.00000000,0.27
1749254462,0.26750000,3664.00000000,0.27
1749254462,0.26740000,4711.00000000,0.27
1749254462,0.26730000,3664.00000000,0.27
1749254462,0.26720000,904.00000000,0.27
1749254462,0.26710000,4124.00000000,0.27
1749254462,0.26700000,3822.00000000,0.27
1749254462,0.26690000,883.00000000,0.27
1749254462,0.26680000,3643.00000000,0.27
1749254462,0.26670000,23.00000000,0.27
1749254462,0.26660000,41.00000000,0.27
1749254462,0.26650000,8428.00000000,0.27
1749254462,0.26620000,2760.00000000,0.27
1749254462,0.26610000,30.00000000,0.27
1749254462,0.26600000,1031.00000000,0.27
1749254462,0.26590000,2760.00000000,0.27
1749254462,0.26560000,2760.00000000,0.27
1749254462,0.26540000,2261.00000000,0.27
1749254462,0.26530000,2909.00000000,0.27
1749254462,0.26520000,31.00000000,0.27
1749254462,0.26500000,5404.00000000,0.27
1749254462,0.26480000,3049.00000000,0.27
1749254462,0.26470000,2760.00000000,0.27
1749254462,0.26460000,23.00000000,0.27
1749254462,0.26450000,65.00000000,0.27
1749254462,0.26440000,2760.00000000,0.27
1749254462,0.26350000,208.00000000,0.27
1749254462,0.26340000,96.00000000,0.27
1749254462,0.26320000,151.00000000,0.27
1749254462,0.26310000,2263.00000000,0.27
1749254462,0.26300000,1156.00000000,0.27
1749254462,0.26270000,102.00000000,0.27
1749254462,0.26260000,92.00000000,0.27
1749254462,0.26250000,84.00000000,0.27
1749254462,0.26240000,81.00000000,0.27
1749254462,0.26200000,24.00000000,0.27
1749254462,0.26190000,146.00000000,0.27
1749254462,0.26130000,192.00000000,0.27
1749254462,0.26120000,21.00000000,0.27
1749254462,0.26090000,31.00000000,0.27
1749254462,0.26040000,41.00000000,0.27
1749254462,0.26030000,2500.00000000,0.27
1749254462,0.26000000,11336.00000000,0.27
1749254462,0.25960000,794.00000000,0.27
1749254462,0.25880000,212.00000000,0.27
1749254462,0.25830000,41.00000000,0.27
1749254462,0.25820000,23.00000000,0.27
1749254462,0.25810000,1007.00000000,0.27
1749254462,0.25800000,73.00000000,0.27
1749254462,0.25770000,47.00000000,0.27
1749254462,0.25760000,31.00000000,0.27
1749254462,0.25750000,20.00000000,0.27
1749254462,0.25710000,24.00000000,0.27
1749254462,0.25690000,233.00000000,0.27
1749254462,0.25680000,155.00000000,0.27
1749254462,0.25640000,63.00000000,0.27
1749254462,0.25620000,41.00000000,0.27
1749254462,0.25610000,23.00000000,0.27
1749254462,0.25600000,40.00000000,0.27
1749254462,0.25580000,32.00000000,0.27
1749254462,0.25550000,4203.00000000,0.27
1749254462,0.25530000,30.00000000,0.27
1749254462,0.25520000,20.00000000,0.27
1749254462,0.25510000,98.00000000,0.27
1749254462,0.25500000,3689.00000000,0.27
1749254462,0.25470000,24.00000000,0.27
1749254462,0.25420000,20.00000000,0.27
1749254462,0.25410000,41.00000000,0.27
1749254462,0.25400000,1152.00000000,0.27
1749254462,0.25380000,280.00000000,0.27
1749254462,0.25370000,7796.00000000,0.27
1749254462,0.25360000,30.00000000,0.27
1749254462,0.25350000,216.00000000,0.27
1749254462,0.25340000,986.00000000,0.27
1749254462,0.25300000,532.00000000,0.27
1749254462,0.25260000,54.00000000,0.27
1749254462,0.25250000,20.00000000,0.27
1749254607,0.26980000,7193.00000000,0.2699
1749254607,0.26970000,20485.00000000,0.2699
1749254607,0.26960000,25156.00000000,0.2699
1749254607,0.26950000,23484.00000000,0.2699
1749254607,0.26940000,27731.00000000,0.2699
1749254607,0.26930000,21617.00000000,0.2699
1749254607,0.26920000,27043.00000000,0.2699
1749254607,0.26910000,6777.00000000,0.2699
1749254607,0.26900000,2032.00000000,0.2699
1749254607,0.26890000,4133.00000000,0.2699
1749254607,0.26880000,3860.00000000,0.2699
1749254607,0.26870000,4174.00000000,0.2699
1749254607,0.26860000,2175.00000000,0.2699
1749254607,0.26850000,7275.00000000,0.2699
1749254607,0.26840000,3253.00000000,0.2699
1749254607,0.26830000,6731.00000000,0.2699
1749254607,0.26820000,38230.00000000,0.2699
1749254607,0.26810000,4218.00000000,0.2699
1749254607,0.26800000,975.00000000,0.2699
1749254607,0.26790000,3643.00000000,0.2699
1749254607,0.26780000,975.00000000,0.2699
1749254607,0.26770000,3644.00000000,0.2699
1749254607,0.26760000,5515.00000000,0.2699
1749254607,0.26750000,3664.00000000,0.2699
1749254607,0.26740000,982.00000000,0.2699
1749254607,0.26730000,3664.00000000,0.2699
1749254607,0.26720000,904.00000000,0.2699
1749254607,0.26710000,4124.00000000,0.2699
1749254607,0.26700000,3822.00000000,0.2699
1749254607,0.26690000,883.00000000,0.2699
1749254607,0.26680000,3643.00000000,0.2699
1749254607,0.26670000,23.00000000,0.2699
1749254607,0.26660000,41.00000000,0.2699
1749254607,0.26650000,8428.00000000,0.2699
1749254607,0.26620000,3615.00000000,0.2699
1749254607,0.26610000,30.00000000,0.2699
1749254607,0.26600000,1886.00000000,0.2699
1749254607,0.26590000,3615.00000000,0.2699
1749254607,0.26560000,5857.00000000,0.2699
1749254607,0.26540000,3116.00000000,0.2699
1749254607,0.26530000,2909.00000000,0.2699
1749254607,0.26520000,31.00000000,0.2699
1749254607,0.26500000,3157.00000000,0.2699
1749254607,0.26480000,3049.00000000,0.2699
1749254607,0.26470000,2760.00000000,0.2699
1749254607,0.26460000,23.00000000,0.2699
1749254607,0.26450000,65.00000000,0.2699
1749254607,0.26440000,2760.00000000,0.2699
1749254607,0.26350000,208.00000000,0.2699
1749254607,0.26340000,96.00000000,0.2699
1749254607,0.26320000,151.00000000,0.2699
1749254607,0.26310000,2263.00000000,0.2699
1749254607,0.26300000,1156.00000000,0.2699
1749254607,0.26270000,102.00000000,0.2699
1749254607,0.26260000,92.00000000,0.2699
1749254607,0.26250000,84.00000000,0.2699
1749254607,0.26240000,81.00000000,0.2699
1749254607,0.26200000,24.00000000,0.2699
1749254607,0.26190000,146.00000000,0.2699
1749254607,0.26130000,192.00000000,0.2699
1749254607,0.26120000,21.00000000,0.2699
1749254607,0.26090000,31.00000000,0.2699
1749254607,0.26040000,41.00000000,0.2699
1749254607,0.26030000,2500.00000000,0.2699
1749254607,0.26000000,11336.00000000,0.2699
1749254607,0.25960000,794.00000000,0.2699
1749254607,0.25880000,212.00000000,0.2699
1749254607,0.25830000,41.00000000,0.2699
1749254607,0.25820000,23.00000000,0.2699
1749254607,0.25810000,1007.00000000,0.2699
1749254607,0.25800000,73.00000000,0.2699
1749254607,0.25770000,47.00000000,0.2699
1749254607,0.25760000,31.00000000,0.2699
1749254607,0.25750000,20.00000000,0.2699
1749254607,0.25710000,24.00000000,0.2699
1749254607,0.25690000,233.00000000,0.2699
1749254607,0.25680000,155.00000000,0.2699
1749254607,0.25640000,63.00000000,0.2699
1749254607,0.25620000,41.00000000,0.2699
1749254607,0.25610000,23.00000000,0.2699
1749254607,0.25600000,40.00000000,0.2699
1749254607,0.25580000,32.00000000,0.2699
1749254607,0.25550000,4203.00000000,0.2699
1749254607,0.25530000,30.00000000,0.2699
1749254607,0.25520000,20.00000000,0.2699
1749254607,0.25510000,98.00000000,0.2699
1749254607,0.25500000,3689.00000000,0.2699
1749254607,0.25470000,24.00000000,0.2699
1749254607,0.25420000,20.00000000,0.2699
1749254607,0.25410000,41.00000000,0.2699
1749254607,0.25400000,1152.00000000,0.2699
1749254607,0.25380000,280.00000000,0.2699
1749254607,0.25370000,7796.00000000,0.2699
1749254607,0.25360000,30.00000000,0.2699
1749254607,0.25350000,216.00000000,0.2699
1749254607,0.25340000,986.00000000,0.2699
1749254607,0.25300000,532.00000000,0.2699
1749254607,0.25260000,54.00000000,0.2699
1749254607,0.25250000,20.00000000,0.2699
1749254607,0.25230000,24.00000000,0.2699
1749254763,0.27030000,5172.00000000,0.2705
1749254763,0.27020000,11704.00000000,0.2705
1749254763,0.27010000,18274.00000000,0.2705
1749254763,0.27000000,33873.00000000,0.2705
1749254763,0.26990000,13183.00000000,0.2705
1749254763,0.26980000,20993.00000000,0.2705
1749254763,0.26970000,22311.00000000,0.2705
1749254763,0.26960000,33319.00000000,0.2705
1749254763,0.26950000,15199.00000000,0.2705
1749254763,0.26940000,5462.00000000,0.2705
1749254763,0.26930000,4160.00000000,0.2705
1749254763,0.26920000,5036.00000000,0.2705
1749254763,0.26910000,4135.00000000,0.2705
1749254763,0.26900000,1464.00000000,0.2705
1749254763,0.26890000,4133.00000000,0.2705
1749254763,0.26880000,3096.00000000,0.2705
1749254763,0.26870000,6795.00000000,0.2705
1749254763,0.26860000,38175.00000000,0.2705
1749254763,0.26850000,4416.00000000,0.2705
1749254763,0.26840000,2791.00000000,0.2705
1749254763,0.26830000,3643.00000000,0.2705
1749254763,0.26820000,975.00000000,0.2705
1749254763,0.26810000,3643.00000000,0.2705
1749254763,0.26800000,883.00000000,0.2705
1749254763,0.26790000,3643.00000000,0.2705
1749254763,0.26780000,883.00000000,0.2705
1749254763,0.26770000,3644.00000000,0.2705
1749254763,0.26760000,5515.00000000,0.2705
1749254763,0.26750000,7434.00000000,0.2705
1749254763,0.26740000,982.00000000,0.2705
1749254763,0.26730000,3664.00000000,0.2705
1749254763,0.26720000,904.00000000,0.2705
1749254763,0.26710000,4124.00000000,0.2705
1749254763,0.26700000,52.00000000,0.2705
1749254763,0.26690000,883.00000000,0.2705
1749254763,0.26680000,3643.00000000,0.2705
1749254763,0.26670000,23.00000000,0.2705
1749254763,0.26660000,41.00000000,0.2705
1749254763,0.26650000,8428.00000000,0.2705
1749254763,0.26620000,3615.00000000,0.2705
1749254763,0.26610000,30.00000000,0.2705
1749254763,0.26600000,1031.00000000,0.2705
1749254763,0.26590000,2760.00000000,0.2705
1749254763,0.26560000,5002.00000000,0.2705
1749254763,0.26540000,2261.00000000,0.2705
1749254763,0.26530000,2909.00000000,0.2705
1749254763,0.26520000,31.00000000,0.2705
1749254763,0.26500000,3157.00000000,0.2705
1749254763,0.26480000,3049.00000000,0.2705
1749254763,0.26470000,2760.00000000,0.2705
1749254763,0.26460000,23.00000000,0.2705
1749254763,0.26450000,65.00000000,0.2705
1749254763,0.26440000,2760.00000000,0.2705
1749254763,0.26350000,208.00000000,0.2705
1749254763,0.26340000,96.00000000,0.2705
1749254763,0.26320000,151.00000000,0.2705
1749254763,0.26310000,2263.00000000,0.2705
1749254763,0.26300000,1156.00000000,0.2705
1749254763,0.26270000,102.00000000,0.2705
1749254763,0.26260000,92.00000000,0.2705
1749254763,0.26250000,84.00000000,0.2705
1749254763,0.26240000,81.00000000,0.2705
1749254763,0.26200000,24.00000000,0.2705
1749254763,0.26190000,146.00000000,0.2705
1749254763,0.26130000,192.00000000,0.2705
1749254763,0.26120000,571.00000000,0.2705
1749254763,0.26090000,31.00000000,0.2705
1749254763,0.26040000,41.00000000,0.2705
1749254763,0.26030000,2500.00000000,0.2705
1749254763,0.26000000,11336.00000000,0.2705
1749254763,0.25960000,794.00000000,0.2705
1749254763,0.25880000,212.00000000,0.2705
1749254763,0.25830000,41.00000000,0.2705
1749254763,0.25820000,23.00000000,0.2705
1749254763,0.25810000,1007.00000000,0.2705
1749254763,0.25800000,73.00000000,0.2705
1749254763,0.25770000,47.00000000,0.2705
1749254763,0.25760000,31.00000000,0.2705
1749254763,0.25750000,20.00000000,0.2705
1749254763,0.25710000,24.00000000,0.2705
1749254763,0.25690000,233.00000000,0.2705
1749254763,0.25680000,155.00000000,0.2705
1749254763,0.25640000,63.00000000,0.2705
1749254763,0.25620000,41.00000000,0.2705
1749254763,0.25610000,23.00000000,0.2705
1749254763,0.25600000,40.00000000,0.2705
1749254763,0.25580000,32.00000000,0.2705
1749254763,0.25550000,4203.00000000,0.2705
1749254763,0.25530000,30.00000000,0.2705
1749254763,0.25520000,20.00000000,0.2705
1749254763,0.25510000,98.00000000,0.2705
1749254763,0.25500000,3689.00000000,0.2705
1749254763,0.25470000,24.00000000,0.2705
1749254763,0.25420000,20.00000000,0.2705
1749254763,0.25410000,41.00000000,0.2705
1749254763,0.25400000,1152.00000000,0.2705
1749254763,0.25380000,280.00000000,0.2705
1749254763,0.25370000,7796.00000000,0.2705
1749254763,0.25360000,30.00000000,0.2705
1749254763,0.25350000,216.00000000,0.2705
1749254914,0.27030000,3333.00000000,0.2705
1749254914,0.27020000,14909.00000000,0.2705
1749254914,0.27010000,34767.00000000,0.2705
1749254914,0.27000000,16874.00000000,0.2705
1749254914,0.26990000,23874.00000000,0.2705
1749254914,0.26980000,11103.00000000,0.2705
1749254914,0.26970000,18351.00000000,0.2705
1749254914,0.26960000,34066.00000000,0.2705
1749254914,0.26950000,18612.00000000,0.2705
1749254914,0.26940000,1466.00000000,0.2705
1749254914,0.26930000,4160.00000000,0.2705
1749254914,0.26920000,1466.00000000,0.2705
1749254914,0.26910000,4135.00000000,0.2705
1749254914,0.26900000,3071.00000000,0.2705
1749254914,0.26890000,4133.00000000,0.2705
1749254914,0.26880000,1396.00000000,0.2705
1749254914,0.26870000,6333.00000000,0.2705
1749254914,0.26860000,883.00000000,0.2705
1749254914,0.26850000,40845.00000000,0.2705
1749254914,0.26840000,883.00000000,0.2705
1749254914,0.26830000,3643.00000000,0.2705
1749254914,0.26820000,1433.00000000,0.2705
1749254914,0.26810000,3643.00000000,0.2705
1749254914,0.26800000,883.00000000,0.2705
1749254914,0.26790000,3643.00000000,0.2705
1749254914,0.26780000,883.00000000,0.2705
1749254914,0.26770000,3644.00000000,0.2705
1749254914,0.26760000,5515.00000000,0.2705
1749254914,0.26750000,3664.00000000,0.2705
1749254914,0.26740000,982.00000000,0.2705
1749254914,0.26730000,3664.00000000,0.2705
1749254914,0.26720000,904.00000000,0.2705
1749254914,0.26710000,4124.00000000,0.2705
1749254914,0.26700000,52.00000000,0.2705
1749254914,0.26690000,883.00000000,0.2705
1749254914,0.26680000,3643.00000000,0.2705
1749254914,0.26670000,23.00000000,0.2705
1749254914,0.26660000,41.00000000,0.2705
1749254914,0.26650000,8428.00000000,0.2705
1749254914,0.26620000,2760.00000000,0.2705
1749254914,0.26610000,30.00000000,0.2705
1749254914,0.26600000,1031.00000000,0.2705
1749254914,0.26590000,2760.00000000,0.2705
1749254914,0.26560000,5002.00000000,0.2705
1749254914,0.26540000,2261.00000000,0.2705
1749254914,0.26530000,2909.00000000,0.2705
1749254914,0.26520000,31.00000000,0.2705
1749254914,0.26500000,3157.00000000,0.2705
1749254914,0.26480000,3049.00000000,0.2705
1749254914,0.26470000,2760.00000000,0.2705
1749254914,0.26460000,23.00000000,0.2705
1749254914,0.26450000,65.00000000,0.2705
1749254914,0.26440000,2760.00000000,0.2705
1749254914,0.26410000,2255.00000000,0.2705
1749254914,0.26350000,208.00000000,0.2705
1749254914,0.26340000,96.00000000,0.2705
1749254914,0.26320000,151.00000000,0.2705
1749254914,0.26300000,1156.00000000,0.2705
1749254914,0.26270000,102.00000000,0.2705
1749254914,0.26260000,92.00000000,0.2705
1749254914,0.26250000,84.00000000,0.2705
1749254914,0.26240000,81.00000000,0.2705
1749254914,0.26200000,24.00000000,0.2705
1749254914,0.26190000,146.00000000,0.2705
1749254914,0.26130000,192.00000000,0.2705
1749254914,0.26120000,21.00000000,0.2705
1749254914,0.26090000,31.00000000,0.2705
1749254914,0.26040000,41.00000000,0.2705
1749254914,0.26030000,2500.00000000,0.2705
1749254914,0.26000000,11336.00000000,0.2705
1749254914,0.25960000,794.00000000,0.2705
1749254914,0.25880000,212.00000000,0.2705
1749254914,0.25830000,41.00000000,0.2705
1749254914,0.25820000,23.00000000,0.2705
1749254914,0.25810000,1007.00000000,0.2705
1749254914,0.25800000,73.00000000,0.2705
1749254914,0.25770000,47.00000000,0.2705
1749254914,0.25760000,31.00000000,0.2705
1749254914,0.25750000,20.00000000,0.2705
1749254914,0.25710000,24.00000000,0.2705
1749254914,0.25690000,233.00000000,0.2705
1749254914,0.25680000,155.00000000,0.2705
1749254914,0.25640000,63.00000000,0.2705
1749254914,0.25620000,41.00000000,0.2705
1749254914,0.25610000,23.00000000,0.2705
1749254914,0.25600000,40.00000000,0.2705
1749254914,0.25580000,32.00000000,0.2705
1749254914,0.25550000,4203.00000000,0.2705
1749254914,0.25530000,30.00000000,0.2705
1749254914,0.25520000,20.00000000,0.2705
1749254914,0.25510000,98.00000000,0.2705
1749254914,0.25500000,3689.00000000,0.2705
1749254914,0.25470000,24.00000000,0.2705
1749254914,0.25420000,20.00000000,0.2705
1749254914,0.25410000,41.00000000,0.2705
1749254914,0.25400000,1152.00000000,0.2705
1749254914,0.25380000,280.00000000,0.2705
1749254914,0.25370000,7796.00000000,0.2705
1749254914,0.25360000,30.00000000,0.2705
1749254914,0.25350000,216.00000000,0.2705
