timestamp,price,volume,current_price
1749260651,0.27240000,1529.00000000,0.2725
1749260651,0.27230000,11363.00000000,0.2725
1749260651,0.27220000,18948.00000000,0.2725
1749260651,0.27210000,24517.00000000,0.2725
1749260651,0.27200000,22803.00000000,0.2725
1749260651,0.27190000,40030.00000000,0.2725
1749260651,0.27180000,72597.00000000,0.2725
1749260651,0.27170000,15185.00000000,0.2725
1749260651,0.27160000,15103.00000000,0.2725
1749260651,0.27150000,12632.00000000,0.2725
1749260651,0.27140000,2816.00000000,0.2725
1749260651,0.27130000,12668.00000000,0.2725
1749260651,0.27120000,4447.00000000,0.2725
1749260651,0.27110000,6708.00000000,0.2725
1749260651,0.27100000,3904.00000000,0.2725
1749260651,0.27090000,4863.00000000,0.2725
1749260651,0.27080000,4060.00000000,0.2725
1749260651,0.27070000,9489.00000000,0.2725
1749260651,0.27060000,1341.00000000,0.2725
1749260651,0.27050000,4102.00000000,0.2725
1749260651,0.27040000,38296.00000000,0.2725
1749260651,0.27030000,4102.00000000,0.2725
1749260651,0.27020000,3988.00000000,0.2725
1749260651,0.27010000,883.00000000,0.2725
1749260651,0.27000000,8293.00000000,0.2725
1749260651,0.26990000,552.00000000,0.2725
1749260651,0.26980000,883.00000000,0.2725
1749260651,0.26970000,3643.00000000,0.2725
1749260651,0.26960000,855.00000000,0.2725
1749260651,0.26950000,7332.00000000,0.2725
1749260651,0.26930000,4118.00000000,0.2725
1749260651,0.26920000,952.00000000,0.2725
1749260651,0.26910000,3615.00000000,0.2725
1749260651,0.26900000,2217.00000000,0.2725
1749260651,0.26890000,3615.00000000,0.2725
1749260651,0.26880000,23.00000000,0.2725
1749260651,0.26870000,3656.00000000,0.2725
1749260651,0.26860000,5601.00000000,0.2725
1749260651,0.26850000,3615.00000000,0.2725
1749260651,0.26830000,3615.00000000,0.2725
1749260651,0.26820000,172.00000000,0.2725
1749260651,0.26810000,3615.00000000,0.2725
1749260651,0.26790000,2907.00000000,0.2725
1749260651,0.26750000,20.00000000,0.2725
1749260651,0.26730000,20.00000000,0.2725
1749260651,0.26720000,21.00000000,0.2725
1749260651,0.26700000,2258.00000000,0.2725
1749260651,0.26670000,23.00000000,0.2725
1749260651,0.26660000,41.00000000,0.2725
1749260651,0.26610000,30.00000000,0.2725
1749260651,0.26600000,1031.00000000,0.2725
1749260651,0.26540000,2087.00000000,0.2725
1749260651,0.26520000,31.00000000,0.2725
1749260651,0.26500000,434.00000000,0.2725
1749260651,0.26470000,23.00000000,0.2725
1749260651,0.26460000,23.00000000,0.2725
1749260651,0.26450000,65.00000000,0.2725
1749260651,0.26350000,208.00000000,0.2725
1749260651,0.26340000,96.00000000,0.2725
1749260651,0.26320000,151.00000000,0.2725
1749260651,0.26300000,1156.00000000,0.2725
1749260651,0.26270000,102.00000000,0.2725
1749260651,0.26260000,92.00000000,0.2725
1749260651,0.26250000,84.00000000,0.2725
1749260651,0.26240000,81.00000000,0.2725
1749260651,0.26200000,24.00000000,0.2725
1749260651,0.26190000,146.00000000,0.2725
1749260651,0.26130000,192.00000000,0.2725
1749260651,0.26120000,21.00000000,0.2725
1749260651,0.26090000,31.00000000,0.2725
1749260651,0.26040000,41.00000000,0.2725
1749260651,0.26030000,2500.00000000,0.2725
1749260651,0.26000000,10952.00000000,0.2725
1749260651,0.25960000,794.00000000,0.2725
1749260651,0.25880000,212.00000000,0.2725
1749260651,0.25830000,41.00000000,0.2725
1749260651,0.25820000,23.00000000,0.2725
1749260651,0.25810000,1007.00000000,0.2725
1749260651,0.25800000,73.00000000,0.2725
1749260651,0.25770000,47.00000000,0.2725
1749260651,0.25760000,31.00000000,0.2725
1749260651,0.25750000,20.00000000,0.2725
1749260651,0.25710000,24.00000000,0.2725
1749260651,0.25690000,233.00000000,0.2725
1749260651,0.25680000,155.00000000,0.2725
1749260651,0.25650000,35.00000000,0.2725
1749260651,0.25640000,63.00000000,0.2725
1749260651,0.25620000,41.00000000,0.2725
1749260651,0.25610000,23.00000000,0.2725
1749260651,0.25600000,40.00000000,0.2725
1749260651,0.25580000,32.00000000,0.2725
1749260651,0.25550000,4203.00000000,0.2725
1749260651,0.25530000,30.00000000,0.2725
1749260651,0.25520000,20.00000000,0.2725
1749260651,0.25510000,98.00000000,0.2725
1749260651,0.25500000,3689.00000000,0.2725
1749260651,0.25470000,24.00000000,0.2725
1749260651,0.25420000,20.00000000,0.2725
1749260651,0.25410000,41.00000000,0.2725
1749260651,0.25400000,1152.00000000,0.2725
1749260766,0.27270000,1535.00000000,0.2727
1749260766,0.27260000,6739.00000000,0.2727
1749260766,0.27250000,14219.00000000,0.2727
1749260766,0.27240000,33209.00000000,0.2727
1749260766,0.27230000,28828.00000000,0.2727
1749260766,0.27220000,33815.00000000,0.2727
1749260766,0.27210000,28133.00000000,0.2727
1749260766,0.27200000,30327.00000000,0.2727
1749260766,0.27190000,11456.00000000,0.2727
1749260766,0.27180000,55648.00000000,0.2727
1749260766,0.27170000,4989.00000000,0.2727
1749260766,0.27160000,1391.00000000,0.2727
1749260766,0.27150000,4367.00000000,0.2727
1749260766,0.27140000,4460.00000000,0.2727
1749260766,0.27130000,4129.00000000,0.2727
1749260766,0.27120000,5492.00000000,0.2727
1749260766,0.27110000,6653.00000000,0.2727
1749260766,0.27100000,1392.00000000,0.2727
1749260766,0.27090000,4129.00000000,0.2727
1749260766,0.27080000,38308.00000000,0.2727
1749260766,0.27070000,14040.00000000,0.2727
1749260766,0.27060000,1341.00000000,0.2727
1749260766,0.27050000,3643.00000000,0.2727
1749260766,0.27040000,883.00000000,0.2727
1749260766,0.27030000,3643.00000000,0.2727
1749260766,0.27020000,7672.00000000,0.2727
1749260766,0.27010000,883.00000000,0.2727
1749260766,0.27000000,3703.00000000,0.2727
1749260766,0.26990000,552.00000000,0.2727
1749260766,0.26980000,883.00000000,0.2727
1749260766,0.26970000,3643.00000000,0.2727
1749260766,0.26960000,855.00000000,0.2727
1749260766,0.26950000,3639.00000000,0.2727
1749260766,0.26930000,4118.00000000,0.2727
1749260766,0.26920000,952.00000000,0.2727
1749260766,0.26910000,3615.00000000,0.2727
1749260766,0.26900000,2217.00000000,0.2727
1749260766,0.26890000,3787.00000000,0.2727
1749260766,0.26880000,23.00000000,0.2727
1749260766,0.26870000,2801.00000000,0.2727
1749260766,0.26860000,4893.00000000,0.2727
1749260766,0.26850000,2760.00000000,0.2727
1749260766,0.26830000,2760.00000000,0.2727
1749260766,0.26810000,2760.00000000,0.2727
1749260766,0.26790000,2760.00000000,0.2727
1749260766,0.26780000,2227.00000000,0.2727
1749260766,0.26750000,20.00000000,0.2727
1749260766,0.26730000,20.00000000,0.2727
1749260766,0.26720000,21.00000000,0.2727
1749260766,0.26700000,24.00000000,0.2727
1749260766,0.26670000,23.00000000,0.2727
1749260766,0.26660000,41.00000000,0.2727
1749260766,0.26610000,30.00000000,0.2727
1749260766,0.26600000,1031.00000000,0.2727
1749260766,0.26540000,2087.00000000,0.2727
1749260766,0.26520000,31.00000000,0.2727
1749260766,0.26500000,434.00000000,0.2727
1749260766,0.26470000,23.00000000,0.2727
1749260766,0.26460000,23.00000000,0.2727
1749260766,0.26450000,65.00000000,0.2727
1749260766,0.26350000,208.00000000,0.2727
1749260766,0.26340000,96.00000000,0.2727
1749260766,0.26320000,151.00000000,0.2727
1749260766,0.26300000,1156.00000000,0.2727
1749260766,0.26270000,102.00000000,0.2727
1749260766,0.26260000,92.00000000,0.2727
1749260766,0.26250000,84.00000000,0.2727
1749260766,0.26240000,81.00000000,0.2727
1749260766,0.26200000,24.00000000,0.2727
1749260766,0.26190000,146.00000000,0.2727
1749260766,0.26130000,192.00000000,0.2727
1749260766,0.26120000,21.00000000,0.2727
1749260766,0.26090000,31.00000000,0.2727
1749260766,0.26040000,41.00000000,0.2727
1749260766,0.26030000,2500.00000000,0.2727
1749260766,0.26000000,10952.00000000,0.2727
1749260766,0.25960000,794.00000000,0.2727
1749260766,0.25880000,212.00000000,0.2727
1749260766,0.25830000,41.00000000,0.2727
1749260766,0.25820000,23.00000000,0.2727
1749260766,0.25810000,1007.00000000,0.2727
1749260766,0.25800000,73.00000000,0.2727
1749260766,0.25770000,47.00000000,0.2727
1749260766,0.25760000,31.00000000,0.2727
1749260766,0.25750000,20.00000000,0.2727
1749260766,0.25710000,24.00000000,0.2727
1749260766,0.25690000,233.00000000,0.2727
1749260766,0.25680000,155.00000000,0.2727
1749260766,0.25650000,35.00000000,0.2727
1749260766,0.25640000,63.00000000,0.2727
1749260766,0.25620000,41.00000000,0.2727
1749260766,0.25610000,23.00000000,0.2727
1749260766,0.25600000,40.00000000,0.2727
1749260766,0.25580000,32.00000000,0.2727
1749260766,0.25550000,4203.00000000,0.2727
1749260766,0.25530000,30.00000000,0.2727
1749260766,0.25520000,20.00000000,0.2727
1749260766,0.25510000,98.00000000,0.2727
1749260766,0.25500000,3689.00000000,0.2727
1749260766,0.25470000,24.00000000,0.2727
1749260963,0.27280000,855.00000000,0.2732
1749260963,0.27270000,3357.00000000,0.2732
1749260963,0.27260000,7841.00000000,0.2732
1749260963,0.27250000,8983.00000000,0.2732
1749260963,0.27240000,19025.00000000,0.2732
1749260963,0.27230000,33831.00000000,0.2732
1749260963,0.27220000,39163.00000000,0.2732
1749260963,0.27210000,34350.00000000,0.2732
1749260963,0.27200000,21328.00000000,0.2732
1749260963,0.27190000,15599.00000000,0.2732
1749260963,0.27180000,53700.00000000,0.2732
1749260963,0.27170000,9965.00000000,0.2732
1749260963,0.27160000,7513.00000000,0.2732
1749260963,0.27150000,7516.00000000,0.2732
1749260963,0.27140000,2135.00000000,0.2732
1749260963,0.27130000,4129.00000000,0.2732
1749260963,0.27120000,5714.00000000,0.2732
1749260963,0.27110000,4101.00000000,0.2732
1749260963,0.27100000,1364.00000000,0.2732
1749260963,0.27090000,10951.00000000,0.2732
1749260963,0.27080000,924.00000000,0.2732
1749260963,0.27070000,45125.00000000,0.2732
1749260963,0.27060000,883.00000000,0.2732
1749260963,0.27050000,3643.00000000,0.2732
1749260963,0.27040000,883.00000000,0.2732
1749260963,0.27030000,3643.00000000,0.2732
1749260963,0.27020000,883.00000000,0.2732
1749260963,0.27010000,883.00000000,0.2732
1749260963,0.27000000,3703.00000000,0.2732
1749260963,0.26990000,504.00000000,0.2732
1749260963,0.26980000,3094.00000000,0.2732
1749260963,0.26970000,3643.00000000,0.2732
1749260963,0.26960000,1026.00000000,0.2732
1749260963,0.26950000,3639.00000000,0.2732
1749260963,0.26930000,8619.00000000,0.2732
1749260963,0.26920000,97.00000000,0.2732
1749260963,0.26910000,3615.00000000,0.2732
1749260963,0.26890000,3615.00000000,0.2732
1749260963,0.26880000,23.00000000,0.2732
1749260963,0.26870000,3656.00000000,0.2732
1749260963,0.26850000,3615.00000000,0.2732
1749260963,0.26830000,2760.00000000,0.2732
1749260963,0.26810000,2760.00000000,0.2732
1749260963,0.26800000,2226.00000000,0.2732
1749260963,0.26790000,4987.00000000,0.2732
1749260963,0.26750000,20.00000000,0.2732
1749260963,0.26730000,20.00000000,0.2732
1749260963,0.26720000,21.00000000,0.2732
1749260963,0.26700000,24.00000000,0.2732
1749260963,0.26670000,23.00000000,0.2732
1749260963,0.26660000,41.00000000,0.2732
1749260963,0.26610000,30.00000000,0.2732
1749260963,0.26600000,1031.00000000,0.2732
1749260963,0.26540000,2087.00000000,0.2732
1749260963,0.26520000,31.00000000,0.2732
1749260963,0.26500000,434.00000000,0.2732
1749260963,0.26470000,23.00000000,0.2732
1749260963,0.26460000,23.00000000,0.2732
1749260963,0.26450000,65.00000000,0.2732
1749260963,0.26350000,208.00000000,0.2732
1749260963,0.26340000,96.00000000,0.2732
1749260963,0.26320000,151.00000000,0.2732
1749260963,0.26300000,1156.00000000,0.2732
1749260963,0.26270000,102.00000000,0.2732
1749260963,0.26260000,92.00000000,0.2732
1749260963,0.26250000,84.00000000,0.2732
1749260963,0.26240000,81.00000000,0.2732
1749260963,0.26200000,24.00000000,0.2732
1749260963,0.26190000,146.00000000,0.2732
1749260963,0.26130000,192.00000000,0.2732
1749260963,0.26120000,21.00000000,0.2732
1749260963,0.26090000,31.00000000,0.2732
1749260963,0.26040000,41.00000000,0.2732
1749260963,0.26030000,2500.00000000,0.2732
1749260963,0.26000000,10952.00000000,0.2732
1749260963,0.25960000,794.00000000,0.2732
1749260963,0.25880000,212.00000000,0.2732
1749260963,0.25830000,41.00000000,0.2732
1749260963,0.25820000,23.00000000,0.2732
1749260963,0.25810000,1007.00000000,0.2732
1749260963,0.25800000,73.00000000,0.2732
1749260963,0.25770000,47.00000000,0.2732
1749260963,0.25760000,31.00000000,0.2732
1749260963,0.25750000,20.00000000,0.2732
1749260963,0.25710000,24.00000000,0.2732
1749260963,0.25690000,233.00000000,0.2732
1749260963,0.25680000,155.00000000,0.2732
1749260963,0.25650000,35.00000000,0.2732
1749260963,0.25640000,63.00000000,0.2732
1749260963,0.25620000,41.00000000,0.2732
1749260963,0.25610000,23.00000000,0.2732
1749260963,0.25600000,40.00000000,0.2732
1749260963,0.25580000,32.00000000,0.2732
1749260963,0.25550000,4203.00000000,0.2732
1749260963,0.25530000,30.00000000,0.2732
1749260963,0.25520000,20.00000000,0.2732
1749260963,0.25510000,98.00000000,0.2732
1749260963,0.25500000,3689.00000000,0.2732
1749260963,0.25470000,24.00000000,0.2732
1749260963,0.25420000,20.00000000,0.2732
1749261086,0.27290000,855.00000000,0.2729
1749261086,0.27280000,10155.00000000,0.2729
1749261086,0.27270000,33902.00000000,0.2729
1749261086,0.27260000,17316.00000000,0.2729
1749261086,0.27250000,39770.00000000,0.2729
1749261086,0.27240000,18500.00000000,0.2729
1749261086,0.27230000,27621.00000000,0.2729
1749261086,0.27220000,17469.00000000,0.2729
1749261086,0.27210000,25334.00000000,0.2729
1749261086,0.27200000,15558.00000000,0.2729
1749261086,0.27190000,4861.00000000,0.2729
1749261086,0.27180000,46457.00000000,0.2729
1749261086,0.27170000,4989.00000000,0.2729
1749261086,0.27160000,9104.00000000,0.2729
1749261086,0.27150000,5924.00000000,0.2729
1749261086,0.27140000,3877.00000000,0.2729
1749261086,0.27130000,5613.00000000,0.2729
1749261086,0.27120000,3971.00000000,0.2729
1749261086,0.27110000,4101.00000000,0.2729
1749261086,0.27100000,1364.00000000,0.2729
1749261086,0.27090000,10951.00000000,0.2729
1749261086,0.27080000,924.00000000,0.2729
1749261086,0.27070000,45125.00000000,0.2729
1749261086,0.27060000,883.00000000,0.2729
1749261086,0.27050000,3643.00000000,0.2729
1749261086,0.27040000,883.00000000,0.2729
1749261086,0.27030000,3643.00000000,0.2729
1749261086,0.27020000,883.00000000,0.2729
1749261086,0.27010000,883.00000000,0.2729
1749261086,0.27000000,3703.00000000,0.2729
1749261086,0.26990000,504.00000000,0.2729
1749261086,0.26980000,883.00000000,0.2729
1749261086,0.26970000,3643.00000000,0.2729
1749261086,0.26960000,1026.00000000,0.2729
1749261086,0.26950000,3639.00000000,0.2729
1749261086,0.26930000,8619.00000000,0.2729
1749261086,0.26920000,2313.00000000,0.2729
1749261086,0.26910000,3615.00000000,0.2729
1749261086,0.26890000,3615.00000000,0.2729
1749261086,0.26880000,23.00000000,0.2729
1749261086,0.26870000,3656.00000000,0.2729
1749261086,0.26850000,2760.00000000,0.2729
1749261086,0.26830000,2760.00000000,0.2729
1749261086,0.26810000,2760.00000000,0.2729
1749261086,0.26800000,2226.00000000,0.2729
1749261086,0.26790000,4987.00000000,0.2729
1749261086,0.26750000,20.00000000,0.2729
1749261086,0.26730000,20.00000000,0.2729
1749261086,0.26720000,21.00000000,0.2729
1749261086,0.26700000,24.00000000,0.2729
1749261086,0.26670000,23.00000000,0.2729
1749261086,0.26660000,41.00000000,0.2729
1749261086,0.26610000,30.00000000,0.2729
1749261086,0.26600000,1031.00000000,0.2729
1749261086,0.26540000,2087.00000000,0.2729
1749261086,0.26520000,31.00000000,0.2729
1749261086,0.26500000,434.00000000,0.2729
1749261086,0.26470000,23.00000000,0.2729
1749261086,0.26460000,23.00000000,0.2729
1749261086,0.26450000,65.00000000,0.2729
1749261086,0.26350000,208.00000000,0.2729
1749261086,0.26340000,96.00000000,0.2729
1749261086,0.26320000,151.00000000,0.2729
1749261086,0.26300000,1156.00000000,0.2729
1749261086,0.26270000,102.00000000,0.2729
1749261086,0.26260000,92.00000000,0.2729
1749261086,0.26250000,84.00000000,0.2729
1749261086,0.26240000,81.00000000,0.2729
1749261086,0.26200000,24.00000000,0.2729
1749261086,0.26190000,146.00000000,0.2729
1749261086,0.26130000,192.00000000,0.2729
1749261086,0.26120000,21.00000000,0.2729
1749261086,0.26090000,31.00000000,0.2729
1749261086,0.26040000,41.00000000,0.2729
1749261086,0.26030000,2500.00000000,0.2729
1749261086,0.26000000,10952.00000000,0.2729
1749261086,0.25960000,794.00000000,0.2729
1749261086,0.25880000,212.00000000,0.2729
1749261086,0.25830000,41.00000000,0.2729
1749261086,0.25820000,23.00000000,0.2729
1749261086,0.25810000,1007.00000000,0.2729
1749261086,0.25800000,73.00000000,0.2729
1749261086,0.25770000,47.00000000,0.2729
1749261086,0.25760000,31.00000000,0.2729
1749261086,0.25750000,20.00000000,0.2729
1749261086,0.25710000,24.00000000,0.2729
1749261086,0.25690000,233.00000000,0.2729
1749261086,0.25680000,155.00000000,0.2729
1749261086,0.25650000,35.00000000,0.2729
1749261086,0.25640000,63.00000000,0.2729
1749261086,0.25620000,41.00000000,0.2729
1749261086,0.25610000,23.00000000,0.2729
1749261086,0.25600000,40.00000000,0.2729
1749261086,0.25580000,32.00000000,0.2729
1749261086,0.25550000,4203.00000000,0.2729
1749261086,0.25530000,30.00000000,0.2729
1749261086,0.25520000,20.00000000,0.2729
1749261086,0.25510000,98.00000000,0.2729
1749261086,0.25500000,3689.00000000,0.2729
1749261086,0.25470000,24.00000000,0.2729
1749261264,0.27280000,1539.00000000,0.2729
1749261264,0.27270000,12147.00000000,0.2729
1749261264,0.27260000,24130.00000000,0.2729
1749261264,0.27250000,33885.00000000,0.2729
1749261264,0.27240000,17481.00000000,0.2729
1749261264,0.27230000,33009.00000000,0.2729
1749261264,0.27220000,23919.00000000,0.2729
1749261264,0.27210000,34331.00000000,0.2729
1749261264,0.27200000,12987.00000000,0.2729
1749261264,0.27190000,5099.00000000,0.2729
1749261264,0.27180000,57104.00000000,0.2729
1749261264,0.27170000,4989.00000000,0.2729
1749261264,0.27160000,9104.00000000,0.2729
1749261264,0.27150000,5924.00000000,0.2729
1749261264,0.27140000,3877.00000000,0.2729
1749261264,0.27130000,4129.00000000,0.2729
1749261264,0.27120000,3971.00000000,0.2729
1749261264,0.27110000,4101.00000000,0.2729
1749261264,0.27100000,1364.00000000,0.2729
1749261264,0.27090000,7317.00000000,0.2729
1749261264,0.27080000,924.00000000,0.2729
1749261264,0.27070000,48227.00000000,0.2729
1749261264,0.27060000,883.00000000,0.2729
1749261264,0.27050000,4217.00000000,0.2729
1749261264,0.27040000,883.00000000,0.2729
1749261264,0.27030000,3643.00000000,0.2729
1749261264,0.27020000,883.00000000,0.2729
1749261264,0.27010000,883.00000000,0.2729
1749261264,0.27000000,3703.00000000,0.2729
1749261264,0.26990000,504.00000000,0.2729
1749261264,0.26980000,883.00000000,0.2729
1749261264,0.26970000,3643.00000000,0.2729
1749261264,0.26960000,1026.00000000,0.2729
1749261264,0.26950000,3639.00000000,0.2729
1749261264,0.26930000,8619.00000000,0.2729
1749261264,0.26920000,3168.00000000,0.2729
1749261264,0.26910000,3615.00000000,0.2729
1749261264,0.26890000,2760.00000000,0.2729
1749261264,0.26880000,23.00000000,0.2729
1749261264,0.26870000,2801.00000000,0.2729
1749261264,0.26850000,2760.00000000,0.2729
1749261264,0.26830000,2760.00000000,0.2729
1749261264,0.26810000,2760.00000000,0.2729
1749261264,0.26800000,2226.00000000,0.2729
1749261264,0.26790000,4987.00000000,0.2729
1749261264,0.26750000,20.00000000,0.2729
1749261264,0.26730000,20.00000000,0.2729
1749261264,0.26720000,21.00000000,0.2729
1749261264,0.26700000,24.00000000,0.2729
1749261264,0.26670000,23.00000000,0.2729
1749261264,0.26660000,41.00000000,0.2729
1749261264,0.26610000,30.00000000,0.2729
1749261264,0.26600000,1031.00000000,0.2729
1749261264,0.26540000,2087.00000000,0.2729
1749261264,0.26520000,31.00000000,0.2729
1749261264,0.26500000,434.00000000,0.2729
1749261264,0.26470000,23.00000000,0.2729
1749261264,0.26460000,23.00000000,0.2729
1749261264,0.26450000,65.00000000,0.2729
1749261264,0.26350000,208.00000000,0.2729
1749261264,0.26340000,96.00000000,0.2729
1749261264,0.26320000,151.00000000,0.2729
1749261264,0.26300000,1156.00000000,0.2729
1749261264,0.26270000,102.00000000,0.2729
1749261264,0.26260000,92.00000000,0.2729
1749261264,0.26250000,84.00000000,0.2729
1749261264,0.26240000,81.00000000,0.2729
1749261264,0.26200000,24.00000000,0.2729
1749261264,0.26190000,146.00000000,0.2729
1749261264,0.26130000,192.00000000,0.2729
1749261264,0.26120000,21.00000000,0.2729
1749261264,0.26090000,31.00000000,0.2729
1749261264,0.26040000,41.00000000,0.2729
1749261264,0.26030000,2500.00000000,0.2729
1749261264,0.26000000,10952.00000000,0.2729
1749261264,0.25960000,794.00000000,0.2729
1749261264,0.25880000,212.00000000,0.2729
1749261264,0.25830000,41.00000000,0.2729
1749261264,0.25820000,23.00000000,0.2729
1749261264,0.25810000,1007.00000000,0.2729
1749261264,0.25800000,73.00000000,0.2729
1749261264,0.25770000,47.00000000,0.2729
1749261264,0.25760000,31.00000000,0.2729
1749261264,0.25750000,20.00000000,0.2729
1749261264,0.25710000,24.00000000,0.2729
1749261264,0.25690000,233.00000000,0.2729
1749261264,0.25680000,155.00000000,0.2729
1749261264,0.25650000,35.00000000,0.2729
1749261264,0.25640000,63.00000000,0.2729
1749261264,0.25620000,41.00000000,0.2729
1749261264,0.25610000,23.00000000,0.2729
1749261264,0.25600000,40.00000000,0.2729
1749261264,0.25580000,32.00000000,0.2729
1749261264,0.25550000,4203.00000000,0.2729
1749261264,0.25530000,30.00000000,0.2729
1749261264,0.25520000,20.00000000,0.2729
1749261264,0.25510000,98.00000000,0.2729
1749261264,0.25500000,3689.00000000,0.2729
1749261264,0.25470000,24.00000000,0.2729
1749261264,0.25420000,20.00000000,0.2729
1749261400,0.27300000,1502.00000000,0.2732
1749261400,0.27290000,12085.00000000,0.2732
1749261400,0.27280000,19056.00000000,0.2732
1749261400,0.27270000,39681.00000000,0.2732
1749261400,0.27260000,16882.00000000,0.2732
1749261400,0.27250000,30073.00000000,0.2732
1749261400,0.27240000,28179.00000000,0.2732
1749261400,0.27230000,31178.00000000,0.2732
1749261400,0.27220000,2680.00000000,0.2732
1749261400,0.27210000,4128.00000000,0.2732
1749261400,0.27200000,6587.00000000,0.2732
1749261400,0.27190000,6577.00000000,0.2732
1749261400,0.27180000,13534.00000000,0.2732
1749261400,0.27170000,7056.00000000,0.2732
1749261400,0.27160000,2169.00000000,0.2732
1749261400,0.27150000,6751.00000000,0.2732
1749261400,0.27140000,2135.00000000,0.2732
1749261400,0.27130000,3671.00000000,0.2732
1749261400,0.27120000,883.00000000,0.2732
1749261400,0.27110000,40501.00000000,0.2732
1749261400,0.27100000,906.00000000,0.2732
1749261400,0.27090000,7317.00000000,0.2732
1749261400,0.27080000,924.00000000,0.2732
1749261400,0.27070000,8222.00000000,0.2732
1749261400,0.27060000,883.00000000,0.2732
1749261400,0.27050000,4217.00000000,0.2732
1749261400,0.27040000,883.00000000,0.2732
1749261400,0.27030000,6749.00000000,0.2732
1749261400,0.27020000,883.00000000,0.2732
1749261400,0.27010000,883.00000000,0.2732
1749261400,0.27000000,3703.00000000,0.2732
1749261400,0.26990000,504.00000000,0.2732
1749261400,0.26980000,883.00000000,0.2732
1749261400,0.26970000,3643.00000000,0.2732
1749261400,0.26960000,1026.00000000,0.2732
1749261400,0.26950000,3639.00000000,0.2732
1749261400,0.26930000,8619.00000000,0.2732
1749261400,0.26920000,2313.00000000,0.2732
1749261400,0.26910000,2760.00000000,0.2732
1749261400,0.26890000,2760.00000000,0.2732
1749261400,0.26880000,23.00000000,0.2732
1749261400,0.26870000,2801.00000000,0.2732
1749261400,0.26850000,2760.00000000,0.2732
1749261400,0.26830000,2760.00000000,0.2732
1749261400,0.26810000,2760.00000000,0.2732
1749261400,0.26800000,2226.00000000,0.2732
1749261400,0.26790000,2760.00000000,0.2732
1749261400,0.26780000,2227.00000000,0.2732
1749261400,0.26750000,20.00000000,0.2732
1749261400,0.26730000,20.00000000,0.2732
1749261400,0.26720000,21.00000000,0.2732
1749261400,0.26700000,24.00000000,0.2732
1749261400,0.26670000,23.00000000,0.2732
1749261400,0.26660000,41.00000000,0.2732
1749261400,0.26610000,30.00000000,0.2732
1749261400,0.26600000,1031.00000000,0.2732
1749261400,0.26540000,2087.00000000,0.2732
1749261400,0.26520000,31.00000000,0.2732
1749261400,0.26500000,434.00000000,0.2732
1749261400,0.26470000,23.00000000,0.2732
1749261400,0.26460000,23.00000000,0.2732
1749261400,0.26450000,65.00000000,0.2732
1749261400,0.26350000,208.00000000,0.2732
1749261400,0.26340000,96.00000000,0.2732
1749261400,0.26320000,151.00000000,0.2732
1749261400,0.26300000,1156.00000000,0.2732
1749261400,0.26270000,102.00000000,0.2732
1749261400,0.26260000,92.00000000,0.2732
1749261400,0.26250000,84.00000000,0.2732
1749261400,0.26240000,81.00000000,0.2732
1749261400,0.26200000,24.00000000,0.2732
1749261400,0.26190000,146.00000000,0.2732
1749261400,0.26130000,192.00000000,0.2732
1749261400,0.26120000,21.00000000,0.2732
1749261400,0.26090000,31.00000000,0.2732
1749261400,0.26040000,41.00000000,0.2732
1749261400,0.26030000,2500.00000000,0.2732
1749261400,0.26000000,10952.00000000,0.2732
1749261400,0.25960000,794.00000000,0.2732
1749261400,0.25880000,212.00000000,0.2732
1749261400,0.25830000,41.00000000,0.2732
1749261400,0.25820000,23.00000000,0.2732
1749261400,0.25810000,1007.00000000,0.2732
1749261400,0.25800000,73.00000000,0.2732
1749261400,0.25770000,47.00000000,0.2732
1749261400,0.25760000,31.00000000,0.2732
1749261400,0.25750000,20.00000000,0.2732
1749261400,0.25710000,24.00000000,0.2732
1749261400,0.25690000,233.00000000,0.2732
1749261400,0.25680000,155.00000000,0.2732
1749261400,0.25650000,35.00000000,0.2732
1749261400,0.25640000,63.00000000,0.2732
1749261400,0.25620000,41.00000000,0.2732
1749261400,0.25610000,23.00000000,0.2732
1749261400,0.25600000,40.00000000,0.2732
1749261400,0.25580000,32.00000000,0.2732
1749261400,0.25550000,4203.00000000,0.2732
1749261400,0.25530000,30.00000000,0.2732
1749261400,0.25520000,20.00000000,0.2732
1749261400,0.25510000,98.00000000,0.2732
1749261566,0.27270000,5369.00000000,0.2729
1749261566,0.27260000,17409.00000000,0.2729
1749261566,0.27250000,22888.00000000,0.2729
1749261566,0.27240000,35029.00000000,0.2729
1749261566,0.27230000,29829.00000000,0.2729
1749261566,0.27220000,13513.00000000,0.2729
1749261566,0.27210000,40415.00000000,0.2729
1749261566,0.27200000,16255.00000000,0.2729
1749261566,0.27190000,4859.00000000,0.2729
1749261566,0.27180000,13534.00000000,0.2729
1749261566,0.27170000,12647.00000000,0.2729
1749261566,0.27160000,5446.00000000,0.2729
1749261566,0.27150000,7461.00000000,0.2729
1749261566,0.27140000,2135.00000000,0.2729
1749261566,0.27130000,3671.00000000,0.2729
1749261566,0.27120000,1340.00000000,0.2729
1749261566,0.27110000,43092.00000000,0.2729
1749261566,0.27100000,1364.00000000,0.2729
1749261566,0.27090000,7317.00000000,0.2729
1749261566,0.27080000,924.00000000,0.2729
1749261566,0.27070000,8222.00000000,0.2729
1749261566,0.27060000,883.00000000,0.2729
1749261566,0.27050000,4217.00000000,0.2729
1749261566,0.27040000,3989.00000000,0.2729
1749261566,0.27030000,3643.00000000,0.2729
1749261566,0.27020000,883.00000000,0.2729
1749261566,0.27010000,883.00000000,0.2729
1749261566,0.27000000,3703.00000000,0.2729
1749261566,0.26990000,504.00000000,0.2729
1749261566,0.26980000,883.00000000,0.2729
1749261566,0.26970000,3643.00000000,0.2729
1749261566,0.26960000,1026.00000000,0.2729
1749261566,0.26950000,3639.00000000,0.2729
1749261566,0.26930000,8619.00000000,0.2729
1749261566,0.26920000,3168.00000000,0.2729
1749261566,0.26910000,3615.00000000,0.2729
1749261566,0.26890000,3615.00000000,0.2729
1749261566,0.26880000,23.00000000,0.2729
1749261566,0.26870000,2801.00000000,0.2729
1749261566,0.26850000,2760.00000000,0.2729
1749261566,0.26830000,2760.00000000,0.2729
1749261566,0.26810000,2760.00000000,0.2729
1749261566,0.26800000,2226.00000000,0.2729
1749261566,0.26790000,2760.00000000,0.2729
1749261566,0.26780000,2227.00000000,0.2729
1749261566,0.26750000,20.00000000,0.2729
1749261566,0.26730000,20.00000000,0.2729
1749261566,0.26720000,21.00000000,0.2729
1749261566,0.26700000,24.00000000,0.2729
1749261566,0.26670000,23.00000000,0.2729
1749261566,0.26660000,41.00000000,0.2729
1749261566,0.26610000,30.00000000,0.2729
1749261566,0.26600000,1031.00000000,0.2729
1749261566,0.26540000,2087.00000000,0.2729
1749261566,0.26520000,31.00000000,0.2729
1749261566,0.26500000,434.00000000,0.2729
1749261566,0.26470000,23.00000000,0.2729
1749261566,0.26460000,23.00000000,0.2729
1749261566,0.26450000,65.00000000,0.2729
1749261566,0.26350000,208.00000000,0.2729
1749261566,0.26340000,96.00000000,0.2729
1749261566,0.26320000,151.00000000,0.2729
1749261566,0.26300000,1156.00000000,0.2729
1749261566,0.26270000,102.00000000,0.2729
1749261566,0.26260000,92.00000000,0.2729
1749261566,0.26250000,84.00000000,0.2729
1749261566,0.26240000,81.00000000,0.2729
1749261566,0.26200000,24.00000000,0.2729
1749261566,0.26190000,146.00000000,0.2729
1749261566,0.26130000,192.00000000,0.2729
1749261566,0.26120000,21.00000000,0.2729
1749261566,0.26090000,31.00000000,0.2729
1749261566,0.26040000,41.00000000,0.2729
1749261566,0.26030000,2500.00000000,0.2729
1749261566,0.26000000,10952.00000000,0.2729
1749261566,0.25960000,794.00000000,0.2729
1749261566,0.25880000,212.00000000,0.2729
1749261566,0.25830000,41.00000000,0.2729
1749261566,0.25820000,23.00000000,0.2729
1749261566,0.25810000,1007.00000000,0.2729
1749261566,0.25800000,73.00000000,0.2729
1749261566,0.25770000,47.00000000,0.2729
1749261566,0.25760000,31.00000000,0.2729
1749261566,0.25750000,20.00000000,0.2729
1749261566,0.25710000,24.00000000,0.2729
1749261566,0.25690000,233.00000000,0.2729
1749261566,0.25680000,155.00000000,0.2729
1749261566,0.25650000,35.00000000,0.2729
1749261566,0.25640000,63.00000000,0.2729
1749261566,0.25620000,41.00000000,0.2729
1749261566,0.25610000,23.00000000,0.2729
1749261566,0.25600000,40.00000000,0.2729
1749261566,0.25580000,32.00000000,0.2729
1749261566,0.25550000,4203.00000000,0.2729
1749261566,0.25530000,30.00000000,0.2729
1749261566,0.25520000,20.00000000,0.2729
1749261566,0.25510000,98.00000000,0.2729
1749261566,0.25500000,3689.00000000,0.2729
1749261566,0.25470000,24.00000000,0.2729
1749261566,0.25420000,20.00000000,0.2729
1749261712,0.27230000,11160.00000000,0.2723
1749261712,0.27220000,32918.00000000,0.2723
1749261712,0.27210000,30988.00000000,0.2723
1749261712,0.27200000,11730.00000000,0.2723
1749261712,0.27190000,19139.00000000,0.2723
1749261712,0.27180000,18639.00000000,0.2723
1749261712,0.27170000,30432.00000000,0.2723
1749261712,0.27160000,11409.00000000,0.2723
1749261712,0.27150000,4988.00000000,0.2723
1749261712,0.27140000,16748.00000000,0.2723
1749261712,0.27130000,4129.00000000,0.2723
1749261712,0.27120000,6216.00000000,0.2723
1749261712,0.27110000,4424.00000000,0.2723
1749261712,0.27100000,1364.00000000,0.2723
1749261712,0.27090000,5388.00000000,0.2723
1749261712,0.27080000,1382.00000000,0.2723
1749261712,0.27070000,11302.00000000,0.2723
1749261712,0.27060000,37796.00000000,0.2723
1749261712,0.27050000,3643.00000000,0.2723
1749261712,0.27040000,883.00000000,0.2723
1749261712,0.27030000,3643.00000000,0.2723
1749261712,0.27020000,5122.00000000,0.2723
1749261712,0.27010000,883.00000000,0.2723
1749261712,0.27000000,3703.00000000,0.2723
1749261712,0.26990000,504.00000000,0.2723
1749261712,0.26980000,3995.00000000,0.2723
1749261712,0.26970000,3643.00000000,0.2723
1749261712,0.26960000,855.00000000,0.2723
1749261712,0.26950000,3639.00000000,0.2723
1749261712,0.26940000,4625.00000000,0.2723
1749261712,0.26930000,8473.00000000,0.2723
1749261712,0.26920000,3168.00000000,0.2723
1749261712,0.26910000,3615.00000000,0.2723
1749261712,0.26890000,3787.00000000,0.2723
1749261712,0.26880000,23.00000000,0.2723
1749261712,0.26870000,3656.00000000,0.2723
1749261712,0.26860000,147.00000000,0.2723
1749261712,0.26850000,3615.00000000,0.2723
1749261712,0.26830000,3615.00000000,0.2723
1749261712,0.26810000,2760.00000000,0.2723
1749261712,0.26800000,2226.00000000,0.2723
1749261712,0.26790000,2760.00000000,0.2723
1749261712,0.26780000,2227.00000000,0.2723
1749261712,0.26750000,20.00000000,0.2723
1749261712,0.26730000,20.00000000,0.2723
1749261712,0.26720000,21.00000000,0.2723
1749261712,0.26700000,24.00000000,0.2723
1749261712,0.26670000,23.00000000,0.2723
1749261712,0.26660000,41.00000000,0.2723
1749261712,0.26610000,30.00000000,0.2723
1749261712,0.26600000,1031.00000000,0.2723
1749261712,0.26540000,2087.00000000,0.2723
1749261712,0.26520000,31.00000000,0.2723
1749261712,0.26500000,434.00000000,0.2723
1749261712,0.26470000,23.00000000,0.2723
1749261712,0.26460000,23.00000000,0.2723
1749261712,0.26450000,65.00000000,0.2723
1749261712,0.26350000,208.00000000,0.2723
1749261712,0.26340000,96.00000000,0.2723
1749261712,0.26320000,151.00000000,0.2723
1749261712,0.26300000,1156.00000000,0.2723
1749261712,0.26270000,102.00000000,0.2723
1749261712,0.26260000,92.00000000,0.2723
1749261712,0.26250000,84.00000000,0.2723
1749261712,0.26240000,81.00000000,0.2723
1749261712,0.26200000,24.00000000,0.2723
1749261712,0.26190000,146.00000000,0.2723
1749261712,0.26130000,192.00000000,0.2723
1749261712,0.26120000,21.00000000,0.2723
1749261712,0.26090000,31.00000000,0.2723
1749261712,0.26040000,41.00000000,0.2723
1749261712,0.26030000,2500.00000000,0.2723
1749261712,0.26000000,10952.00000000,0.2723
1749261712,0.25960000,794.00000000,0.2723
1749261712,0.25880000,212.00000000,0.2723
1749261712,0.25830000,41.00000000,0.2723
1749261712,0.25820000,23.00000000,0.2723
1749261712,0.25810000,1007.00000000,0.2723
1749261712,0.25800000,73.00000000,0.2723
1749261712,0.25770000,47.00000000,0.2723
1749261712,0.25760000,31.00000000,0.2723
1749261712,0.25750000,20.00000000,0.2723
1749261712,0.25710000,24.00000000,0.2723
1749261712,0.25690000,233.00000000,0.2723
1749261712,0.25680000,155.00000000,0.2723
1749261712,0.25650000,35.00000000,0.2723
1749261712,0.25640000,63.00000000,0.2723
1749261712,0.25620000,41.00000000,0.2723
1749261712,0.25610000,23.00000000,0.2723
1749261712,0.25600000,40.00000000,0.2723
1749261712,0.25580000,32.00000000,0.2723
1749261712,0.25550000,4203.00000000,0.2723
1749261712,0.25530000,30.00000000,0.2723
1749261712,0.25520000,20.00000000,0.2723
1749261712,0.25510000,98.00000000,0.2723
1749261712,0.25500000,3689.00000000,0.2723
1749261712,0.25470000,24.00000000,0.2723
1749261712,0.25420000,20.00000000,0.2723
1749261712,0.25410000,41.00000000,0.2723
1749261712,0.25400000,1152.00000000,0.2723
1749261867,0.27240000,855.00000000,0.2722
1749261867,0.27230000,6389.00000000,0.2722
1749261867,0.27220000,20275.00000000,0.2722
1749261867,0.27210000,36199.00000000,0.2722
1749261867,0.27200000,20488.00000000,0.2722
1749261867,0.27190000,22831.00000000,0.2722
1749261867,0.27180000,25826.00000000,0.2722
1749261867,0.27170000,31396.00000000,0.2722
1749261867,0.27160000,9486.00000000,0.2722
1749261867,0.27150000,4128.00000000,0.2722
1749261867,0.27140000,7815.00000000,0.2722
1749261867,0.27130000,4990.00000000,0.2722
1749261867,0.27120000,13195.00000000,0.2722
1749261867,0.27110000,5724.00000000,0.2722
1749261867,0.27100000,3841.00000000,0.2722
1749261867,0.27090000,5193.00000000,0.2722
1749261867,0.27080000,1382.00000000,0.2722
1749261867,0.27070000,11302.00000000,0.2722
1749261867,0.27060000,1341.00000000,0.2722
1749261867,0.27050000,3643.00000000,0.2722
1749261867,0.27040000,1341.00000000,0.2722
1749261867,0.27030000,4102.00000000,0.2722
1749261867,0.27020000,5112.00000000,0.2722
1749261867,0.27010000,37868.00000000,0.2722
1749261867,0.27000000,3703.00000000,0.2722
1749261867,0.26990000,28.00000000,0.2722
1749261867,0.26980000,883.00000000,0.2722
1749261867,0.26970000,3643.00000000,0.2722
1749261867,0.26960000,855.00000000,0.2722
1749261867,0.26950000,3639.00000000,0.2722
1749261867,0.26940000,855.00000000,0.2722
1749261867,0.26930000,3641.00000000,0.2722
1749261867,0.26920000,3645.00000000,0.2722
1749261867,0.26910000,6734.00000000,0.2722
1749261867,0.26890000,3787.00000000,0.2722
1749261867,0.26880000,23.00000000,0.2722
1749261867,0.26870000,3656.00000000,0.2722
1749261867,0.26860000,5772.00000000,0.2722
1749261867,0.26850000,3615.00000000,0.2722
1749261867,0.26830000,2760.00000000,0.2722
1749261867,0.26810000,2760.00000000,0.2722
1749261867,0.26790000,2760.00000000,0.2722
1749261867,0.26750000,20.00000000,0.2722
1749261867,0.26730000,20.00000000,0.2722
1749261867,0.26720000,21.00000000,0.2722
1749261867,0.26710000,4466.00000000,0.2722
1749261867,0.26700000,24.00000000,0.2722
1749261867,0.26670000,23.00000000,0.2722
1749261867,0.26660000,41.00000000,0.2722
1749261867,0.26610000,30.00000000,0.2722
1749261867,0.26600000,1031.00000000,0.2722
1749261867,0.26540000,2087.00000000,0.2722
1749261867,0.26520000,31.00000000,0.2722
1749261867,0.26500000,434.00000000,0.2722
1749261867,0.26470000,23.00000000,0.2722
1749261867,0.26460000,23.00000000,0.2722
1749261867,0.26450000,65.00000000,0.2722
1749261867,0.26350000,208.00000000,0.2722
1749261867,0.26340000,96.00000000,0.2722
1749261867,0.26320000,151.00000000,0.2722
1749261867,0.26300000,1156.00000000,0.2722
1749261867,0.26270000,102.00000000,0.2722
1749261867,0.26260000,92.00000000,0.2722
1749261867,0.26250000,84.00000000,0.2722
1749261867,0.26240000,81.00000000,0.2722
1749261867,0.26200000,24.00000000,0.2722
1749261867,0.26190000,146.00000000,0.2722
1749261867,0.26130000,192.00000000,0.2722
1749261867,0.26120000,21.00000000,0.2722
1749261867,0.26090000,31.00000000,0.2722
1749261867,0.26040000,41.00000000,0.2722
1749261867,0.26030000,2500.00000000,0.2722
1749261867,0.26000000,10952.00000000,0.2722
1749261867,0.25960000,794.00000000,0.2722
1749261867,0.25880000,212.00000000,0.2722
1749261867,0.25830000,41.00000000,0.2722
1749261867,0.25820000,23.00000000,0.2722
1749261867,0.25810000,1007.00000000,0.2722
1749261867,0.25800000,73.00000000,0.2722
1749261867,0.25770000,47.00000000,0.2722
1749261867,0.25760000,31.00000000,0.2722
1749261867,0.25750000,20.00000000,0.2722
1749261867,0.25710000,24.00000000,0.2722
1749261867,0.25690000,233.00000000,0.2722
1749261867,0.25680000,155.00000000,0.2722
1749261867,0.25650000,35.00000000,0.2722
1749261867,0.25640000,63.00000000,0.2722
1749261867,0.25620000,41.00000000,0.2722
1749261867,0.25610000,23.00000000,0.2722
1749261867,0.25600000,40.00000000,0.2722
1749261867,0.25580000,32.00000000,0.2722
1749261867,0.25550000,4203.00000000,0.2722
1749261867,0.25530000,30.00000000,0.2722
1749261867,0.25520000,20.00000000,0.2722
1749261867,0.25510000,98.00000000,0.2722
1749261867,0.25500000,3689.00000000,0.2722
1749261867,0.25470000,24.00000000,0.2722
1749261867,0.25420000,20.00000000,0.2722
1749261867,0.25410000,41.00000000,0.2722
1749261867,0.25400000,1152.00000000,0.2722
1749262013,0.27220000,1585.00000000,0.2723
1749262013,0.27210000,12532.00000000,0.2723
1749262013,0.27200000,20865.00000000,0.2723
1749262013,0.27190000,31088.00000000,0.2723
1749262013,0.27180000,37067.00000000,0.2723
1749262013,0.27170000,29204.00000000,0.2723
1749262013,0.27160000,31415.00000000,0.2723
1749262013,0.27150000,8355.00000000,0.2723
1749262013,0.27140000,1368.00000000,0.2723
1749262013,0.27130000,4990.00000000,0.2723
1749262013,0.27120000,1368.00000000,0.2723
1749262013,0.27110000,12680.00000000,0.2723
1749262013,0.27100000,7235.00000000,0.2723
1749262013,0.27090000,5652.00000000,0.2723
1749262013,0.27080000,1382.00000000,0.2723
1749262013,0.27070000,18151.00000000,0.2723
1749262013,0.27060000,1341.00000000,0.2723
1749262013,0.27050000,3643.00000000,0.2723
1749262013,0.27040000,1341.00000000,0.2723
1749262013,0.27030000,4102.00000000,0.2723
1749262013,0.27020000,5123.00000000,0.2723
1749262013,0.27010000,37868.00000000,0.2723
1749262013,0.27000000,3703.00000000,0.2723
1749262013,0.26990000,339.00000000,0.2723
1749262013,0.26980000,883.00000000,0.2723
1749262013,0.26970000,3643.00000000,0.2723
1749262013,0.26960000,855.00000000,0.2723
1749262013,0.26950000,3639.00000000,0.2723
1749262013,0.26940000,855.00000000,0.2723
1749262013,0.26930000,3641.00000000,0.2723
1749262013,0.26920000,3645.00000000,0.2723
1749262013,0.26910000,3615.00000000,0.2723
1749262013,0.26890000,7385.00000000,0.2723
1749262013,0.26880000,23.00000000,0.2723
1749262013,0.26870000,3828.00000000,0.2723
1749262013,0.26860000,5772.00000000,0.2723
1749262013,0.26850000,3615.00000000,0.2723
1749262013,0.26830000,3615.00000000,0.2723
1749262013,0.26810000,2760.00000000,0.2723
1749262013,0.26790000,2760.00000000,0.2723
1749262013,0.26750000,20.00000000,0.2723
1749262013,0.26730000,20.00000000,0.2723
1749262013,0.26720000,21.00000000,0.2723
1749262013,0.26710000,4466.00000000,0.2723
1749262013,0.26700000,24.00000000,0.2723
1749262013,0.26670000,23.00000000,0.2723
1749262013,0.26660000,41.00000000,0.2723
1749262013,0.26610000,30.00000000,0.2723
1749262013,0.26600000,1031.00000000,0.2723
1749262013,0.26540000,2087.00000000,0.2723
1749262013,0.26520000,31.00000000,0.2723
1749262013,0.26500000,434.00000000,0.2723
1749262013,0.26470000,23.00000000,0.2723
1749262013,0.26460000,23.00000000,0.2723
1749262013,0.26450000,65.00000000,0.2723
1749262013,0.26350000,208.00000000,0.2723
1749262013,0.26340000,96.00000000,0.2723
1749262013,0.26320000,151.00000000,0.2723
1749262013,0.26300000,1156.00000000,0.2723
1749262013,0.26270000,102.00000000,0.2723
1749262013,0.26260000,92.00000000,0.2723
1749262013,0.26250000,84.00000000,0.2723
1749262013,0.26240000,81.00000000,0.2723
1749262013,0.26200000,24.00000000,0.2723
1749262013,0.26190000,146.00000000,0.2723
1749262013,0.26130000,192.00000000,0.2723
1749262013,0.26120000,21.00000000,0.2723
1749262013,0.26090000,31.00000000,0.2723
1749262013,0.26040000,41.00000000,0.2723
1749262013,0.26030000,2500.00000000,0.2723
1749262013,0.26000000,10952.00000000,0.2723
1749262013,0.25960000,794.00000000,0.2723
1749262013,0.25880000,212.00000000,0.2723
1749262013,0.25830000,41.00000000,0.2723
1749262013,0.25820000,23.00000000,0.2723
1749262013,0.25810000,1007.00000000,0.2723
1749262013,0.25800000,73.00000000,0.2723
1749262013,0.25770000,47.00000000,0.2723
1749262013,0.25760000,31.00000000,0.2723
1749262013,0.25750000,20.00000000,0.2723
1749262013,0.25710000,24.00000000,0.2723
1749262013,0.25690000,233.00000000,0.2723
1749262013,0.25680000,155.00000000,0.2723
1749262013,0.25650000,35.00000000,0.2723
1749262013,0.25640000,63.00000000,0.2723
1749262013,0.25620000,41.00000000,0.2723
1749262013,0.25610000,23.00000000,0.2723
1749262013,0.25600000,40.00000000,0.2723
1749262013,0.25580000,32.00000000,0.2723
1749262013,0.25550000,4203.00000000,0.2723
1749262013,0.25530000,30.00000000,0.2723
1749262013,0.25520000,20.00000000,0.2723
1749262013,0.25510000,98.00000000,0.2723
1749262013,0.25500000,3689.00000000,0.2723
1749262013,0.25470000,24.00000000,0.2723
1749262013,0.25420000,20.00000000,0.2723
1749262013,0.25410000,41.00000000,0.2723
1749262013,0.25400000,1152.00000000,0.2723
1749262013,0.25380000,280.00000000,0.2723
1749262013,0.25370000,7796.00000000,0.2723
1749262174,0.27280000,1281.00000000,0.2728
1749262174,0.27270000,4444.00000000,0.2728
1749262174,0.27260000,15840.00000000,0.2728
1749262174,0.27250000,18402.00000000,0.2728
1749262174,0.27240000,23644.00000000,0.2728
1749262174,0.27230000,39448.00000000,0.2728
1749262174,0.27220000,25910.00000000,0.2728
1749262174,0.27210000,25679.00000000,0.2728
1749262174,0.27200000,13692.00000000,0.2728
1749262174,0.27190000,16987.00000000,0.2728
1749262174,0.27180000,5056.00000000,0.2728
1749262174,0.27170000,4128.00000000,0.2728
1749262174,0.27160000,9912.00000000,0.2728
1749262174,0.27150000,4128.00000000,0.2728
1749262174,0.27140000,3693.00000000,0.2728
1749262174,0.27130000,4129.00000000,0.2728
1749262174,0.27120000,5769.00000000,0.2728
1749262174,0.27110000,5615.00000000,0.2728
1749262174,0.27100000,3108.00000000,0.2728
1749262174,0.27090000,42529.00000000,0.2728
1749262174,0.27080000,1382.00000000,0.2728
1749262174,0.27070000,14040.00000000,0.2728
1749262174,0.27060000,4443.00000000,0.2728
1749262174,0.27050000,3643.00000000,0.2728
1749262174,0.27040000,1341.00000000,0.2728
1749262174,0.27030000,4102.00000000,0.2728
1749262174,0.27020000,4567.00000000,0.2728
1749262174,0.27010000,883.00000000,0.2728
1749262174,0.27000000,3703.00000000,0.2728
1749262174,0.26990000,28.00000000,0.2728
1749262174,0.26980000,883.00000000,0.2728
1749262174,0.26970000,3643.00000000,0.2728
1749262174,0.26960000,855.00000000,0.2728
1749262174,0.26950000,3639.00000000,0.2728
1749262174,0.26940000,855.00000000,0.2728
1749262174,0.26930000,8425.00000000,0.2728
1749262174,0.26920000,3645.00000000,0.2728
1749262174,0.26910000,3615.00000000,0.2728
1749262174,0.26890000,7385.00000000,0.2728
1749262174,0.26880000,23.00000000,0.2728
1749262174,0.26870000,2973.00000000,0.2728
1749262174,0.26860000,147.00000000,0.2728
1749262174,0.26850000,2760.00000000,0.2728
1749262174,0.26830000,2760.00000000,0.2728
1749262174,0.26810000,2760.00000000,0.2728
1749262174,0.26800000,2226.00000000,0.2728
1749262174,0.26790000,2760.00000000,0.2728
1749262174,0.26750000,20.00000000,0.2728
1749262174,0.26730000,20.00000000,0.2728
1749262174,0.26720000,21.00000000,0.2728
1749262174,0.26710000,2233.00000000,0.2728
1749262174,0.26700000,24.00000000,0.2728
1749262174,0.26670000,23.00000000,0.2728
1749262174,0.26660000,41.00000000,0.2728
1749262174,0.26610000,30.00000000,0.2728
1749262174,0.26600000,1031.00000000,0.2728
1749262174,0.26540000,2087.00000000,0.2728
1749262174,0.26520000,31.00000000,0.2728
1749262174,0.26500000,434.00000000,0.2728
1749262174,0.26470000,23.00000000,0.2728
1749262174,0.26460000,23.00000000,0.2728
1749262174,0.26450000,65.00000000,0.2728
1749262174,0.26350000,208.00000000,0.2728
1749262174,0.26340000,96.00000000,0.2728
1749262174,0.26320000,151.00000000,0.2728
1749262174,0.26300000,1156.00000000,0.2728
1749262174,0.26270000,102.00000000,0.2728
1749262174,0.26260000,92.00000000,0.2728
1749262174,0.26250000,84.00000000,0.2728
1749262174,0.26240000,81.00000000,0.2728
1749262174,0.26200000,24.00000000,0.2728
1749262174,0.26190000,146.00000000,0.2728
1749262174,0.26130000,192.00000000,0.2728
1749262174,0.26120000,21.00000000,0.2728
1749262174,0.26090000,31.00000000,0.2728
1749262174,0.26040000,41.00000000,0.2728
1749262174,0.26030000,2500.00000000,0.2728
1749262174,0.26000000,10952.00000000,0.2728
1749262174,0.25960000,794.00000000,0.2728
1749262174,0.25880000,212.00000000,0.2728
1749262174,0.25830000,41.00000000,0.2728
1749262174,0.25820000,23.00000000,0.2728
1749262174,0.25810000,1007.00000000,0.2728
1749262174,0.25800000,73.00000000,0.2728
1749262174,0.25770000,47.00000000,0.2728
1749262174,0.25760000,31.00000000,0.2728
1749262174,0.25750000,20.00000000,0.2728
1749262174,0.25710000,24.00000000,0.2728
1749262174,0.25690000,233.00000000,0.2728
1749262174,0.25680000,155.00000000,0.2728
1749262174,0.25650000,35.00000000,0.2728
1749262174,0.25640000,63.00000000,0.2728
1749262174,0.25620000,41.00000000,0.2728
1749262174,0.25610000,23.00000000,0.2728
1749262174,0.25600000,40.00000000,0.2728
1749262174,0.25580000,32.00000000,0.2728
1749262174,0.25550000,4203.00000000,0.2728
1749262174,0.25530000,30.00000000,0.2728
1749262174,0.25520000,20.00000000,0.2728
1749262174,0.25510000,98.00000000,0.2728
1749262315,0.27320000,855.00000000,0.2734
1749262315,0.27310000,8085.00000000,0.2734
1749262315,0.27300000,9663.00000000,0.2734
1749262315,0.27290000,22352.00000000,0.2734
1749262315,0.27280000,28426.00000000,0.2734
1749262315,0.27270000,23910.00000000,0.2734
1749262315,0.27260000,15579.00000000,0.2734
1749262315,0.27250000,31139.00000000,0.2734
1749262315,0.27240000,27141.00000000,0.2734
1749262315,0.27230000,12510.00000000,0.2734
1749262315,0.27220000,5505.00000000,0.2734
1749262315,0.27210000,4129.00000000,0.2734
1749262315,0.27200000,9874.00000000,0.2734
1749262315,0.27190000,5610.00000000,0.2734
1749262315,0.27180000,4368.00000000,0.2734
1749262315,0.27170000,4894.00000000,0.2734
1749262315,0.27160000,4775.00000000,0.2734
1749262315,0.27150000,8514.00000000,0.2734
1749262315,0.27140000,5935.00000000,0.2734
1749262315,0.27130000,40956.00000000,0.2734
1749262315,0.27120000,1340.00000000,0.2734
1749262315,0.27110000,7200.00000000,0.2734
1749262315,0.27100000,1364.00000000,0.2734
1749262315,0.27090000,4666.00000000,0.2734
1749262315,0.27080000,924.00000000,0.2734
1749262315,0.27070000,3643.00000000,0.2734
1749262315,0.27060000,883.00000000,0.2734
1749262315,0.27050000,3643.00000000,0.2734
1749262315,0.27040000,883.00000000,0.2734
1749262315,0.27030000,3643.00000000,0.2734
1749262315,0.27020000,4567.00000000,0.2734
1749262315,0.27010000,883.00000000,0.2734
1749262315,0.27000000,3703.00000000,0.2734
1749262315,0.26990000,28.00000000,0.2734
1749262315,0.26980000,883.00000000,0.2734
1749262315,0.26970000,3643.00000000,0.2734
1749262315,0.26960000,855.00000000,0.2734
1749262315,0.26950000,3639.00000000,0.2734
1749262315,0.26930000,7570.00000000,0.2734
1749262315,0.26920000,2790.00000000,0.2734
1749262315,0.26910000,2760.00000000,0.2734
1749262315,0.26890000,2760.00000000,0.2734
1749262315,0.26880000,23.00000000,0.2734
1749262315,0.26870000,2973.00000000,0.2734
1749262315,0.26860000,147.00000000,0.2734
1749262315,0.26850000,2760.00000000,0.2734
1749262315,0.26830000,2760.00000000,0.2734
1749262315,0.26810000,2760.00000000,0.2734
1749262315,0.26800000,2226.00000000,0.2734
1749262315,0.26790000,2760.00000000,0.2734
1749262315,0.26750000,20.00000000,0.2734
1749262315,0.26730000,20.00000000,0.2734
1749262315,0.26720000,21.00000000,0.2734
1749262315,0.26700000,24.00000000,0.2734
1749262315,0.26670000,23.00000000,0.2734
1749262315,0.26660000,41.00000000,0.2734
1749262315,0.26610000,30.00000000,0.2734
1749262315,0.26600000,1031.00000000,0.2734
1749262315,0.26540000,2087.00000000,0.2734
1749262315,0.26520000,31.00000000,0.2734
1749262315,0.26500000,434.00000000,0.2734
1749262315,0.26470000,23.00000000,0.2734
1749262315,0.26460000,23.00000000,0.2734
1749262315,0.26450000,65.00000000,0.2734
1749262315,0.26350000,208.00000000,0.2734
1749262315,0.26340000,96.00000000,0.2734
1749262315,0.26320000,151.00000000,0.2734
1749262315,0.26300000,1156.00000000,0.2734
1749262315,0.26270000,102.00000000,0.2734
1749262315,0.26260000,92.00000000,0.2734
1749262315,0.26250000,84.00000000,0.2734
1749262315,0.26240000,81.00000000,0.2734
1749262315,0.26200000,24.00000000,0.2734
1749262315,0.26190000,146.00000000,0.2734
1749262315,0.26130000,192.00000000,0.2734
1749262315,0.26120000,21.00000000,0.2734
1749262315,0.26090000,31.00000000,0.2734
1749262315,0.26040000,41.00000000,0.2734
1749262315,0.26030000,2500.00000000,0.2734
1749262315,0.26000000,10952.00000000,0.2734
1749262315,0.25960000,794.00000000,0.2734
1749262315,0.25880000,212.00000000,0.2734
1749262315,0.25830000,41.00000000,0.2734
1749262315,0.25820000,23.00000000,0.2734
1749262315,0.25810000,1007.00000000,0.2734
1749262315,0.25800000,73.00000000,0.2734
1749262315,0.25770000,47.00000000,0.2734
1749262315,0.25760000,31.00000000,0.2734
1749262315,0.25750000,20.00000000,0.2734
1749262315,0.25710000,24.00000000,0.2734
1749262315,0.25690000,233.00000000,0.2734
1749262315,0.25680000,155.00000000,0.2734
1749262315,0.25650000,35.00000000,0.2734
1749262315,0.25640000,63.00000000,0.2734
1749262315,0.25620000,41.00000000,0.2734
1749262315,0.25610000,23.00000000,0.2734
1749262315,0.25600000,40.00000000,0.2734
1749262315,0.25580000,32.00000000,0.2734
1749262315,0.25550000,4203.00000000,0.2734
1749262315,0.25530000,30.00000000,0.2734
1749262475,0.27310000,4420.00000000,0.2733
1749262475,0.27300000,10034.00000000,0.2733
1749262475,0.27290000,29896.00000000,0.2733
1749262475,0.27280000,38041.00000000,0.2733
1749262475,0.27270000,24278.00000000,0.2733
1749262475,0.27260000,22517.00000000,0.2733
1749262475,0.27250000,31359.00000000,0.2733
1749262475,0.27240000,11189.00000000,0.2733
1749262475,0.27230000,16383.00000000,0.2733
1749262475,0.27220000,5505.00000000,0.2733
1749262475,0.27210000,4988.00000000,0.2733
1749262475,0.27200000,2101.00000000,0.2733
1749262475,0.27190000,4130.00000000,0.2733
1749262475,0.27180000,8531.00000000,0.2733
1749262475,0.27170000,6634.00000000,0.2733
1749262475,0.27160000,1389.00000000,0.2733
1749262475,0.27150000,7265.00000000,0.2733
1749262475,0.27140000,5907.00000000,0.2733
1749262475,0.27130000,40928.00000000,0.2733
1749262475,0.27120000,1340.00000000,0.2733
1749262475,0.27110000,4102.00000000,0.2733
1749262475,0.27100000,906.00000000,0.2733
1749262475,0.27090000,3643.00000000,0.2733
1749262475,0.27080000,924.00000000,0.2733
1749262475,0.27070000,3643.00000000,0.2733
1749262475,0.27060000,980.00000000,0.2733
1749262475,0.27050000,6749.00000000,0.2733
1749262475,0.27040000,883.00000000,0.2733
1749262475,0.27030000,3643.00000000,0.2733
1749262475,0.27020000,4567.00000000,0.2733
1749262475,0.27010000,883.00000000,0.2733
1749262475,0.27000000,3703.00000000,0.2733
1749262475,0.26990000,28.00000000,0.2733
1749262475,0.26980000,3571.00000000,0.2733
1749262475,0.26970000,3643.00000000,0.2733
1749262475,0.26950000,3639.00000000,0.2733
1749262475,0.26930000,8425.00000000,0.2733
1749262475,0.26910000,2760.00000000,0.2733
1749262475,0.26890000,2760.00000000,0.2733
1749262475,0.26880000,23.00000000,0.2733
1749262475,0.26870000,2973.00000000,0.2733
1749262475,0.26860000,2368.00000000,0.2733
1749262475,0.26850000,2760.00000000,0.2733
1749262475,0.26830000,2760.00000000,0.2733
1749262475,0.26810000,2760.00000000,0.2733
1749262475,0.26790000,2760.00000000,0.2733
1749262475,0.26780000,2227.00000000,0.2733
1749262475,0.26750000,20.00000000,0.2733
1749262475,0.26730000,20.00000000,0.2733
1749262475,0.26720000,21.00000000,0.2733
1749262475,0.26700000,24.00000000,0.2733
1749262475,0.26670000,23.00000000,0.2733
1749262475,0.26660000,41.00000000,0.2733
1749262475,0.26610000,30.00000000,0.2733
1749262475,0.26600000,1031.00000000,0.2733
1749262475,0.26540000,2087.00000000,0.2733
1749262475,0.26520000,31.00000000,0.2733
1749262475,0.26500000,434.00000000,0.2733
1749262475,0.26470000,23.00000000,0.2733
1749262475,0.26460000,23.00000000,0.2733
1749262475,0.26450000,65.00000000,0.2733
1749262475,0.26350000,208.00000000,0.2733
1749262475,0.26340000,96.00000000,0.2733
1749262475,0.26320000,151.00000000,0.2733
1749262475,0.26300000,1156.00000000,0.2733
1749262475,0.26270000,102.00000000,0.2733
1749262475,0.26260000,92.00000000,0.2733
1749262475,0.26250000,84.00000000,0.2733
1749262475,0.26240000,81.00000000,0.2733
1749262475,0.26200000,24.00000000,0.2733
1749262475,0.26190000,146.00000000,0.2733
1749262475,0.26130000,192.00000000,0.2733
1749262475,0.26120000,21.00000000,0.2733
1749262475,0.26090000,31.00000000,0.2733
1749262475,0.26040000,41.00000000,0.2733
1749262475,0.26030000,2500.00000000,0.2733
1749262475,0.26000000,10952.00000000,0.2733
1749262475,0.25960000,794.00000000,0.2733
1749262475,0.25880000,212.00000000,0.2733
1749262475,0.25830000,41.00000000,0.2733
1749262475,0.25820000,23.00000000,0.2733
1749262475,0.25810000,1007.00000000,0.2733
1749262475,0.25800000,73.00000000,0.2733
1749262475,0.25770000,47.00000000,0.2733
1749262475,0.25760000,31.00000000,0.2733
1749262475,0.25750000,20.00000000,0.2733
1749262475,0.25710000,24.00000000,0.2733
1749262475,0.25690000,233.00000000,0.2733
1749262475,0.25680000,155.00000000,0.2733
1749262475,0.25650000,35.00000000,0.2733
1749262475,0.25640000,63.00000000,0.2733
1749262475,0.25620000,41.00000000,0.2733
1749262475,0.25610000,23.00000000,0.2733
1749262475,0.25600000,40.00000000,0.2733
1749262475,0.25580000,32.00000000,0.2733
1749262475,0.25550000,4203.00000000,0.2733
1749262475,0.25530000,30.00000000,0.2733
1749262475,0.25520000,20.00000000,0.2733
1749262475,0.25510000,98.00000000,0.2733
1749262475,0.25500000,3689.00000000,0.2733
1749262617,0.27310000,855.00000000,0.2732
1749262617,0.27300000,20489.00000000,0.2732
1749262617,0.27290000,44823.00000000,0.2732
1749262617,0.27280000,21020.00000000,0.2732
1749262617,0.27270000,33773.00000000,0.2732
1749262617,0.27260000,25290.00000000,0.2732
1749262617,0.27250000,23029.00000000,0.2732
1749262617,0.27240000,4090.00000000,0.2732
1749262617,0.27230000,13326.00000000,0.2732
1749262617,0.27220000,16231.00000000,0.2732
1749262617,0.27210000,5574.00000000,0.2732
1749262617,0.27200000,2849.00000000,0.2732
1749262617,0.27190000,4130.00000000,0.2732
1749262617,0.27180000,8531.00000000,0.2732
1749262617,0.27170000,6634.00000000,0.2732
1749262617,0.27160000,6735.00000000,0.2732
1749262617,0.27150000,6712.00000000,0.2732
1749262617,0.27140000,1340.00000000,0.2732
1749262617,0.27130000,40928.00000000,0.2732
1749262617,0.27120000,1340.00000000,0.2732
1749262617,0.27110000,8674.00000000,0.2732
1749262617,0.27100000,1459.00000000,0.2732
1749262617,0.27090000,7317.00000000,0.2732
1749262617,0.27080000,924.00000000,0.2732
1749262617,0.27070000,3643.00000000,0.2732
1749262617,0.27060000,980.00000000,0.2732
1749262617,0.27050000,6749.00000000,0.2732
1749262617,0.27040000,883.00000000,0.2732
1749262617,0.27030000,3643.00000000,0.2732
1749262617,0.27020000,883.00000000,0.2732
1749262617,0.27010000,883.00000000,0.2732
1749262617,0.27000000,3703.00000000,0.2732
1749262617,0.26990000,28.00000000,0.2732
1749262617,0.26980000,3571.00000000,0.2732
1749262617,0.26970000,3643.00000000,0.2732
1749262617,0.26950000,3639.00000000,0.2732
1749262617,0.26940000,171.00000000,0.2732
1749262617,0.26930000,8571.00000000,0.2732
1749262617,0.26910000,3615.00000000,0.2732
1749262617,0.26890000,2760.00000000,0.2732
1749262617,0.26880000,23.00000000,0.2732
1749262617,0.26870000,2801.00000000,0.2732
1749262617,0.26860000,2221.00000000,0.2732
1749262617,0.26850000,2760.00000000,0.2732
1749262617,0.26830000,2760.00000000,0.2732
1749262617,0.26810000,2760.00000000,0.2732
1749262617,0.26790000,2760.00000000,0.2732
1749262617,0.26780000,2227.00000000,0.2732
1749262617,0.26750000,20.00000000,0.2732
1749262617,0.26730000,20.00000000,0.2732
1749262617,0.26720000,21.00000000,0.2732
1749262617,0.26700000,24.00000000,0.2732
1749262617,0.26670000,23.00000000,0.2732
1749262617,0.26660000,41.00000000,0.2732
1749262617,0.26610000,30.00000000,0.2732
1749262617,0.26600000,1031.00000000,0.2732
1749262617,0.26540000,2087.00000000,0.2732
1749262617,0.26520000,31.00000000,0.2732
1749262617,0.26500000,434.00000000,0.2732
1749262617,0.26470000,23.00000000,0.2732
1749262617,0.26460000,23.00000000,0.2732
1749262617,0.26450000,65.00000000,0.2732
1749262617,0.26350000,208.00000000,0.2732
1749262617,0.26340000,96.00000000,0.2732
1749262617,0.26320000,151.00000000,0.2732
1749262617,0.26300000,1156.00000000,0.2732
1749262617,0.26270000,102.00000000,0.2732
1749262617,0.26260000,92.00000000,0.2732
1749262617,0.26250000,84.00000000,0.2732
1749262617,0.26240000,81.00000000,0.2732
1749262617,0.26200000,24.00000000,0.2732
1749262617,0.26190000,146.00000000,0.2732
1749262617,0.26130000,192.00000000,0.2732
1749262617,0.26120000,21.00000000,0.2732
1749262617,0.26090000,31.00000000,0.2732
1749262617,0.26040000,41.00000000,0.2732
1749262617,0.26030000,2500.00000000,0.2732
1749262617,0.26000000,10952.00000000,0.2732
1749262617,0.25960000,794.00000000,0.2732
1749262617,0.25880000,212.00000000,0.2732
1749262617,0.25830000,41.00000000,0.2732
1749262617,0.25820000,23.00000000,0.2732
1749262617,0.25810000,1007.00000000,0.2732
1749262617,0.25800000,73.00000000,0.2732
1749262617,0.25770000,47.00000000,0.2732
1749262617,0.25760000,31.00000000,0.2732
1749262617,0.25750000,20.00000000,0.2732
1749262617,0.25710000,24.00000000,0.2732
1749262617,0.25690000,233.00000000,0.2732
1749262617,0.25680000,155.00000000,0.2732
1749262617,0.25650000,35.00000000,0.2732
1749262617,0.25640000,63.00000000,0.2732
1749262617,0.25620000,41.00000000,0.2732
1749262617,0.25610000,23.00000000,0.2732
1749262617,0.25600000,40.00000000,0.2732
1749262617,0.25580000,32.00000000,0.2732
1749262617,0.25550000,4203.00000000,0.2732
1749262617,0.25530000,30.00000000,0.2732
1749262617,0.25520000,20.00000000,0.2732
1749262617,0.25510000,98.00000000,0.2732
1749262777,0.27320000,5638.00000000,0.2734
1749262777,0.27310000,13027.00000000,0.2734
1749262777,0.27300000,23425.00000000,0.2734
1749262777,0.27290000,29457.00000000,0.2734
1749262777,0.27280000,36463.00000000,0.2734
1749262777,0.27270000,21364.00000000,0.2734
1749262777,0.27260000,23781.00000000,0.2734
1749262777,0.27250000,23462.00000000,0.2734
1749262777,0.27240000,4156.00000000,0.2734
1749262777,0.27230000,12619.00000000,0.2734
1749262777,0.27220000,17012.00000000,0.2734
1749262777,0.27210000,5718.00000000,0.2734
1749262777,0.27200000,1370.00000000,0.2734
1749262777,0.27190000,4130.00000000,0.2734
1749262777,0.27180000,6941.00000000,0.2734
1749262777,0.27170000,42631.00000000,0.2734
1749262777,0.27160000,4493.00000000,0.2734
1749262777,0.27150000,4100.00000000,0.2734
1749262777,0.27140000,1340.00000000,0.2734
1749262777,0.27130000,5583.00000000,0.2734
1749262777,0.27120000,1340.00000000,0.2734
1749262777,0.27110000,8674.00000000,0.2734
1749262777,0.27100000,906.00000000,0.2734
1749262777,0.27090000,10420.00000000,0.2734
1749262777,0.27080000,924.00000000,0.2734
1749262777,0.27070000,3643.00000000,0.2734
1749262777,0.27060000,980.00000000,0.2734
1749262777,0.27050000,3643.00000000,0.2734
1749262777,0.27040000,883.00000000,0.2734
1749262777,0.27030000,3643.00000000,0.2734
1749262777,0.27020000,883.00000000,0.2734
1749262777,0.27010000,5730.00000000,0.2734
1749262777,0.27000000,3703.00000000,0.2734
1749262777,0.26990000,28.00000000,0.2734
1749262777,0.26980000,3571.00000000,0.2734
1749262777,0.26970000,3643.00000000,0.2734
1749262777,0.26950000,3639.00000000,0.2734
1749262777,0.26940000,171.00000000,0.2734
1749262777,0.26930000,2932.00000000,0.2734
1749262777,0.26920000,2216.00000000,0.2734
1749262777,0.26910000,2760.00000000,0.2734
1749262777,0.26890000,2760.00000000,0.2734
1749262777,0.26880000,23.00000000,0.2734
1749262777,0.26870000,2801.00000000,0.2734
1749262777,0.26850000,2760.00000000,0.2734
1749262777,0.26830000,2760.00000000,0.2734
1749262777,0.26810000,2760.00000000,0.2734
1749262777,0.26790000,2760.00000000,0.2734
1749262777,0.26780000,2227.00000000,0.2734
1749262777,0.26750000,20.00000000,0.2734
1749262777,0.26730000,20.00000000,0.2734
1749262777,0.26720000,21.00000000,0.2734
1749262777,0.26700000,24.00000000,0.2734
1749262777,0.26670000,23.00000000,0.2734
1749262777,0.26660000,41.00000000,0.2734
1749262777,0.26610000,30.00000000,0.2734
1749262777,0.26600000,1031.00000000,0.2734
1749262777,0.26540000,2087.00000000,0.2734
1749262777,0.26520000,31.00000000,0.2734
1749262777,0.26500000,434.00000000,0.2734
1749262777,0.26470000,23.00000000,0.2734
1749262777,0.26460000,23.00000000,0.2734
1749262777,0.26450000,65.00000000,0.2734
1749262777,0.26350000,208.00000000,0.2734
1749262777,0.26340000,96.00000000,0.2734
1749262777,0.26320000,151.00000000,0.2734
1749262777,0.26300000,1156.00000000,0.2734
1749262777,0.26270000,102.00000000,0.2734
1749262777,0.26260000,92.00000000,0.2734
1749262777,0.26250000,84.00000000,0.2734
1749262777,0.26240000,81.00000000,0.2734
1749262777,0.26200000,24.00000000,0.2734
1749262777,0.26190000,146.00000000,0.2734
1749262777,0.26130000,192.00000000,0.2734
1749262777,0.26120000,21.00000000,0.2734
1749262777,0.26090000,31.00000000,0.2734
1749262777,0.26040000,41.00000000,0.2734
1749262777,0.26030000,2500.00000000,0.2734
1749262777,0.26000000,10952.00000000,0.2734
1749262777,0.25960000,794.00000000,0.2734
1749262777,0.25880000,212.00000000,0.2734
1749262777,0.25830000,41.00000000,0.2734
1749262777,0.25820000,23.00000000,0.2734
1749262777,0.25810000,1007.00000000,0.2734
1749262777,0.25800000,73.00000000,0.2734
1749262777,0.25770000,47.00000000,0.2734
1749262777,0.25760000,31.00000000,0.2734
1749262777,0.25750000,20.00000000,0.2734
1749262777,0.25710000,24.00000000,0.2734
1749262777,0.25690000,233.00000000,0.2734
1749262777,0.25680000,155.00000000,0.2734
1749262777,0.25650000,35.00000000,0.2734
1749262777,0.25640000,63.00000000,0.2734
1749262777,0.25620000,41.00000000,0.2734
1749262777,0.25610000,23.00000000,0.2734
1749262777,0.25600000,40.00000000,0.2734
1749262777,0.25580000,32.00000000,0.2734
1749262777,0.25550000,4203.00000000,0.2734
1749262777,0.25530000,30.00000000,0.2734
1749262777,0.25520000,20.00000000,0.2734
1749262919,0.27330000,9959.00000000,0.2733
1749262919,0.27320000,19018.00000000,0.2733
1749262919,0.27310000,21136.00000000,0.2733
1749262919,0.27300000,44539.00000000,0.2733
1749262919,0.27290000,21757.00000000,0.2733
1749262919,0.27280000,44323.00000000,0.2733
1749262919,0.27270000,16181.00000000,0.2733
1749262919,0.27260000,11157.00000000,0.2733
1749262919,0.27250000,5110.00000000,0.2733
1749262919,0.27240000,2109.00000000,0.2733
1749262919,0.27230000,4881.00000000,0.2733
1749262919,0.27220000,18296.00000000,0.2733
1749262919,0.27210000,5718.00000000,0.2733
1749262919,0.27200000,9874.00000000,0.2733
1749262919,0.27190000,4130.00000000,0.2733
1749262919,0.27180000,6941.00000000,0.2733
1749262919,0.27170000,4894.00000000,0.2733
1749262919,0.27160000,5716.00000000,0.2733
1749262919,0.27150000,4100.00000000,0.2733
1749262919,0.27140000,2822.00000000,0.2733
1749262919,0.27130000,4101.00000000,0.2733
1749262919,0.27120000,38730.00000000,0.2733
1749262919,0.27110000,8674.00000000,0.2733
1749262919,0.27100000,906.00000000,0.2733
1749262919,0.27090000,10418.00000000,0.2733
1749262919,0.27080000,924.00000000,0.2733
1749262919,0.27070000,3643.00000000,0.2733
1749262919,0.27060000,980.00000000,0.2733
1749262919,0.27050000,3643.00000000,0.2733
1749262919,0.27040000,1358.00000000,0.2733
1749262919,0.27030000,3643.00000000,0.2733
1749262919,0.27020000,883.00000000,0.2733
1749262919,0.27010000,5730.00000000,0.2733
1749262919,0.27000000,3703.00000000,0.2733
1749262919,0.26990000,28.00000000,0.2733
1749262919,0.26980000,3094.00000000,0.2733
1749262919,0.26970000,3643.00000000,0.2733
1749262919,0.26950000,3639.00000000,0.2733
1749262919,0.26940000,171.00000000,0.2733
1749262919,0.26930000,3787.00000000,0.2733
1749262919,0.26910000,2760.00000000,0.2733
1749262919,0.26890000,2760.00000000,0.2733
1749262919,0.26880000,23.00000000,0.2733
1749262919,0.26870000,2801.00000000,0.2733
1749262919,0.26860000,2221.00000000,0.2733
1749262919,0.26850000,2760.00000000,0.2733
1749262919,0.26830000,2760.00000000,0.2733
1749262919,0.26810000,2760.00000000,0.2733
1749262919,0.26790000,2760.00000000,0.2733
1749262919,0.26780000,2227.00000000,0.2733
1749262919,0.26750000,20.00000000,0.2733
1749262919,0.26730000,20.00000000,0.2733
1749262919,0.26720000,21.00000000,0.2733
1749262919,0.26700000,24.00000000,0.2733
1749262919,0.26670000,23.00000000,0.2733
1749262919,0.26660000,41.00000000,0.2733
1749262919,0.26610000,30.00000000,0.2733
1749262919,0.26600000,1031.00000000,0.2733
1749262919,0.26540000,2087.00000000,0.2733
1749262919,0.26520000,31.00000000,0.2733
1749262919,0.26500000,434.00000000,0.2733
1749262919,0.26470000,23.00000000,0.2733
1749262919,0.26460000,23.00000000,0.2733
1749262919,0.26450000,65.00000000,0.2733
1749262919,0.26350000,208.00000000,0.2733
1749262919,0.26340000,96.00000000,0.2733
1749262919,0.26320000,151.00000000,0.2733
1749262919,0.26300000,1156.00000000,0.2733
1749262919,0.26270000,102.00000000,0.2733
1749262919,0.26260000,92.00000000,0.2733
1749262919,0.26250000,84.00000000,0.2733
1749262919,0.26240000,81.00000000,0.2733
1749262919,0.26200000,24.00000000,0.2733
1749262919,0.26190000,146.00000000,0.2733
1749262919,0.26130000,192.00000000,0.2733
1749262919,0.26120000,21.00000000,0.2733
1749262919,0.26090000,31.00000000,0.2733
1749262919,0.26040000,41.00000000,0.2733
1749262919,0.26030000,2500.00000000,0.2733
1749262919,0.26000000,10952.00000000,0.2733
1749262919,0.25960000,794.00000000,0.2733
1749262919,0.25880000,212.00000000,0.2733
1749262919,0.25830000,41.00000000,0.2733
1749262919,0.25820000,23.00000000,0.2733
1749262919,0.25810000,1007.00000000,0.2733
1749262919,0.25800000,73.00000000,0.2733
1749262919,0.25770000,47.00000000,0.2733
1749262919,0.25760000,31.00000000,0.2733
1749262919,0.25750000,20.00000000,0.2733
1749262919,0.25710000,24.00000000,0.2733
1749262919,0.25690000,233.00000000,0.2733
1749262919,0.25680000,155.00000000,0.2733
1749262919,0.25650000,35.00000000,0.2733
1749262919,0.25640000,63.00000000,0.2733
1749262919,0.25620000,41.00000000,0.2733
1749262919,0.25610000,23.00000000,0.2733
1749262919,0.25600000,40.00000000,0.2733
1749262919,0.25580000,32.00000000,0.2733
1749262919,0.25550000,4203.00000000,0.2733
1749262919,0.25530000,30.00000000,0.2733
1749263078,0.27360000,1609.00000000,0.2736
1749263078,0.27350000,10454.00000000,0.2736
1749263078,0.27340000,17575.00000000,0.2736
1749263078,0.27330000,28265.00000000,0.2736
1749263078,0.27320000,36837.00000000,0.2736
1749263078,0.27310000,27056.00000000,0.2736
1749263078,0.27300000,29546.00000000,0.2736
1749263078,0.27290000,22533.00000000,0.2736
1749263078,0.27280000,3222.00000000,0.2736
1749263078,0.27270000,12099.00000000,0.2736
1749263078,0.27260000,5738.00000000,0.2736
1749263078,0.27250000,4869.00000000,0.2736
1749263078,0.27240000,11441.00000000,0.2736
1749263078,0.27230000,4129.00000000,0.2736
1749263078,0.27220000,7095.00000000,0.2736
1749263078,0.27210000,5607.00000000,0.2736
1749263078,0.27200000,3973.00000000,0.2736
1749263078,0.27190000,5923.00000000,0.2736
1749263078,0.27180000,9708.00000000,0.2736
1749263078,0.27170000,4894.00000000,0.2736
1749263078,0.27160000,41241.00000000,0.2736
1749263078,0.27150000,4100.00000000,0.2736
1749263078,0.27140000,1340.00000000,0.2736
1749263078,0.27130000,4101.00000000,0.2736
1749263078,0.27120000,1340.00000000,0.2736
1749263078,0.27110000,4102.00000000,0.2736
1749263078,0.27100000,906.00000000,0.2736
1749263078,0.27090000,7317.00000000,0.2736
1749263078,0.27080000,924.00000000,0.2736
1749263078,0.27070000,3643.00000000,0.2736
1749263078,0.27060000,980.00000000,0.2736
1749263078,0.27050000,3643.00000000,0.2736
1749263078,0.27040000,1358.00000000,0.2736
1749263078,0.27030000,3643.00000000,0.2736
1749263078,0.27020000,883.00000000,0.2736
1749263078,0.27010000,5730.00000000,0.2736
1749263078,0.27000000,3703.00000000,0.2736
1749263078,0.26990000,28.00000000,0.2736
1749263078,0.26980000,2239.00000000,0.2736
1749263078,0.26970000,2788.00000000,0.2736
1749263078,0.26950000,2784.00000000,0.2736
1749263078,0.26940000,171.00000000,0.2736
1749263078,0.26930000,2932.00000000,0.2736
1749263078,0.26910000,2760.00000000,0.2736
1749263078,0.26890000,2760.00000000,0.2736
1749263078,0.26880000,23.00000000,0.2736
1749263078,0.26870000,2801.00000000,0.2736
1749263078,0.26860000,2221.00000000,0.2736
1749263078,0.26850000,2760.00000000,0.2736
1749263078,0.26830000,2760.00000000,0.2736
1749263078,0.26810000,2760.00000000,0.2736
1749263078,0.26790000,2760.00000000,0.2736
1749263078,0.26780000,2227.00000000,0.2736
1749263078,0.26750000,20.00000000,0.2736
1749263078,0.26730000,20.00000000,0.2736
1749263078,0.26720000,21.00000000,0.2736
1749263078,0.26700000,24.00000000,0.2736
1749263078,0.26670000,23.00000000,0.2736
1749263078,0.26660000,41.00000000,0.2736
1749263078,0.26610000,30.00000000,0.2736
1749263078,0.26600000,1031.00000000,0.2736
1749263078,0.26540000,2087.00000000,0.2736
1749263078,0.26520000,31.00000000,0.2736
1749263078,0.26500000,434.00000000,0.2736
1749263078,0.26470000,23.00000000,0.2736
1749263078,0.26460000,23.00000000,0.2736
1749263078,0.26450000,65.00000000,0.2736
1749263078,0.26350000,208.00000000,0.2736
1749263078,0.26340000,96.00000000,0.2736
1749263078,0.26320000,151.00000000,0.2736
1749263078,0.26300000,1156.00000000,0.2736
1749263078,0.26270000,102.00000000,0.2736
1749263078,0.26260000,92.00000000,0.2736
1749263078,0.26250000,84.00000000,0.2736
1749263078,0.26240000,81.00000000,0.2736
1749263078,0.26200000,24.00000000,0.2736
1749263078,0.26190000,146.00000000,0.2736
1749263078,0.26130000,192.00000000,0.2736
1749263078,0.26120000,21.00000000,0.2736
1749263078,0.26090000,31.00000000,0.2736
1749263078,0.26040000,41.00000000,0.2736
1749263078,0.26030000,2500.00000000,0.2736
1749263078,0.26000000,10952.00000000,0.2736
1749263078,0.25960000,794.00000000,0.2736
1749263078,0.25880000,212.00000000,0.2736
1749263078,0.25830000,41.00000000,0.2736
1749263078,0.25820000,23.00000000,0.2736
1749263078,0.25810000,1007.00000000,0.2736
1749263078,0.25800000,73.00000000,0.2736
1749263078,0.25770000,47.00000000,0.2736
1749263078,0.25760000,31.00000000,0.2736
1749263078,0.25750000,20.00000000,0.2736
1749263078,0.25710000,24.00000000,0.2736
1749263078,0.25690000,233.00000000,0.2736
1749263078,0.25680000,155.00000000,0.2736
1749263078,0.25650000,35.00000000,0.2736
1749263078,0.25640000,63.00000000,0.2736
1749263078,0.25620000,41.00000000,0.2736
1749263078,0.25610000,23.00000000,0.2736
1749263078,0.25600000,40.00000000,0.2736
1749263221,0.27350000,8833.00000000,0.2736
1749263221,0.27340000,16039.00000000,0.2736
1749263221,0.27330000,32043.00000000,0.2736
1749263221,0.27320000,35524.00000000,0.2736
1749263221,0.27310000,30210.00000000,0.2736
1749263221,0.27300000,32328.00000000,0.2736
1749263221,0.27290000,18351.00000000,0.2736
1749263221,0.27280000,5817.00000000,0.2736
1749263221,0.27270000,8716.00000000,0.2736
1749263221,0.27260000,7101.00000000,0.2736
1749263221,0.27250000,13467.00000000,0.2736
1749263221,0.27240000,1369.00000000,0.2736
1749263221,0.27230000,5716.00000000,0.2736
1749263221,0.27220000,7000.00000000,0.2736
1749263221,0.27210000,5920.00000000,0.2736
1749263221,0.27200000,6087.00000000,0.2736
1749263221,0.27190000,4130.00000000,0.2736
1749263221,0.27180000,8999.00000000,0.2736
1749263221,0.27170000,4100.00000000,0.2736
1749263221,0.27160000,41241.00000000,0.2736
1749263221,0.27150000,4100.00000000,0.2736
1749263221,0.27140000,1340.00000000,0.2736
1749263221,0.27130000,4101.00000000,0.2736
1749263221,0.27120000,1340.00000000,0.2736
1749263221,0.27110000,3643.00000000,0.2736
1749263221,0.27100000,906.00000000,0.2736
1749263221,0.27090000,3643.00000000,0.2736
1749263221,0.27080000,924.00000000,0.2736
1749263221,0.27070000,3643.00000000,0.2736
1749263221,0.27060000,4750.00000000,0.2736
1749263221,0.27050000,3643.00000000,0.2736
1749263221,0.27040000,3564.00000000,0.2736
1749263221,0.27030000,3643.00000000,0.2736
1749263221,0.27020000,883.00000000,0.2736
1749263221,0.27010000,5730.00000000,0.2736
1749263221,0.27000000,3703.00000000,0.2736
1749263221,0.26990000,28.00000000,0.2736
1749263221,0.26980000,28.00000000,0.2736
1749263221,0.26970000,3615.00000000,0.2736
1749263221,0.26950000,2784.00000000,0.2736
1749263221,0.26940000,2385.00000000,0.2736
1749263221,0.26930000,2932.00000000,0.2736
1749263221,0.26910000,2760.00000000,0.2736
1749263221,0.26890000,2760.00000000,0.2736
1749263221,0.26880000,23.00000000,0.2736
1749263221,0.26870000,2801.00000000,0.2736
1749263221,0.26850000,2760.00000000,0.2736
1749263221,0.26830000,2760.00000000,0.2736
1749263221,0.26810000,2760.00000000,0.2736
1749263221,0.26790000,2760.00000000,0.2736
1749263221,0.26780000,2227.00000000,0.2736
1749263221,0.26750000,20.00000000,0.2736
1749263221,0.26730000,20.00000000,0.2736
1749263221,0.26720000,21.00000000,0.2736
1749263221,0.26700000,24.00000000,0.2736
1749263221,0.26670000,23.00000000,0.2736
1749263221,0.26660000,41.00000000,0.2736
1749263221,0.26610000,30.00000000,0.2736
1749263221,0.26600000,1031.00000000,0.2736
1749263221,0.26540000,2087.00000000,0.2736
1749263221,0.26520000,31.00000000,0.2736
1749263221,0.26500000,434.00000000,0.2736
1749263221,0.26470000,23.00000000,0.2736
1749263221,0.26460000,23.00000000,0.2736
1749263221,0.26450000,65.00000000,0.2736
1749263221,0.26350000,208.00000000,0.2736
1749263221,0.26340000,96.00000000,0.2736
1749263221,0.26320000,151.00000000,0.2736
1749263221,0.26300000,1156.00000000,0.2736
1749263221,0.26270000,102.00000000,0.2736
1749263221,0.26260000,92.00000000,0.2736
1749263221,0.26250000,84.00000000,0.2736
1749263221,0.26240000,81.00000000,0.2736
1749263221,0.26200000,24.00000000,0.2736
1749263221,0.26190000,146.00000000,0.2736
1749263221,0.26130000,192.00000000,0.2736
1749263221,0.26120000,21.00000000,0.2736
1749263221,0.26090000,31.00000000,0.2736
1749263221,0.26040000,41.00000000,0.2736
1749263221,0.26030000,2500.00000000,0.2736
1749263221,0.26000000,10952.00000000,0.2736
1749263221,0.25960000,794.00000000,0.2736
1749263221,0.25880000,212.00000000,0.2736
1749263221,0.25830000,41.00000000,0.2736
1749263221,0.25820000,23.00000000,0.2736
1749263221,0.25810000,1007.00000000,0.2736
1749263221,0.25800000,73.00000000,0.2736
1749263221,0.25770000,47.00000000,0.2736
1749263221,0.25760000,31.00000000,0.2736
1749263221,0.25750000,20.00000000,0.2736
1749263221,0.25710000,24.00000000,0.2736
1749263221,0.25690000,233.00000000,0.2736
1749263221,0.25680000,155.00000000,0.2736
1749263221,0.25650000,35.00000000,0.2736
1749263221,0.25640000,63.00000000,0.2736
1749263221,0.25620000,41.00000000,0.2736
1749263221,0.25610000,23.00000000,0.2736
1749263221,0.25600000,40.00000000,0.2736
1749263221,0.25580000,32.00000000,0.2736
1749263221,0.25550000,4203.00000000,0.2736
1749263380,0.27380000,855.00000000,0.2737
1749263380,0.27370000,8959.00000000,0.2737
1749263380,0.27360000,15319.00000000,0.2737
1749263380,0.27350000,39838.00000000,0.2737
1749263380,0.27340000,48757.00000000,0.2737
1749263380,0.27330000,24271.00000000,0.2737
1749263380,0.27320000,30533.00000000,0.2737
1749263380,0.27310000,26875.00000000,0.2737
1749263380,0.27300000,26195.00000000,0.2737
1749263380,0.27290000,12205.00000000,0.2737
1749263380,0.27280000,2050.00000000,0.2737
1749263380,0.27270000,4810.00000000,0.2737
1749263380,0.27260000,7101.00000000,0.2737
1749263380,0.27250000,15688.00000000,0.2737
1749263380,0.27240000,2099.00000000,0.2737
1749263380,0.27230000,4129.00000000,0.2737
1749263380,0.27220000,6269.00000000,0.2737
1749263380,0.27210000,5920.00000000,0.2737
1749263380,0.27200000,12528.00000000,0.2737
1749263380,0.27190000,4130.00000000,0.2737
1749263380,0.27180000,7260.00000000,0.2737
1749263380,0.27170000,4100.00000000,0.2737
1749263380,0.27160000,38148.00000000,0.2737
1749263380,0.27150000,7197.00000000,0.2737
1749263380,0.27140000,1340.00000000,0.2737
1749263380,0.27130000,4101.00000000,0.2737
1749263380,0.27120000,1340.00000000,0.2737
1749263380,0.27110000,3643.00000000,0.2737
1749263380,0.27100000,906.00000000,0.2737
1749263380,0.27090000,7319.00000000,0.2737
1749263380,0.27080000,924.00000000,0.2737
1749263380,0.27070000,3643.00000000,0.2737
1749263380,0.27060000,4750.00000000,0.2737
1749263380,0.27050000,3643.00000000,0.2737
1749263380,0.27040000,3564.00000000,0.2737
1749263380,0.27030000,3643.00000000,0.2737
1749263380,0.27020000,883.00000000,0.2737
1749263380,0.27010000,5730.00000000,0.2737
1749263380,0.27000000,2848.00000000,0.2737
1749263380,0.26990000,28.00000000,0.2737
1749263380,0.26980000,28.00000000,0.2737
1749263380,0.26970000,2760.00000000,0.2737
1749263380,0.26950000,2784.00000000,0.2737
1749263380,0.26940000,2385.00000000,0.2737
1749263380,0.26930000,2932.00000000,0.2737
1749263380,0.26910000,2760.00000000,0.2737
1749263380,0.26890000,2760.00000000,0.2737
1749263380,0.26880000,23.00000000,0.2737
1749263380,0.26870000,2801.00000000,0.2737
1749263380,0.26850000,4982.00000000,0.2737
1749263380,0.26830000,2760.00000000,0.2737
1749263380,0.26810000,2760.00000000,0.2737
1749263380,0.26790000,2760.00000000,0.2737
1749263380,0.26750000,20.00000000,0.2737
1749263380,0.26730000,20.00000000,0.2737
1749263380,0.26720000,21.00000000,0.2737
1749263380,0.26700000,24.00000000,0.2737
1749263380,0.26670000,23.00000000,0.2737
1749263380,0.26660000,41.00000000,0.2737
1749263380,0.26610000,30.00000000,0.2737
1749263380,0.26600000,1031.00000000,0.2737
1749263380,0.26540000,2087.00000000,0.2737
1749263380,0.26520000,31.00000000,0.2737
1749263380,0.26500000,434.00000000,0.2737
1749263380,0.26470000,23.00000000,0.2737
1749263380,0.26460000,23.00000000,0.2737
1749263380,0.26450000,65.00000000,0.2737
1749263380,0.26350000,208.00000000,0.2737
1749263380,0.26340000,96.00000000,0.2737
1749263380,0.26320000,151.00000000,0.2737
1749263380,0.26300000,1156.00000000,0.2737
1749263380,0.26270000,102.00000000,0.2737
1749263380,0.26260000,92.00000000,0.2737
1749263380,0.26250000,84.00000000,0.2737
1749263380,0.26240000,81.00000000,0.2737
1749263380,0.26200000,24.00000000,0.2737
1749263380,0.26190000,146.00000000,0.2737
1749263380,0.26130000,192.00000000,0.2737
1749263380,0.26120000,21.00000000,0.2737
1749263380,0.26090000,31.00000000,0.2737
1749263380,0.26040000,41.00000000,0.2737
1749263380,0.26030000,2500.00000000,0.2737
1749263380,0.26000000,10952.00000000,0.2737
1749263380,0.25960000,794.00000000,0.2737
1749263380,0.25880000,212.00000000,0.2737
1749263380,0.25830000,41.00000000,0.2737
1749263380,0.25820000,23.00000000,0.2737
1749263380,0.25810000,1007.00000000,0.2737
1749263380,0.25800000,73.00000000,0.2737
1749263380,0.25770000,47.00000000,0.2737
1749263380,0.25760000,31.00000000,0.2737
1749263380,0.25750000,20.00000000,0.2737
1749263380,0.25710000,24.00000000,0.2737
1749263380,0.25690000,233.00000000,0.2737
1749263380,0.25680000,155.00000000,0.2737
1749263380,0.25650000,35.00000000,0.2737
1749263380,0.25640000,63.00000000,0.2737
1749263380,0.25620000,41.00000000,0.2737
1749263380,0.25610000,23.00000000,0.2737
1749263380,0.25600000,40.00000000,0.2737
1749263523,0.27340000,9854.00000000,0.2733
1749263523,0.27330000,21892.00000000,0.2733
1749263523,0.27320000,29614.00000000,0.2733
1749263523,0.27310000,37675.00000000,0.2733
1749263523,0.27300000,26838.00000000,0.2733
1749263523,0.27290000,25629.00000000,0.2733
1749263523,0.27280000,34461.00000000,0.2733
1749263523,0.27270000,10016.00000000,0.2733
1749263523,0.27260000,5056.00000000,0.2733
1749263523,0.27250000,6290.00000000,0.2733
1749263523,0.27240000,4146.00000000,0.2733
1749263523,0.27230000,4129.00000000,0.2733
1749263523,0.27220000,17130.00000000,0.2733
1749263523,0.27210000,5607.00000000,0.2733
1749263523,0.27200000,7062.00000000,0.2733
1749263523,0.27190000,5923.00000000,0.2733
1749263523,0.27180000,7667.00000000,0.2733
1749263523,0.27170000,4100.00000000,0.2733
1749263523,0.27160000,38148.00000000,0.2733
1749263523,0.27150000,4100.00000000,0.2733
1749263523,0.27140000,1340.00000000,0.2733
1749263523,0.27130000,4101.00000000,0.2733
1749263523,0.27120000,1340.00000000,0.2733
1749263523,0.27110000,3643.00000000,0.2733
1749263523,0.27100000,906.00000000,0.2733
1749263523,0.27090000,7319.00000000,0.2733
1749263523,0.27080000,924.00000000,0.2733
1749263523,0.27070000,3643.00000000,0.2733
1749263523,0.27060000,4750.00000000,0.2733
1749263523,0.27050000,3643.00000000,0.2733
1749263523,0.27040000,3564.00000000,0.2733
1749263523,0.27030000,3643.00000000,0.2733
1749263523,0.27020000,883.00000000,0.2733
1749263523,0.27010000,5730.00000000,0.2733
1749263523,0.27000000,3703.00000000,0.2733
1749263523,0.26990000,28.00000000,0.2733
1749263523,0.26980000,28.00000000,0.2733
1749263523,0.26970000,3615.00000000,0.2733
1749263523,0.26950000,4139.00000000,0.2733
1749263523,0.26940000,171.00000000,0.2733
1749263523,0.26930000,2932.00000000,0.2733
1749263523,0.26910000,2760.00000000,0.2733
1749263523,0.26890000,2760.00000000,0.2733
1749263523,0.26880000,2242.00000000,0.2733
1749263523,0.26870000,2801.00000000,0.2733
1749263523,0.26850000,2760.00000000,0.2733
1749263523,0.26830000,2760.00000000,0.2733
1749263523,0.26810000,2760.00000000,0.2733
1749263523,0.26790000,4987.00000000,0.2733
1749263523,0.26750000,20.00000000,0.2733
1749263523,0.26730000,20.00000000,0.2733
1749263523,0.26720000,21.00000000,0.2733
1749263523,0.26700000,24.00000000,0.2733
1749263523,0.26670000,23.00000000,0.2733
1749263523,0.26660000,41.00000000,0.2733
1749263523,0.26610000,30.00000000,0.2733
1749263523,0.26600000,1031.00000000,0.2733
1749263523,0.26540000,2087.00000000,0.2733
1749263523,0.26520000,31.00000000,0.2733
1749263523,0.26500000,434.00000000,0.2733
1749263523,0.26470000,23.00000000,0.2733
1749263523,0.26460000,23.00000000,0.2733
1749263523,0.26450000,65.00000000,0.2733
1749263523,0.26350000,208.00000000,0.2733
1749263523,0.26340000,96.00000000,0.2733
1749263523,0.26320000,151.00000000,0.2733
1749263523,0.26300000,1156.00000000,0.2733
1749263523,0.26270000,102.00000000,0.2733
1749263523,0.26260000,92.00000000,0.2733
1749263523,0.26250000,84.00000000,0.2733
1749263523,0.26240000,81.00000000,0.2733
1749263523,0.26200000,24.00000000,0.2733
1749263523,0.26190000,146.00000000,0.2733
1749263523,0.26130000,192.00000000,0.2733
1749263523,0.26120000,21.00000000,0.2733
1749263523,0.26090000,31.00000000,0.2733
1749263523,0.26040000,41.00000000,0.2733
1749263523,0.26030000,2500.00000000,0.2733
1749263523,0.26000000,10952.00000000,0.2733
1749263523,0.25970000,20.00000000,0.2733
1749263523,0.25960000,794.00000000,0.2733
1749263523,0.25880000,212.00000000,0.2733
1749263523,0.25830000,41.00000000,0.2733
1749263523,0.25820000,23.00000000,0.2733
1749263523,0.25810000,1007.00000000,0.2733
1749263523,0.25800000,73.00000000,0.2733
1749263523,0.25770000,47.00000000,0.2733
1749263523,0.25760000,31.00000000,0.2733
1749263523,0.25750000,20.00000000,0.2733
1749263523,0.25710000,24.00000000,0.2733
1749263523,0.25690000,233.00000000,0.2733
1749263523,0.25680000,155.00000000,0.2733
1749263523,0.25650000,35.00000000,0.2733
1749263523,0.25640000,63.00000000,0.2733
1749263523,0.25620000,41.00000000,0.2733
1749263523,0.25610000,23.00000000,0.2733
1749263523,0.25600000,40.00000000,0.2733
1749263523,0.25580000,32.00000000,0.2733
1749263523,0.25550000,4203.00000000,0.2733
1749263523,0.25530000,30.00000000,0.2733
1749263681,0.27370000,3942.00000000,0.2738
1749263681,0.27360000,7137.00000000,0.2738
1749263681,0.27350000,18870.00000000,0.2738
1749263681,0.27340000,31830.00000000,0.2738
1749263681,0.27330000,31888.00000000,0.2738
1749263681,0.27320000,27391.00000000,0.2738
1749263681,0.27310000,35310.00000000,0.2738
1749263681,0.27300000,14472.00000000,0.2738
1749263681,0.27290000,19468.00000000,0.2738
1749263681,0.27280000,2050.00000000,0.2738
1749263681,0.27270000,8497.00000000,0.2738
1749263681,0.27260000,7865.00000000,0.2738
1749263681,0.27250000,6573.00000000,0.2738
1749263681,0.27240000,1369.00000000,0.2738
1749263681,0.27230000,13349.00000000,0.2738
1749263681,0.27220000,7048.00000000,0.2738
1749263681,0.27210000,5920.00000000,0.2738
1749263681,0.27200000,5451.00000000,0.2738
1749263681,0.27190000,4130.00000000,0.2738
1749263681,0.27180000,5928.00000000,0.2738
1749263681,0.27170000,4100.00000000,0.2738
1749263681,0.27160000,38148.00000000,0.2738
1749263681,0.27150000,4100.00000000,0.2738
1749263681,0.27140000,1340.00000000,0.2738
1749263681,0.27130000,4101.00000000,0.2738
1749263681,0.27120000,4439.00000000,0.2738
1749263681,0.27110000,3643.00000000,0.2738
1749263681,0.27100000,906.00000000,0.2738
1749263681,0.27090000,7319.00000000,0.2738
1749263681,0.27080000,924.00000000,0.2738
1749263681,0.27070000,3643.00000000,0.2738
1749263681,0.27060000,4750.00000000,0.2738
1749263681,0.27050000,3643.00000000,0.2738
1749263681,0.27040000,3564.00000000,0.2738
1749263681,0.27030000,3643.00000000,0.2738
1749263681,0.27020000,883.00000000,0.2738
1749263681,0.27010000,5730.00000000,0.2738
1749263681,0.27000000,2848.00000000,0.2738
1749263681,0.26990000,28.00000000,0.2738
1749263681,0.26980000,28.00000000,0.2738
1749263681,0.26970000,2760.00000000,0.2738
1749263681,0.26950000,3284.00000000,0.2738
1749263681,0.26940000,171.00000000,0.2738
1749263681,0.26930000,2932.00000000,0.2738
1749263681,0.26910000,2760.00000000,0.2738
1749263681,0.26890000,2760.00000000,0.2738
1749263681,0.26880000,2242.00000000,0.2738
1749263681,0.26870000,2801.00000000,0.2738
1749263681,0.26850000,2760.00000000,0.2738
1749263681,0.26840000,552.00000000,0.2738
1749263681,0.26830000,2760.00000000,0.2738
1749263681,0.26810000,2760.00000000,0.2738
1749263681,0.26790000,4987.00000000,0.2738
1749263681,0.26750000,20.00000000,0.2738
1749263681,0.26730000,20.00000000,0.2738
1749263681,0.26720000,21.00000000,0.2738
1749263681,0.26700000,24.00000000,0.2738
1749263681,0.26670000,23.00000000,0.2738
1749263681,0.26660000,41.00000000,0.2738
1749263681,0.26610000,30.00000000,0.2738
1749263681,0.26600000,1031.00000000,0.2738
1749263681,0.26540000,2087.00000000,0.2738
1749263681,0.26520000,31.00000000,0.2738
1749263681,0.26500000,434.00000000,0.2738
1749263681,0.26470000,23.00000000,0.2738
1749263681,0.26460000,23.00000000,0.2738
1749263681,0.26450000,65.00000000,0.2738
1749263681,0.26350000,208.00000000,0.2738
1749263681,0.26340000,96.00000000,0.2738
1749263681,0.26320000,151.00000000,0.2738
1749263681,0.26300000,1156.00000000,0.2738
1749263681,0.26270000,102.00000000,0.2738
1749263681,0.26260000,92.00000000,0.2738
1749263681,0.26250000,84.00000000,0.2738
1749263681,0.26240000,81.00000000,0.2738
1749263681,0.26200000,24.00000000,0.2738
1749263681,0.26190000,146.00000000,0.2738
1749263681,0.26130000,192.00000000,0.2738
1749263681,0.26120000,21.00000000,0.2738
1749263681,0.26090000,31.00000000,0.2738
1749263681,0.26040000,41.00000000,0.2738
1749263681,0.26030000,2500.00000000,0.2738
1749263681,0.26000000,10952.00000000,0.2738
1749263681,0.25970000,20.00000000,0.2738
1749263681,0.25960000,794.00000000,0.2738
1749263681,0.25880000,212.00000000,0.2738
1749263681,0.25830000,41.00000000,0.2738
1749263681,0.25820000,23.00000000,0.2738
1749263681,0.25810000,1007.00000000,0.2738
1749263681,0.25800000,73.00000000,0.2738
1749263681,0.25770000,47.00000000,0.2738
1749263681,0.25760000,31.00000000,0.2738
1749263681,0.25750000,20.00000000,0.2738
1749263681,0.25710000,24.00000000,0.2738
1749263681,0.25690000,233.00000000,0.2738
1749263681,0.25680000,155.00000000,0.2738
1749263681,0.25650000,35.00000000,0.2738
1749263681,0.25640000,63.00000000,0.2738
1749263681,0.25620000,41.00000000,0.2738
1749263681,0.25610000,23.00000000,0.2738
1749263829,0.27360000,2612.00000000,0.2738
1749263829,0.27350000,11771.00000000,0.2738
1749263829,0.27340000,30436.00000000,0.2738
1749263829,0.27330000,36045.00000000,0.2738
1749263829,0.27320000,17183.00000000,0.2738
1749263829,0.27310000,49095.00000000,0.2738
1749263829,0.27300000,11604.00000000,0.2738
1749263829,0.27290000,4810.00000000,0.2738
1749263829,0.27280000,2050.00000000,0.2738
1749263829,0.27270000,9133.00000000,0.2738
1749263829,0.27260000,7865.00000000,0.2738
1749263829,0.27250000,14195.00000000,0.2738
1749263829,0.27240000,1369.00000000,0.2738
1749263829,0.27230000,7195.00000000,0.2738
1749263829,0.27220000,7048.00000000,0.2738
1749263829,0.27210000,5920.00000000,0.2738
1749263829,0.27200000,8802.00000000,0.2738
1749263829,0.27190000,4130.00000000,0.2738
1749263829,0.27180000,5928.00000000,0.2738
1749263829,0.27170000,4100.00000000,0.2738
1749263829,0.27160000,38148.00000000,0.2738
1749263829,0.27150000,4100.00000000,0.2738
1749263829,0.27140000,1340.00000000,0.2738
1749263829,0.27130000,4101.00000000,0.2738
1749263829,0.27120000,1340.00000000,0.2738
1749263829,0.27110000,3643.00000000,0.2738
1749263829,0.27100000,906.00000000,0.2738
1749263829,0.27090000,7319.00000000,0.2738
1749263829,0.27080000,924.00000000,0.2738
1749263829,0.27070000,3643.00000000,0.2738
1749263829,0.27060000,4750.00000000,0.2738
1749263829,0.27050000,3643.00000000,0.2738
1749263829,0.27040000,3564.00000000,0.2738
1749263829,0.27030000,3643.00000000,0.2738
1749263829,0.27020000,883.00000000,0.2738
1749263829,0.27010000,5730.00000000,0.2738
1749263829,0.27000000,2848.00000000,0.2738
1749263829,0.26990000,28.00000000,0.2738
1749263829,0.26980000,28.00000000,0.2738
1749263829,0.26970000,2760.00000000,0.2738
1749263829,0.26950000,3284.00000000,0.2738
1749263829,0.26940000,171.00000000,0.2738
1749263829,0.26930000,2932.00000000,0.2738
1749263829,0.26910000,2760.00000000,0.2738
1749263829,0.26890000,2760.00000000,0.2738
1749263829,0.26880000,2242.00000000,0.2738
1749263829,0.26870000,2801.00000000,0.2738
1749263829,0.26850000,3333.00000000,0.2738
1749263829,0.26830000,2760.00000000,0.2738
1749263829,0.26810000,2760.00000000,0.2738
1749263829,0.26790000,4987.00000000,0.2738
1749263829,0.26750000,20.00000000,0.2738
1749263829,0.26730000,20.00000000,0.2738
1749263829,0.26720000,21.00000000,0.2738
1749263829,0.26700000,24.00000000,0.2738
1749263829,0.26670000,23.00000000,0.2738
1749263829,0.26660000,41.00000000,0.2738
1749263829,0.26610000,30.00000000,0.2738
1749263829,0.26600000,1031.00000000,0.2738
1749263829,0.26540000,2087.00000000,0.2738
1749263829,0.26520000,31.00000000,0.2738
1749263829,0.26500000,434.00000000,0.2738
1749263829,0.26470000,23.00000000,0.2738
1749263829,0.26460000,23.00000000,0.2738
1749263829,0.26450000,65.00000000,0.2738
1749263829,0.26350000,208.00000000,0.2738
1749263829,0.26340000,96.00000000,0.2738
1749263829,0.26320000,151.00000000,0.2738
1749263829,0.26300000,1156.00000000,0.2738
1749263829,0.26270000,102.00000000,0.2738
1749263829,0.26260000,92.00000000,0.2738
1749263829,0.26250000,84.00000000,0.2738
1749263829,0.26240000,81.00000000,0.2738
1749263829,0.26200000,24.00000000,0.2738
1749263829,0.26190000,146.00000000,0.2738
1749263829,0.26130000,192.00000000,0.2738
1749263829,0.26120000,21.00000000,0.2738
1749263829,0.26090000,31.00000000,0.2738
1749263829,0.26040000,41.00000000,0.2738
1749263829,0.26030000,2500.00000000,0.2738
1749263829,0.26000000,10952.00000000,0.2738
1749263829,0.25970000,20.00000000,0.2738
1749263829,0.25960000,794.00000000,0.2738
1749263829,0.25880000,212.00000000,0.2738
1749263829,0.25830000,41.00000000,0.2738
1749263829,0.25820000,23.00000000,0.2738
1749263829,0.25810000,1007.00000000,0.2738
1749263829,0.25800000,73.00000000,0.2738
1749263829,0.25770000,47.00000000,0.2738
1749263829,0.25760000,31.00000000,0.2738
1749263829,0.25750000,20.00000000,0.2738
1749263829,0.25710000,24.00000000,0.2738
1749263829,0.25690000,233.00000000,0.2738
1749263829,0.25680000,155.00000000,0.2738
1749263829,0.25650000,35.00000000,0.2738
1749263829,0.25640000,63.00000000,0.2738
1749263829,0.25620000,41.00000000,0.2738
1749263829,0.25610000,23.00000000,0.2738
1749263829,0.25600000,40.00000000,0.2738
1749263829,0.25580000,32.00000000,0.2738
1749263983,0.27390000,1619.00000000,0.2739
1749263983,0.27380000,7727.00000000,0.2739
1749263983,0.27370000,15494.00000000,0.2739
1749263983,0.27360000,31227.00000000,0.2739
1749263983,0.27350000,36786.00000000,0.2739
1749263983,0.27340000,17100.00000000,0.2739
1749263983,0.27330000,27820.00000000,0.2739
1749263983,0.27320000,27188.00000000,0.2739
1749263983,0.27310000,25631.00000000,0.2739
1749263983,0.27300000,6287.00000000,0.2739
1749263983,0.27290000,4810.00000000,0.2739
1749263983,0.27280000,3412.00000000,0.2739
1749263983,0.27270000,14091.00000000,0.2739
1749263983,0.27260000,6530.00000000,0.2739
1749263983,0.27250000,5715.00000000,0.2739
1749263983,0.27240000,3993.00000000,0.2739
1749263983,0.27230000,6650.00000000,0.2739
1749263983,0.27220000,8784.00000000,0.2739
1749263983,0.27210000,4129.00000000,0.2739
1749263983,0.27200000,1370.00000000,0.2739
1749263983,0.27190000,4130.00000000,0.2739
1749263983,0.27180000,6462.00000000,0.2739
1749263983,0.27170000,4100.00000000,0.2739
1749263983,0.27160000,41244.00000000,0.2739
1749263983,0.27150000,4100.00000000,0.2739
1749263983,0.27140000,1340.00000000,0.2739
1749263983,0.27130000,4101.00000000,0.2739
1749263983,0.27120000,883.00000000,0.2739
1749263983,0.27110000,3643.00000000,0.2739
1749263983,0.27100000,906.00000000,0.2739
1749263983,0.27090000,7319.00000000,0.2739
1749263983,0.27080000,924.00000000,0.2739
1749263983,0.27070000,3643.00000000,0.2739
1749263983,0.27060000,4750.00000000,0.2739
1749263983,0.27050000,3643.00000000,0.2739
1749263983,0.27040000,3564.00000000,0.2739
1749263983,0.27030000,3643.00000000,0.2739
1749263983,0.27020000,28.00000000,0.2739
1749263983,0.27010000,4875.00000000,0.2739
1749263983,0.27000000,2848.00000000,0.2739
1749263983,0.26990000,28.00000000,0.2739
1749263983,0.26970000,2760.00000000,0.2739
1749263983,0.26950000,3284.00000000,0.2739
1749263983,0.26940000,2385.00000000,0.2739
1749263983,0.26930000,2932.00000000,0.2739
1749263983,0.26910000,2760.00000000,0.2739
1749263983,0.26890000,2760.00000000,0.2739
1749263983,0.26880000,23.00000000,0.2739
1749263983,0.26870000,2801.00000000,0.2739
1749263983,0.26850000,2760.00000000,0.2739
1749263983,0.26830000,2760.00000000,0.2739
1749263983,0.26810000,2760.00000000,0.2739
1749263983,0.26790000,4987.00000000,0.2739
1749263983,0.26750000,20.00000000,0.2739
1749263983,0.26730000,20.00000000,0.2739
1749263983,0.26720000,21.00000000,0.2739
1749263983,0.26700000,24.00000000,0.2739
1749263983,0.26670000,23.00000000,0.2739
1749263983,0.26660000,41.00000000,0.2739
1749263983,0.26610000,30.00000000,0.2739
1749263983,0.26600000,1031.00000000,0.2739
1749263983,0.26540000,2087.00000000,0.2739
1749263983,0.26520000,31.00000000,0.2739
1749263983,0.26500000,434.00000000,0.2739
1749263983,0.26470000,23.00000000,0.2739
1749263983,0.26460000,23.00000000,0.2739
1749263983,0.26450000,65.00000000,0.2739
1749263983,0.26350000,208.00000000,0.2739
1749263983,0.26340000,96.00000000,0.2739
1749263983,0.26320000,151.00000000,0.2739
1749263983,0.26300000,1156.00000000,0.2739
1749263983,0.26270000,102.00000000,0.2739
1749263983,0.26260000,92.00000000,0.2739
1749263983,0.26250000,84.00000000,0.2739
1749263983,0.26240000,81.00000000,0.2739
1749263983,0.26200000,24.00000000,0.2739
1749263983,0.26190000,146.00000000,0.2739
1749263983,0.26130000,192.00000000,0.2739
1749263983,0.26120000,21.00000000,0.2739
1749263983,0.26090000,31.00000000,0.2739
1749263983,0.26040000,41.00000000,0.2739
1749263983,0.26030000,2500.00000000,0.2739
1749263983,0.26000000,10952.00000000,0.2739
1749263983,0.25970000,20.00000000,0.2739
1749263983,0.25960000,794.00000000,0.2739
1749263983,0.25880000,212.00000000,0.2739
1749263983,0.25830000,41.00000000,0.2739
1749263983,0.25820000,23.00000000,0.2739
1749263983,0.25810000,1007.00000000,0.2739
1749263983,0.25800000,73.00000000,0.2739
1749263983,0.25770000,47.00000000,0.2739
1749263983,0.25760000,31.00000000,0.2739
1749263983,0.25750000,20.00000000,0.2739
1749263983,0.25710000,24.00000000,0.2739
1749263983,0.25690000,233.00000000,0.2739
1749263983,0.25680000,155.00000000,0.2739
1749263983,0.25650000,35.00000000,0.2739
1749263983,0.25640000,63.00000000,0.2739
1749263983,0.25620000,41.00000000,0.2739
1749263983,0.25610000,23.00000000,0.2739
1749264131,0.27350000,7960.00000000,0.2736
1749264131,0.27340000,16650.00000000,0.2736
1749264131,0.27330000,43310.00000000,0.2736
1749264131,0.27320000,39596.00000000,0.2736
1749264131,0.27310000,26078.00000000,0.2736
1749264131,0.27300000,20321.00000000,0.2736
1749264131,0.27290000,31376.00000000,0.2736
1749264131,0.27280000,12132.00000000,0.2736
1749264131,0.27270000,5196.00000000,0.2736
1749264131,0.27260000,5820.00000000,0.2736
1749264131,0.27250000,5715.00000000,0.2736
1749264131,0.27240000,11901.00000000,0.2736
