timestamp,price,volume,current_price
1749258435,1.86700000,99.00000000,1.867
1749258435,1.86600000,2230.60000000,1.867
1749258435,1.86500000,2195.70000000,1.867
1749258435,1.86400000,2432.00000000,1.867
1749258435,1.86300000,2429.40000000,1.867
1749258435,1.86200000,1930.50000000,1.867
1749258435,1.86100000,1915.00000000,1.867
1749258435,1.86000000,1986.60000000,1.867
1749258435,1.85900000,1877.90000000,1.867
1749258435,1.85800000,1854.80000000,1.867
1749258435,1.85700000,2123.80000000,1.867
1749258435,1.85600000,1947.30000000,1.867
1749258435,1.85500000,1671.80000000,1.867
1749258435,1.85400000,1645.80000000,1.867
1749258435,1.85300000,29936.90000000,1.867
1749258435,1.85200000,9460.50000000,1.867
1749258435,1.85100000,5366.30000000,1.867
1749258435,1.85000000,2829.70000000,1.867
1749258435,1.84900000,1641.00000000,1.867
1749258435,1.84800000,3349.60000000,1.867
1749258435,1.84700000,2272.90000000,1.867
1749258435,1.84600000,2231.50000000,1.867
1749258435,1.84500000,6990.50000000,1.867
1749258435,1.84400000,12005.70000000,1.867
1749258435,1.84300000,2106.20000000,1.867
1749258435,1.84200000,584.90000000,1.867
1749258435,1.84100000,1040.90000000,1.867
1749258435,1.84000000,6114.40000000,1.867
1749258435,1.83900000,538.30000000,1.867
1749258435,1.83800000,698.10000000,1.867
1749258435,1.83700000,1172.60000000,1.867
1749258435,1.83600000,226.50000000,1.867
1749258435,1.83500000,543.10000000,1.867
1749258435,1.83400000,519.60000000,1.867
1749258435,1.83300000,1423.60000000,1.867
1749258435,1.83200000,2213.00000000,1.867
1749258435,1.83100000,427.70000000,1.867
1749258435,1.83000000,1101.20000000,1.867
1749258435,1.82900000,1856.60000000,1.867
1749258435,1.82800000,4403.80000000,1.867
1749258435,1.82700000,145.10000000,1.867
1749258435,1.82600000,579.60000000,1.867
1749258435,1.82500000,5229.20000000,1.867
1749258435,1.82400000,73.30000000,1.867
1749258435,1.82300000,753.80000000,1.867
1749258435,1.82200000,2350.70000000,1.867
1749258435,1.82100000,2512.30000000,1.867
1749258435,1.82000000,1842.70000000,1.867
1749258435,1.81900000,1131.90000000,1.867
1749258435,1.81800000,2245.10000000,1.867
1749258435,1.81700000,1074.80000000,1.867
1749258435,1.81600000,1949.30000000,1.867
1749258435,1.81500000,1498.50000000,1.867
1749258435,1.81400000,203.40000000,1.867
1749258435,1.81300000,1662.80000000,1.867
1749258435,1.81200000,3267.00000000,1.867
1749258435,1.81100000,171.00000000,1.867
1749258435,1.81000000,2184.60000000,1.867
1749258435,1.80900000,1067.10000000,1.867
1749258435,1.80800000,2261.00000000,1.867
1749258435,1.80700000,6030.60000000,1.867
1749258435,1.80600000,1996.50000000,1.867
1749258435,1.80500000,35163.10000000,1.867
1749258435,1.80400000,490.40000000,1.867
1749258435,1.80300000,578.20000000,1.867
1749258435,1.80200000,598.60000000,1.867
1749258435,1.80100000,526.00000000,1.867
1749258435,1.80000000,20130.80000000,1.867
1749258435,1.79900000,638.80000000,1.867
1749258435,1.79800000,4.40000000,1.867
1749258435,1.79600000,115.80000000,1.867
1749258435,1.79500000,389.10000000,1.867
1749258435,1.79400000,1991.00000000,1.867
1749258435,1.79300000,1193.90000000,1.867
1749258435,1.79200000,533.40000000,1.867
1749258435,1.79100000,221.20000000,1.867
1749258435,1.79000000,688.10000000,1.867
1749258435,1.78900000,695.30000000,1.867
1749258435,1.78800000,73.00000000,1.867
1749258435,1.78700000,26.60000000,1.867
1749258435,1.78500000,13.40000000,1.867
1749258435,1.78400000,115.80000000,1.867
1749258435,1.78000000,1524.80000000,1.867
1749258435,1.77900000,396.00000000,1.867
1749258435,1.77800000,566.10000000,1.867
1749258435,1.77700000,223.60000000,1.867
1749258435,1.77600000,117.90000000,1.867
1749258435,1.77500000,168.80000000,1.867
1749258435,1.77400000,9.10000000,1.867
1749258435,1.77200000,833.70000000,1.867
1749258435,1.77100000,5.70000000,1.867
1749258435,1.77000000,1177.60000000,1.867
1749258435,1.76900000,14.30000000,1.867
1749258435,1.76700000,3.40000000,1.867
1749258435,1.76600000,115.80000000,1.867
1749258435,1.76500000,1250.70000000,1.867
1749258435,1.76400000,38.50000000,1.867
1749258435,1.76300000,26.30000000,1.867
1749258435,1.76100000,171.30000000,1.867
1749258435,1.76000000,8874.90000000,1.867
1749258775,1.92400000,5491.00000000,1.924
1749258775,1.92300000,229.10000000,1.924
1749258775,1.92200000,2304.30000000,1.924
1749258775,1.92100000,2119.10000000,1.924
1749258775,1.92000000,2081.00000000,1.924
1749258775,1.91900000,2136.70000000,1.924
1749258775,1.91800000,2117.70000000,1.924
1749258775,1.91700000,1694.90000000,1.924
1749258775,1.91600000,1694.50000000,1.924
1749258775,1.91500000,1603.50000000,1.924
1749258775,1.91400000,1599.70000000,1.924
1749258775,1.91300000,1575.80000000,1.924
1749258775,1.91200000,1741.40000000,1.924
1749258775,1.91100000,3306.70000000,1.924
1749258775,1.91000000,2087.60000000,1.924
1749258775,1.90900000,1589.10000000,1.924
1749258775,1.90800000,1597.60000000,1.924
1749258775,1.90700000,2001.50000000,1.924
1749258775,1.90600000,944.00000000,1.924
1749258775,1.90500000,2666.80000000,1.924
1749258775,1.90400000,1877.40000000,1.924
1749258775,1.90300000,472.90000000,1.924
1749258775,1.90200000,716.30000000,1.924
1749258775,1.90100000,122.80000000,1.924
1749258775,1.90000000,687.40000000,1.924
1749258775,1.89900000,2053.10000000,1.924
1749258775,1.89800000,18336.30000000,1.924
1749258775,1.89700000,646.80000000,1.924
1749258775,1.89600000,23438.50000000,1.924
1749258775,1.89500000,496.70000000,1.924
1749258775,1.89400000,2614.00000000,1.924
1749258775,1.89300000,124.70000000,1.924
1749258775,1.89200000,143.40000000,1.924
1749258775,1.89100000,129.10000000,1.924
1749258775,1.89000000,2065.50000000,1.924
1749258775,1.88900000,1909.10000000,1.924
1749258775,1.88800000,366.80000000,1.924
1749258775,1.88700000,906.70000000,1.924
1749258775,1.88600000,1950.50000000,1.924
1749258775,1.88500000,108.90000000,1.924
1749258775,1.88400000,148.00000000,1.924
1749258775,1.88300000,356.40000000,1.924
1749258775,1.88200000,857.20000000,1.924
1749258775,1.88100000,2648.30000000,1.924
1749258775,1.88000000,438.10000000,1.924
1749258775,1.87900000,126.50000000,1.924
1749258775,1.87800000,33.60000000,1.924
1749258775,1.87600000,181.40000000,1.924
1749258775,1.87500000,992.20000000,1.924
1749258775,1.87400000,374.70000000,1.924
1749258775,1.87300000,1896.10000000,1.924
1749258775,1.87200000,1486.60000000,1.924
1749258775,1.87100000,54.50000000,1.924
1749258775,1.87000000,12.80000000,1.924
1749258775,1.86800000,175.60000000,1.924
1749258775,1.86700000,1125.40000000,1.924
1749258775,1.86600000,15.00000000,1.924
1749258775,1.86500000,434.80000000,1.924
1749258775,1.86400000,2042.70000000,1.924
1749258775,1.86300000,2449.20000000,1.924
1749258775,1.86200000,3123.10000000,1.924
1749258775,1.86100000,112.30000000,1.924
1749258775,1.86000000,2408.10000000,1.924
1749258775,1.85900000,289.70000000,1.924
1749258775,1.85800000,312.00000000,1.924
1749258775,1.85700000,391.20000000,1.924
1749258775,1.85600000,461.80000000,1.924
1749258775,1.85500000,224.60000000,1.924
1749258775,1.85400000,1407.30000000,1.924
1749258775,1.85300000,5774.00000000,1.924
1749258775,1.85200000,2032.90000000,1.924
1749258775,1.85100000,126.20000000,1.924
1749258775,1.85000000,144.80000000,1.924
1749258775,1.84900000,1820.40000000,1.924
1749258775,1.84800000,15.20000000,1.924
1749258775,1.84700000,19.60000000,1.924
1749258775,1.84500000,89.30000000,1.924
1749258775,1.84400000,10240.60000000,1.924
1749258775,1.84300000,38.00000000,1.924
1749258775,1.84200000,2402.80000000,1.924
1749258775,1.84100000,38.40000000,1.924
1749258775,1.84000000,5495.40000000,1.924
1749258775,1.83900000,4.60000000,1.924
1749258775,1.83800000,384.20000000,1.924
1749258775,1.83700000,501.20000000,1.924
1749258775,1.83600000,210.10000000,1.924
1749258775,1.83500000,13.00000000,1.924
1749258775,1.83400000,99.40000000,1.924
1749258775,1.83300000,378.70000000,1.924
1749258775,1.83200000,1119.10000000,1.924
1749258775,1.83100000,1080.20000000,1.924
1749258775,1.83000000,1458.20000000,1.924
1749258775,1.82800000,6.00000000,1.924
1749258775,1.82700000,23.80000000,1.924
1749258775,1.82600000,415.80000000,1.924
1749258775,1.82500000,3439.30000000,1.924
1749258775,1.82400000,18.70000000,1.924
1749258775,1.82300000,6.40000000,1.924
1749258775,1.82200000,70.60000000,1.924
1749258775,1.82100000,108.10000000,1.924
1749259078,1.93000000,10221.80000000,1.931
1749259078,1.92900000,1893.70000000,1.931
1749259078,1.92800000,2149.60000000,1.931
1749259078,1.92700000,2033.20000000,1.931
1749259078,1.92600000,1701.60000000,1.931
1749259078,1.92500000,1629.80000000,1.931
1749259078,1.92400000,1585.50000000,1.931
1749259078,1.92300000,1215.40000000,1.931
1749259078,1.92200000,1624.70000000,1.931
1749259078,1.92100000,1546.80000000,1.931
1749259078,1.92000000,1627.70000000,1.931
1749259078,1.91900000,3243.00000000,1.931
1749259078,1.91800000,1522.80000000,1.931
1749259078,1.91700000,3280.90000000,1.931
1749259078,1.91600000,1591.20000000,1.931
1749259078,1.91500000,2035.20000000,1.931
1749259078,1.91400000,1981.90000000,1.931
1749259078,1.91300000,1528.60000000,1.931
1749259078,1.91200000,1410.30000000,1.931
1749259078,1.91100000,316.40000000,1.931
1749259078,1.91000000,880.40000000,1.931
1749259078,1.90900000,471.30000000,1.931
1749259078,1.90800000,17900.80000000,1.931
1749259078,1.90700000,1653.00000000,1.931
1749259078,1.90600000,851.60000000,1.931
1749259078,1.90500000,2158.60000000,1.931
1749259078,1.90400000,122.80000000,1.931
1749259078,1.90300000,24142.50000000,1.931
1749259078,1.90200000,546.10000000,1.931
1749259078,1.90100000,544.50000000,1.931
1749259078,1.90000000,312.50000000,1.931
1749259078,1.89900000,57.80000000,1.931
1749259078,1.89800000,638.30000000,1.931
1749259078,1.89700000,237.70000000,1.931
1749259078,1.89600000,474.40000000,1.931
1749259078,1.89500000,1068.00000000,1.931
1749259078,1.89400000,29.40000000,1.931
1749259078,1.89300000,2034.50000000,1.931
1749259078,1.89200000,1179.10000000,1.931
1749259078,1.89100000,36.90000000,1.931
1749259078,1.89000000,11529.10000000,1.931
1749259078,1.88900000,3.00000000,1.931
1749259078,1.88800000,372.60000000,1.931
1749259078,1.88700000,100.50000000,1.931
1749259078,1.88600000,319.80000000,1.931
1749259078,1.88500000,402.10000000,1.931
1749259078,1.88400000,2010.50000000,1.931
1749259078,1.88300000,3767.80000000,1.931
1749259078,1.88200000,118.10000000,1.931
1749259078,1.88100000,141.30000000,1.931
1749259078,1.88000000,1009.30000000,1.931
1749259078,1.87800000,355.60000000,1.931
1749259078,1.87700000,1808.20000000,1.931
1749259078,1.87600000,255.90000000,1.931
1749259078,1.87500000,21.80000000,1.931
1749259078,1.87400000,1093.10000000,1.931
1749259078,1.87300000,417.30000000,1.931
1749259078,1.87200000,58.70000000,1.931
1749259078,1.87100000,499.30000000,1.931
1749259078,1.87000000,39.50000000,1.931
1749259078,1.86900000,162.20000000,1.931
1749259078,1.86800000,2492.60000000,1.931
1749259078,1.86700000,148.10000000,1.931
1749259078,1.86600000,15.00000000,1.931
1749259078,1.86500000,1337.00000000,1.931
1749259078,1.86400000,3283.10000000,1.931
1749259078,1.86300000,532.50000000,1.931
1749259078,1.86200000,623.80000000,1.931
1749259078,1.86100000,307.30000000,1.931
1749259078,1.86000000,2323.20000000,1.931
1749259078,1.85900000,321.70000000,1.931
1749259078,1.85800000,1583.30000000,1.931
1749259078,1.85700000,2374.30000000,1.931
1749259078,1.85600000,151.00000000,1.931
1749259078,1.85500000,78.70000000,1.931
1749259078,1.85400000,163.10000000,1.931
1749259078,1.85300000,207.20000000,1.931
1749259078,1.85200000,353.70000000,1.931
1749259078,1.85100000,102.50000000,1.931
1749259078,1.85000000,2067.70000000,1.931
1749259078,1.84900000,120.50000000,1.931
1749259078,1.84800000,15.20000000,1.931
1749259078,1.84700000,430.40000000,1.931
1749259078,1.84500000,36.10000000,1.931
1749259078,1.84400000,10118.70000000,1.931
1749259078,1.84300000,351.60000000,1.931
1749259078,1.84200000,160.30000000,1.931
1749259078,1.84100000,38.50000000,1.931
1749259078,1.84000000,5528.00000000,1.931
1749259078,1.83900000,4.60000000,1.931
1749259078,1.83800000,115.80000000,1.931
1749259078,1.83700000,549.20000000,1.931
1749259078,1.83600000,948.70000000,1.931
1749259078,1.83500000,15.90000000,1.931
1749259078,1.83400000,99.40000000,1.931
1749259078,1.83300000,26.10000000,1.931
1749259078,1.83200000,1119.10000000,1.931
1749259078,1.83100000,38.30000000,1.931
1749259078,1.83000000,2070.10000000,1.931
1749259078,1.82800000,6.00000000,1.931
