timestamp,price,volume,current_price
1749260822,2.11100000,2023.00000000,2.112
1749260822,2.11000000,2116.40000000,2.112
1749260822,2.10900000,2241.80000000,2.112
1749260822,2.10800000,2146.90000000,2.112
1749260822,2.10700000,2004.10000000,2.112
1749260822,2.10600000,1646.80000000,2.112
1749260822,2.10500000,1817.40000000,2.112
1749260822,2.10400000,1489.20000000,2.112
1749260822,2.10300000,1429.60000000,2.112
1749260822,2.10200000,1337.50000000,2.112
1749260822,2.10100000,1801.80000000,2.112
1749260822,2.10000000,2451.40000000,2.112
1749260822,2.09900000,4228.80000000,2.112
1749260822,2.09800000,1340.20000000,2.112
1749260822,2.09700000,1298.30000000,2.112
1749260822,2.09600000,3003.00000000,2.112
1749260822,2.09500000,1364.60000000,2.112
1749260822,2.09400000,7153.00000000,2.112
1749260822,2.09300000,2473.40000000,2.112
1749260822,2.09200000,1359.50000000,2.112
1749260822,2.09100000,1502.90000000,2.112
1749260822,2.09000000,1814.30000000,2.112
1749260822,2.08900000,1769.20000000,2.112
1749260822,2.08800000,1568.20000000,2.112
1749260822,2.08700000,215.80000000,2.112
1749260822,2.08600000,1366.50000000,2.112
1749260822,2.08500000,249.10000000,2.112
1749260822,2.08400000,484.20000000,2.112
1749260822,2.08300000,15.40000000,2.112
1749260822,2.08200000,364.20000000,2.112
1749260822,2.08100000,345.80000000,2.112
1749260822,2.08000000,745.90000000,2.112
1749260822,2.07900000,870.00000000,2.112
1749260822,2.07800000,2187.50000000,2.112
1749260822,2.07700000,590.20000000,2.112
1749260822,2.07600000,367.70000000,2.112
1749260822,2.07500000,599.70000000,2.112
1749260822,2.07400000,45.00000000,2.112
1749260822,2.07300000,329.50000000,2.112
1749260822,2.07200000,42272.80000000,2.112
1749260822,2.07100000,3.00000000,2.112
1749260822,2.07000000,401.90000000,2.112
1749260822,2.06800000,85.90000000,2.112
1749260822,2.06700000,407.10000000,2.112
1749260822,2.06600000,38.80000000,2.112
1749260822,2.06500000,166.40000000,2.112
1749260822,2.06400000,2449.70000000,2.112
1749260822,2.06300000,242.30000000,2.112
1749260822,2.06200000,177.00000000,2.112
1749260822,2.06100000,774.80000000,2.112
1749260822,2.06000000,1706.70000000,2.112
1749260822,2.05800000,1015.10000000,2.112
1749260822,2.05700000,72.20000000,2.112
1749260822,2.05600000,2276.10000000,2.112
1749260822,2.05500000,82.30000000,2.112
1749260822,2.05400000,161.30000000,2.112
1749260822,2.05200000,50.00000000,2.112
1749260822,2.05100000,337.70000000,2.112
1749260822,2.05000000,232.70000000,2.112
1749260822,2.04800000,594.10000000,2.112
1749260822,2.04600000,992.90000000,2.112
1749260822,2.04500000,128.40000000,2.112
1749260822,2.04400000,405.30000000,2.112
1749260822,2.04300000,85.60000000,2.112
1749260822,2.04100000,589.00000000,2.112
1749260822,2.04000000,102.30000000,2.112
1749260822,2.03900000,3.90000000,2.112
1749260822,2.03800000,237.70000000,2.112
1749260822,2.03700000,4369.00000000,2.112
1749260822,2.03600000,2998.50000000,2.112
1749260822,2.03500000,122.00000000,2.112
1749260822,2.03400000,5140.40000000,2.112
1749260822,2.03300000,401.90000000,2.112
1749260822,2.03200000,419.20000000,2.112
1749260822,2.03100000,1146.10000000,2.112
1749260822,2.03000000,282.80000000,2.112
1749260822,2.02900000,3.40000000,2.112
1749260822,2.02800000,16.60000000,2.112
1749260822,2.02700000,1054.50000000,2.112
1749260822,2.02600000,2198.90000000,2.112
1749260822,2.02500000,1034.30000000,2.112
1749260822,2.02400000,476.80000000,2.112
1749260822,2.02300000,40.50000000,2.112
1749260822,2.02200000,17.80000000,2.112
1749260822,2.02000000,233.20000000,2.112
1749260822,2.01900000,596.30000000,2.112
1749260822,2.01800000,52.90000000,2.112
1749260822,2.01700000,57.60000000,2.112
1749260822,2.01600000,16.40000000,2.112
1749260822,2.01500000,33.70000000,2.112
1749260822,2.01400000,240.80000000,2.112
1749260822,2.01200000,4.60000000,2.112
1749260822,2.01100000,2006.40000000,2.112
1749260822,2.01000000,2836.00000000,2.112
1749260822,2.00900000,116.90000000,2.112
1749260822,2.00800000,11.20000000,2.112
1749260822,2.00700000,497.30000000,2.112
1749260822,2.00500000,20.90000000,2.112
1749260822,2.00400000,561.20000000,2.112
1749260822,2.00300000,1684.10000000,2.112
1749261143,2.13400000,1475.40000000,2.134
1749261143,2.13300000,1527.30000000,2.134
1749261143,2.13200000,1582.00000000,2.134
1749261143,2.13100000,1435.10000000,2.134
1749261143,2.13000000,1642.10000000,2.134
1749261143,2.12900000,1530.00000000,2.134
1749261143,2.12800000,1439.00000000,2.134
1749261143,2.12700000,1495.40000000,2.134
1749261143,2.12600000,1440.80000000,2.134
1749261143,2.12500000,1509.40000000,2.134
1749261143,2.12400000,1499.80000000,2.134
1749261143,2.12300000,3.60000000,2.134
1749261143,2.12200000,1853.90000000,2.134
1749261143,2.12100000,3267.60000000,2.134
1749261143,2.12000000,161.20000000,2.134
1749261143,2.11900000,962.50000000,2.134
1749261143,2.11800000,2373.70000000,2.134
1749261143,2.11700000,35640.80000000,2.134
1749261143,2.11600000,134.40000000,2.134
1749261143,2.11500000,204.80000000,2.134
1749261143,2.11400000,1021.90000000,2.134
1749261143,2.11300000,6981.00000000,2.134
1749261143,2.11200000,271.70000000,2.134
1749261143,2.11100000,2109.40000000,2.134
1749261143,2.11000000,429.00000000,2.134
1749261143,2.10900000,611.10000000,2.134
1749261143,2.10800000,111.70000000,2.134
1749261143,2.10700000,12.40000000,2.134
1749261143,2.10600000,467.90000000,2.134
1749261143,2.10500000,670.40000000,2.134
1749261143,2.10400000,476.80000000,2.134
1749261143,2.10300000,1223.80000000,2.134
1749261143,2.10200000,130.60000000,2.134
1749261143,2.10100000,35.20000000,2.134
1749261143,2.10000000,4118.40000000,2.134
1749261143,2.09900000,2501.10000000,2.134
1749261143,2.09800000,41.70000000,2.134
1749261143,2.09700000,239.00000000,2.134
1749261143,2.09600000,1278.60000000,2.134
1749261143,2.09500000,1626.60000000,2.134
1749261143,2.09400000,1035.10000000,2.134
1749261143,2.09200000,37.50000000,2.134
1749261143,2.09100000,47.40000000,2.134
1749261143,2.09000000,339.50000000,2.134
1749261143,2.08900000,240.30000000,2.134
1749261143,2.08800000,126.80000000,2.134
1749261143,2.08700000,95.00000000,2.134
1749261143,2.08600000,2237.80000000,2.134
1749261143,2.08500000,396.40000000,2.134
1749261143,2.08400000,176.20000000,2.134
1749261143,2.08300000,1188.10000000,2.134
1749261143,2.08200000,49.90000000,2.134
1749261143,2.08100000,1081.20000000,2.134
1749261143,2.08000000,310.70000000,2.134
1749261143,2.07900000,1623.80000000,2.134
1749261143,2.07800000,37.80000000,2.134
1749261143,2.07600000,63.90000000,2.134
1749261143,2.07500000,72.70000000,2.134
1749261143,2.07400000,108.00000000,2.134
1749261143,2.07300000,16.70000000,2.134
1749261143,2.07100000,182.40000000,2.134
1749261143,2.07000000,2075.20000000,2.134
1749261143,2.06900000,1005.90000000,2.134
1749261143,2.06600000,156.70000000,2.134
1749261143,2.06500000,256.10000000,2.134
1749261143,2.06400000,13.60000000,2.134
1749261143,2.06200000,6.90000000,2.134
1749261143,2.06100000,6.40000000,2.134
1749261143,2.06000000,501.90000000,2.134
1749261143,2.05900000,961.60000000,2.134
1749261143,2.05800000,13.60000000,2.134
1749261143,2.05700000,210.30000000,2.134
1749261143,2.05600000,116.90000000,2.134
1749261143,2.05500000,184.70000000,2.134
1749261143,2.05400000,4.10000000,2.134
1749261143,2.05300000,2.60000000,2.134
1749261143,2.05200000,13.70000000,2.134
1749261143,2.05100000,6.40000000,2.134
1749261143,2.05000000,191.30000000,2.134
1749261143,2.04800000,594.10000000,2.134
1749261143,2.04600000,13.70000000,2.134
1749261143,2.04500000,128.40000000,2.134
1749261143,2.04300000,1647.50000000,2.134
1749261143,2.04100000,492.00000000,2.134
1749261143,2.04000000,102.30000000,2.134
1749261143,2.03800000,485.70000000,2.134
1749261143,2.03600000,6.40000000,2.134
1749261143,2.03500000,122.00000000,2.134
1749261143,2.03400000,13.80000000,2.134
1749261143,2.03300000,589.20000000,2.134
1749261143,2.03200000,419.20000000,2.134
1749261143,2.03000000,142.60000000,2.134
1749261143,2.02900000,3.40000000,2.134
1749261143,2.02800000,335.30000000,2.134
1749261143,2.02700000,344.20000000,2.134
1749261143,2.02600000,429.70000000,2.134
1749261143,2.02500000,28.40000000,2.134
1749261143,2.02400000,64.90000000,2.134
1749261143,2.02300000,46.10000000,2.134
1749261143,2.02200000,17.80000000,2.134
1749261454,2.15400000,102.30000000,2.155
1749261454,2.15300000,715.30000000,2.155
1749261454,2.15200000,2031.00000000,2.155
1749261454,2.15100000,2087.70000000,2.155
1749261454,2.15000000,2105.40000000,2.155
1749261454,2.14900000,2273.10000000,2.155
1749261454,2.14800000,2005.60000000,2.155
1749261454,2.14700000,1419.90000000,2.155
1749261454,2.14600000,7244.30000000,2.155
1749261454,2.14500000,2062.60000000,2.155
1749261454,2.14400000,1941.60000000,2.155
1749261454,2.14300000,1831.90000000,2.155
1749261454,2.14200000,1441.70000000,2.155
1749261454,2.14100000,4867.50000000,2.155
1749261454,2.14000000,16668.90000000,2.155
1749261454,2.13900000,1577.60000000,2.155
1749261454,2.13800000,556.70000000,2.155
1749261454,2.13700000,1762.00000000,2.155
1749261454,2.13600000,121.70000000,2.155
1749261454,2.13500000,1678.00000000,2.155
1749261454,2.13400000,1501.50000000,2.155
1749261454,2.13300000,3404.80000000,2.155
1749261454,2.13200000,1396.20000000,2.155
1749261454,2.13100000,1543.00000000,2.155
1749261454,2.13000000,140.80000000,2.155
1749261454,2.12900000,170.60000000,2.155
1749261454,2.12800000,5319.70000000,2.155
1749261454,2.12700000,1127.10000000,2.155
1749261454,2.12600000,11733.50000000,2.155
1749261454,2.12500000,159.30000000,2.155
1749261454,2.12400000,37328.70000000,2.155
1749261454,2.12300000,673.50000000,2.155
1749261454,2.12200000,5665.50000000,2.155
1749261454,2.12100000,102.60000000,2.155
1749261454,2.12000000,3267.10000000,2.155
1749261454,2.11900000,23.70000000,2.155
1749261454,2.11800000,485.90000000,2.155
1749261454,2.11600000,1977.60000000,2.155
1749261454,2.11500000,25.50000000,2.155
1749261454,2.11400000,35.70000000,2.155
1749261454,2.11300000,259.50000000,2.155
1749261454,2.11200000,70.70000000,2.155
1749261454,2.11100000,1155.90000000,2.155
1749261454,2.11000000,233.60000000,2.155
1749261454,2.10900000,1119.60000000,2.155
1749261454,2.10800000,100.10000000,2.155
1749261454,2.10700000,1609.90000000,2.155
1749261454,2.10600000,51.20000000,2.155
1749261454,2.10500000,22.50000000,2.155
1749261454,2.10400000,448.40000000,2.155
1749261454,2.10200000,78.80000000,2.155
1749261454,2.10100000,82.40000000,2.155
1749261454,2.10000000,4761.70000000,2.155
1749261454,2.09900000,16.70000000,2.155
1749261454,2.09800000,44.50000000,2.155
1749261454,2.09700000,3.00000000,2.155
1749261454,2.09600000,168.70000000,2.155
1749261454,2.09500000,115.40000000,2.155
1749261454,2.09400000,1481.20000000,2.155
1749261454,2.09300000,161.70000000,2.155
1749261454,2.09200000,37.50000000,2.155
1749261454,2.09100000,1070.20000000,2.155
1749261454,2.09000000,3133.40000000,2.155
1749261454,2.08900000,4.80000000,2.155
1749261454,2.08800000,2299.50000000,2.155
1749261454,2.08700000,1029.70000000,2.155
1749261454,2.08600000,1009.20000000,2.155
1749261454,2.08500000,1690.50000000,2.155
1749261454,2.08400000,174.20000000,2.155
1749261454,2.08200000,133.90000000,2.155
1749261454,2.08100000,102.00000000,2.155
1749261454,2.08000000,844.30000000,2.155
1749261454,2.07900000,205.80000000,2.155
1749261454,2.07800000,37.80000000,2.155
1749261454,2.07600000,665.70000000,2.155
1749261454,2.07500000,70.40000000,2.155
1749261454,2.07400000,225.70000000,2.155
1749261454,2.07300000,133.90000000,2.155
1749261454,2.07200000,145.00000000,2.155
1749261454,2.07100000,25.50000000,2.155
1749261454,2.07000000,108.30000000,2.155
1749261454,2.06900000,95.70000000,2.155
1749261454,2.06800000,57.50000000,2.155
1749261454,2.06700000,191.60000000,2.155
1749261454,2.06600000,35.70000000,2.155
1749261454,2.06500000,118.40000000,2.155
1749261454,2.06400000,51.30000000,2.155
1749261454,2.06200000,1205.70000000,2.155
1749261454,2.06100000,4418.70000000,2.155
1749261454,2.06000000,2273.00000000,2.155
1749261454,2.05800000,13.60000000,2.155
1749261454,2.05500000,82.30000000,2.155
1749261454,2.05400000,4.10000000,2.155
1749261454,2.05300000,2.60000000,2.155
1749261454,2.05200000,13.70000000,2.155
1749261454,2.05100000,6.40000000,2.155
1749261454,2.05000000,191.30000000,2.155
1749261454,2.04800000,23.80000000,2.155
1749261454,2.04600000,329.60000000,2.155
1749261454,2.04500000,128.40000000,2.155
1749261770,2.05400000,2318.30000000,2.049
1749261770,2.05300000,2443.80000000,2.049
1749261770,2.05200000,2160.10000000,2.049
1749261770,2.05100000,2256.50000000,2.049
1749261770,2.05000000,2332.00000000,2.049
1749261770,2.04900000,2233.90000000,2.049
1749261770,2.04800000,1460.20000000,2.049
1749261770,2.04700000,1489.10000000,2.049
1749261770,2.04600000,1483.40000000,2.049
1749261770,2.04500000,3520.90000000,2.049
1749261770,2.04400000,886.40000000,2.049
1749261770,2.04300000,1495.30000000,2.049
1749261770,2.04200000,1740.60000000,2.049
1749261770,2.04100000,2975.50000000,2.049
1749261770,2.04000000,3107.20000000,2.049
1749261770,2.03900000,582.00000000,2.049
1749261770,2.03800000,6798.10000000,2.049
1749261770,2.03700000,501.20000000,2.049
1749261770,2.03600000,1449.80000000,2.049
1749261770,2.03500000,1753.20000000,2.049
1749261770,2.03400000,733.90000000,2.049
1749261770,2.03300000,117.90000000,2.049
1749261770,2.03200000,1334.80000000,2.049
1749261770,2.03100000,20236.50000000,2.049
1749261770,2.03000000,1371.30000000,2.049
1749261770,2.02900000,543.40000000,2.049
1749261770,2.02800000,183.80000000,2.049
1749261770,2.02700000,99.00000000,2.049
1749261770,2.02600000,1371.00000000,2.049
1749261770,2.02500000,312.80000000,2.049
1749261770,2.02400000,22792.00000000,2.049
1749261770,2.02300000,777.40000000,2.049
1749261770,2.02200000,2023.20000000,2.049
1749261770,2.02100000,1903.20000000,2.049
1749261770,2.02000000,867.40000000,2.049
1749261770,2.01900000,3.00000000,2.049
1749261770,2.01800000,40.20000000,2.049
1749261770,2.01700000,1386.50000000,2.049
1749261770,2.01600000,873.80000000,2.049
1749261770,2.01500000,13.00000000,2.049
1749261770,2.01400000,465.80000000,2.049
1749261770,2.01300000,219.70000000,2.049
1749261770,2.01200000,369.20000000,2.049
1749261770,2.01100000,7472.20000000,2.049
1749261770,2.01000000,2078.20000000,2.049
1749261770,2.00900000,116.90000000,2.049
1749261770,2.00800000,52.10000000,2.049
1749261770,2.00700000,1787.70000000,2.049
1749261770,2.00600000,1226.40000000,2.049
1749261770,2.00500000,49.30000000,2.049
1749261770,2.00400000,239.40000000,2.049
1749261770,2.00300000,13.30000000,2.049
1749261770,2.00200000,922.80000000,2.049
1749261770,2.00100000,10559.10000000,2.049
1749261770,2.00000000,5278.00000000,2.049
1749261770,1.99900000,116.70000000,2.049
1749261770,1.99800000,1276.20000000,2.049
1749261770,1.99700000,244.40000000,2.049
1749261770,1.99600000,2003.40000000,2.049
1749261770,1.99500000,428.90000000,2.049
1749261770,1.99400000,35.20000000,2.049
1749261770,1.99300000,273.90000000,2.049
1749261770,1.99200000,23.70000000,2.049
1749261770,1.99100000,452.00000000,2.049
1749261770,1.99000000,275.60000000,2.049
1749261770,1.98900000,98.10000000,2.049
1749261770,1.98700000,1005.90000000,2.049
1749261770,1.98600000,9.40000000,2.049
1749261770,1.98500000,6313.30000000,2.049
1749261770,1.98100000,10.00000000,2.049
1749261770,1.98000000,773.70000000,2.049
1749261770,1.97900000,2011.10000000,2.049
1749261770,1.97800000,39.30000000,2.049
1749261770,1.97600000,8.60000000,2.049
1749261770,1.97500000,382.50000000,2.049
1749261770,1.97400000,203.30000000,2.049
1749261770,1.97300000,10.90000000,2.049
1749261770,1.97100000,2677.80000000,2.049
1749261770,1.97000000,379.70000000,2.049
1749261770,1.96700000,11.40000000,2.049
1749261770,1.96600000,11.20000000,2.049
1749261770,1.96500000,243.10000000,2.049
1749261770,1.96400000,3.90000000,2.049
1749261770,1.96300000,35.20000000,2.049
1749261770,1.96200000,273.50000000,2.049
1749261770,1.96100000,23.80000000,2.049
1749261770,1.96000000,5.10000000,2.049
1749261770,1.95900000,3756.00000000,2.049
1749261770,1.95800000,224.50000000,2.049
1749261770,1.95700000,508.90000000,2.049
1749261770,1.95600000,13.40000000,2.049
1749261770,1.95500000,36.90000000,2.049
1749261770,1.95400000,4.20000000,2.049
1749261770,1.95300000,3.10000000,2.049
1749261770,1.95200000,940.60000000,2.049
1749261770,1.95100000,4.10000000,2.049
1749261770,1.95000000,2825.90000000,2.049
1749261770,1.94900000,38.40000000,2.049
1749261770,1.94800000,35.20000000,2.049
1749261770,1.94700000,32.20000000,2.049
1749262074,2.06800000,140.50000000,2.067
1749262074,2.06700000,2413.80000000,2.067
1749262074,2.06600000,9910.10000000,2.067
1749262074,2.06500000,1331.80000000,2.067
1749262074,2.06400000,1339.50000000,2.067
1749262074,2.06300000,1303.60000000,2.067
1749262074,2.06200000,1916.50000000,2.067
1749262074,2.06100000,1576.30000000,2.067
1749262074,2.06000000,1631.90000000,2.067
1749262074,2.05900000,1300.90000000,2.067
1749262074,2.05800000,4700.50000000,2.067
1749262074,2.05700000,1304.00000000,2.067
1749262074,2.05600000,1350.20000000,2.067
1749262074,2.05500000,1680.10000000,2.067
1749262074,2.05400000,1432.20000000,2.067
1749262074,2.05300000,1345.60000000,2.067
1749262074,2.05200000,1423.60000000,2.067
1749262074,2.05100000,105.30000000,2.067
1749262074,2.05000000,1686.70000000,2.067
1749262074,2.04900000,1646.80000000,2.067
1749262074,2.04800000,4921.90000000,2.067
1749262074,2.04700000,391.30000000,2.067
1749262074,2.04600000,87.60000000,2.067
1749262074,2.04500000,106.90000000,2.067
1749262074,2.04400000,90.40000000,2.067
1749262074,2.04300000,174.90000000,2.067
1749262074,2.04200000,209.00000000,2.067
1749262074,2.04100000,226.10000000,2.067
1749262074,2.04000000,353.90000000,2.067
1749262074,2.03900000,709.30000000,2.067
1749262074,2.03800000,368.30000000,2.067
1749262074,2.03700000,744.10000000,2.067
1749262074,2.03600000,44226.40000000,2.067
1749262074,2.03500000,426.60000000,2.067
1749262074,2.03400000,1140.00000000,2.067
1749262074,2.03200000,550.00000000,2.067
1749262074,2.03100000,71.50000000,2.067
1749262074,2.03000000,602.70000000,2.067
1749262074,2.02900000,477.60000000,2.067
1749262074,2.02800000,225.40000000,2.067
1749262074,2.02700000,405.30000000,2.067
1749262074,2.02600000,365.30000000,2.067
1749262074,2.02500000,115.20000000,2.067
1749262074,2.02400000,3472.90000000,2.067
1749262074,2.02300000,164.20000000,2.067
1749262074,2.02200000,6822.50000000,2.067
1749262074,2.02100000,15641.80000000,2.067
1749262074,2.02000000,1740.10000000,2.067
1749262074,2.01900000,9074.30000000,2.067
1749262074,2.01800000,285.00000000,2.067
1749262074,2.01700000,1031.70000000,2.067
1749262074,2.01600000,214.70000000,2.067
1749262074,2.01500000,611.70000000,2.067
1749262074,2.01400000,273.50000000,2.067
1749262074,2.01200000,939.00000000,2.067
1749262074,2.01100000,1662.00000000,2.067
1749262074,2.01000000,3806.90000000,2.067
1749262074,2.00900000,116.90000000,2.067
1749262074,2.00800000,11.20000000,2.067
1749262074,2.00700000,36.60000000,2.067
1749262074,2.00600000,98.80000000,2.067
1749262074,2.00500000,1447.00000000,2.067
1749262074,2.00400000,98.10000000,2.067
1749262074,2.00300000,13.30000000,2.067
1749262074,2.00200000,1740.60000000,2.067
1749262074,2.00100000,750.10000000,2.067
1749262074,2.00000000,12656.70000000,2.067
1749262074,1.99900000,228.20000000,2.067
1749262074,1.99800000,37.50000000,2.067
1749262074,1.99700000,998.30000000,2.067
1749262074,1.99500000,35.10000000,2.067
1749262074,1.99400000,35.20000000,2.067
1749262074,1.99300000,325.80000000,2.067
1749262074,1.99200000,348.70000000,2.067
1749262074,1.99100000,452.00000000,2.067
1749262074,1.99000000,228.10000000,2.067
1749262074,1.98900000,214.00000000,2.067
1749262074,1.98700000,996.40000000,2.067
1749262074,1.98600000,9.40000000,2.067
1749262074,1.98500000,4318.30000000,2.067
1749262074,1.98200000,60.20000000,2.067
1749262074,1.98100000,1128.40000000,2.067
1749262074,1.98000000,710.20000000,2.067
1749262074,1.97900000,3029.30000000,2.067
1749262074,1.97800000,39.30000000,2.067
1749262074,1.97700000,1702.50000000,2.067
1749262074,1.97600000,8.60000000,2.067
1749262074,1.97500000,382.50000000,2.067
1749262074,1.97400000,102.00000000,2.067
1749262074,1.97300000,136.30000000,2.067
1749262074,1.97200000,506.20000000,2.067
1749262074,1.97100000,456.60000000,2.067
1749262074,1.97000000,4547.10000000,2.067
1749262074,1.96700000,11.40000000,2.067
1749262074,1.96600000,655.00000000,2.067
1749262074,1.96500000,2230.90000000,2.067
1749262074,1.96400000,3.90000000,2.067
1749262074,1.96300000,35.20000000,2.067
1749262074,1.96200000,6.40000000,2.067
1749262074,1.96100000,353.40000000,2.067
1749262379,2.06800000,187.40000000,2.067
1749262379,2.06700000,227.30000000,2.067
1749262379,2.06600000,346.50000000,2.067
1749262379,2.06500000,287.20000000,2.067
1749262379,2.06400000,36.20000000,2.067
1749262379,2.06300000,1682.00000000,2.067
1749262379,2.06200000,6142.60000000,2.067
1749262379,2.06100000,80.20000000,2.067
1749262379,2.06000000,9984.50000000,2.067
1749262379,2.05900000,54.40000000,2.067
1749262379,2.05800000,329.30000000,2.067
1749262379,2.05600000,274.20000000,2.067
1749262379,2.05500000,3311.90000000,2.067
1749262379,2.05400000,85.00000000,2.067
1749262379,2.05300000,109.80000000,2.067
1749262379,2.05200000,191.70000000,2.067
1749262379,2.05100000,154.50000000,2.067
1749262379,2.05000000,838.90000000,2.067
1749262379,2.04900000,51.10000000,2.067
1749262379,2.04800000,423.10000000,2.067
1749262379,2.04700000,54.80000000,2.067
1749262379,2.04600000,93.10000000,2.067
1749262379,2.04500000,256.40000000,2.067
1749262379,2.04400000,202.50000000,2.067
1749262379,2.04300000,1659.10000000,2.067
1749262379,2.04200000,235.40000000,2.067
1749262379,2.04100000,672.60000000,2.067
1749262379,2.04000000,263.30000000,2.067
1749262379,2.03900000,284.20000000,2.067
1749262379,2.03800000,407.00000000,2.067
1749262379,2.03700000,144.20000000,2.067
1749262379,2.03600000,18214.50000000,2.067
1749262379,2.03500000,1564.60000000,2.067
1749262379,2.03400000,3109.70000000,2.067
1749262379,2.03300000,22795.60000000,2.067
1749262379,2.03200000,77.80000000,2.067
1749262379,2.03100000,171.30000000,2.067
1749262379,2.03000000,1824.60000000,2.067
1749262379,2.02900000,540.40000000,2.067
1749262379,2.02800000,804.50000000,2.067
1749262379,2.02700000,49.10000000,2.067
1749262379,2.02600000,703.50000000,2.067
1749262379,2.02500000,301.30000000,2.067
1749262379,2.02400000,2450.80000000,2.067
1749262379,2.02300000,163.10000000,2.067
1749262379,2.02200000,5689.10000000,2.067
1749262379,2.02100000,1086.70000000,2.067
1749262379,2.02000000,408.30000000,2.067
1749262379,2.01900000,8632.00000000,2.067
1749262379,2.01800000,248.90000000,2.067
1749262379,2.01700000,309.40000000,2.067
1749262379,2.01600000,881.00000000,2.067
1749262379,2.01500000,109.40000000,2.067
1749262379,2.01400000,44.60000000,2.067
1749262379,2.01300000,977.60000000,2.067
1749262379,2.01200000,883.70000000,2.067
1749262379,2.01100000,1743.10000000,2.067
1749262379,2.01000000,507.60000000,2.067
1749262379,2.00900000,1792.30000000,2.067
1749262379,2.00800000,55.80000000,2.067
1749262379,2.00700000,224.80000000,2.067
1749262379,2.00600000,246.70000000,2.067
1749262379,2.00500000,180.60000000,2.067
1749262379,2.00400000,98.10000000,2.067
1749262379,2.00300000,81.00000000,2.067
1749262379,2.00200000,9.90000000,2.067
1749262379,2.00100000,245.50000000,2.067
1749262379,2.00000000,2600.50000000,2.067
1749262379,1.99900000,103.40000000,2.067
1749262379,1.99800000,37.50000000,2.067
1749262379,1.99700000,6.90000000,2.067
1749262379,1.99600000,3.00000000,2.067
1749262379,1.99500000,363.90000000,2.067
1749262379,1.99400000,1276.40000000,2.067
1749262379,1.99300000,6.90000000,2.067
1749262379,1.99200000,23.70000000,2.067
1749262379,1.99100000,678.00000000,2.067
1749262379,1.99000000,992.70000000,2.067
1749262379,1.98900000,1229.50000000,2.067
1749262379,1.98800000,12096.90000000,2.067
1749262379,1.98700000,126.50000000,2.067
1749262379,1.98600000,454.00000000,2.067
1749262379,1.98500000,1071.10000000,2.067
1749262379,1.98400000,1149.40000000,2.067
1749262379,1.98300000,309.80000000,2.067
1749262379,1.98100000,10.00000000,2.067
1749262379,1.98000000,829.50000000,2.067
1749262379,1.97900000,127.90000000,2.067
1749262379,1.97800000,39.30000000,2.067
1749262379,1.97600000,2012.00000000,2.067
1749262379,1.97500000,2.80000000,2.067
1749262379,1.97400000,399.90000000,2.067
1749262379,1.97300000,10.90000000,2.067
1749262379,1.97100000,1462.50000000,2.067
1749262379,1.97000000,4547.10000000,2.067
1749262379,1.96700000,11.40000000,2.067
1749262379,1.96600000,655.00000000,2.067
1749262379,1.96500000,2.90000000,2.067
1749262379,1.96400000,3.90000000,2.067
1749262379,1.96300000,1749.90000000,2.067
1749262681,2.05500000,982.20000000,2.055
1749262681,2.05400000,30.70000000,2.055
1749262681,2.05300000,2.70000000,2.055
1749262681,2.05200000,53.40000000,2.055
1749262681,2.05100000,111.20000000,2.055
1749262681,2.05000000,376.70000000,2.055
1749262681,2.04900000,33.40000000,2.055
1749262681,2.04800000,156.20000000,2.055
1749262681,2.04700000,231.00000000,2.055
1749262681,2.04600000,185.00000000,2.055
1749262681,2.04500000,227.30000000,2.055
1749262681,2.04400000,98.90000000,2.055
1749262681,2.04300000,529.10000000,2.055
1749262681,2.04200000,2644.20000000,2.055
1749262681,2.04100000,30.60000000,2.055
1749262681,2.04000000,74.50000000,2.055
1749262681,2.03900000,3441.00000000,2.055
1749262681,2.03800000,79.70000000,2.055
1749262681,2.03700000,210.60000000,2.055
1749262681,2.03600000,1772.20000000,2.055
1749262681,2.03500000,276.20000000,2.055
1749262681,2.03400000,78.30000000,2.055
1749262681,2.03300000,80.40000000,2.055
1749262681,2.03200000,442.70000000,2.055
1749262681,2.03100000,86.40000000,2.055
1749262681,2.03000000,1513.20000000,2.055
1749262681,2.02900000,40447.70000000,2.055
1749262681,2.02800000,2165.30000000,2.055
1749262681,2.02700000,74.10000000,2.055
1749262681,2.02600000,322.10000000,2.055
1749262681,2.02500000,819.00000000,2.055
1749262681,2.02400000,126.90000000,2.055
1749262681,2.02300000,240.20000000,2.055
1749262681,2.02200000,5081.80000000,2.055
1749262681,2.02100000,176.00000000,2.055
1749262681,2.02000000,286.90000000,2.055
1749262681,2.01900000,8145.20000000,2.055
1749262681,2.01800000,651.50000000,2.055
1749262681,2.01700000,2092.10000000,2.055
1749262681,2.01600000,234.90000000,2.055
1749262681,2.01500000,497.90000000,2.055
1749262681,2.01400000,845.30000000,2.055
1749262681,2.01300000,98.10000000,2.055
1749262681,2.01200000,56.30000000,2.055
1749262681,2.01100000,1748.50000000,2.055
1749262681,2.01000000,520.80000000,2.055
1749262681,2.00900000,589.20000000,2.055
1749262681,2.00800000,369.80000000,2.055
1749262681,2.00700000,1023.10000000,2.055
1749262681,2.00600000,391.00000000,2.055
1749262681,2.00500000,1821.50000000,2.055
1749262681,2.00400000,1710.50000000,2.055
1749262681,2.00300000,1893.50000000,2.055
1749262681,2.00200000,14.90000000,2.055
1749262681,2.00100000,146.50000000,2.055
1749262681,2.00000000,2940.80000000,2.055
1749262681,1.99900000,484.70000000,2.055
1749262681,1.99800000,467.90000000,2.055
1749262681,1.99700000,1709.30000000,2.055
1749262681,1.99600000,247.90000000,2.055
1749262681,1.99500000,363.90000000,2.055
1749262681,1.99400000,35.20000000,2.055
1749262681,1.99300000,6.90000000,2.055
1749262681,1.99200000,23.70000000,2.055
1749262681,1.99100000,452.00000000,2.055
1749262681,1.99000000,184.20000000,2.055
1749262681,1.98900000,408.30000000,2.055
1749262681,1.98800000,1244.90000000,2.055
1749262681,1.98600000,567.10000000,2.055
1749262681,1.98500000,1071.10000000,2.055
1749262681,1.98100000,60.30000000,2.055
1749262681,1.98000000,1840.60000000,2.055
1749262681,1.97900000,346.90000000,2.055
1749262681,1.97800000,152.90000000,2.055
1749262681,1.97700000,100.10000000,2.055
1749262681,1.97600000,8.60000000,2.055
1749262681,1.97500000,2.80000000,2.055
1749262681,1.97400000,300.90000000,2.055
1749262681,1.97300000,1165.80000000,2.055
1749262681,1.97200000,2223.10000000,2.055
1749262681,1.97100000,1242.80000000,2.055
1749262681,1.97000000,5066.00000000,2.055
1749262681,1.96900000,979.20000000,2.055
1749262681,1.96700000,11.40000000,2.055
1749262681,1.96600000,655.00000000,2.055
1749262681,1.96500000,2304.40000000,2.055
1749262681,1.96400000,1070.60000000,2.055
1749262681,1.96300000,1749.90000000,2.055
1749262681,1.96200000,6.40000000,2.055
1749262681,1.96100000,23.80000000,2.055
1749262681,1.96000000,5.10000000,2.055
1749262681,1.95900000,4577.90000000,2.055
1749262681,1.95800000,98.10000000,2.055
1749262681,1.95600000,17.40000000,2.055
1749262681,1.95500000,36.10000000,2.055
1749262681,1.95400000,4.20000000,2.055
1749262681,1.95200000,256.10000000,2.055
1749262681,1.95100000,130.90000000,2.055
1749262681,1.95000000,3589.10000000,2.055
1749262681,1.94900000,38.40000000,2.055
1749262985,2.08300000,174.00000000,2.085
1749262985,2.08200000,53.60000000,2.085
1749262985,2.08100000,293.50000000,2.085
1749262985,2.08000000,132.40000000,2.085
1749262985,2.07900000,169.00000000,2.085
1749262985,2.07800000,547.40000000,2.085
1749262985,2.07700000,1148.60000000,2.085
1749262985,2.07600000,179.70000000,2.085
1749262985,2.07500000,1259.80000000,2.085
1749262985,2.07400000,81.40000000,2.085
1749262985,2.07300000,2.70000000,2.085
1749262985,2.07200000,35.60000000,2.085
1749262985,2.07100000,53.50000000,2.085
1749262985,2.07000000,171.60000000,2.085
1749262985,2.06900000,2064.50000000,2.085
1749262985,2.06800000,3292.50000000,2.085
1749262985,2.06700000,828.20000000,2.085
1749262985,2.06600000,34.80000000,2.085
1749262985,2.06500000,104.90000000,2.085
1749262985,2.06400000,33.40000000,2.085
1749262985,2.06300000,52.90000000,2.085
1749262985,2.06200000,823.00000000,2.085
1749262985,2.06100000,2003.00000000,2.085
1749262985,2.06000000,136.00000000,2.085
1749262985,2.05900000,9851.10000000,2.085
1749262985,2.05800000,17894.40000000,2.085
1749262985,2.05700000,48.00000000,2.085
1749262985,2.05600000,195.30000000,2.085
1749262985,2.05500000,14596.00000000,2.085
1749262985,2.05400000,33.20000000,2.085
1749262985,2.05300000,60.00000000,2.085
1749262985,2.05200000,516.60000000,2.085
1749262985,2.05100000,51.90000000,2.085
1749262985,2.05000000,1266.40000000,2.085
1749262985,2.04900000,538.80000000,2.085
1749262985,2.04800000,1050.90000000,2.085
1749262985,2.04700000,48.10000000,2.085
1749262985,2.04600000,43.00000000,2.085
1749262985,2.04500000,71.00000000,2.085
1749262985,2.04400000,1396.90000000,2.085
1749262985,2.04300000,2201.70000000,2.085
1749262985,2.04200000,98.40000000,2.085
1749262985,2.04100000,262.70000000,2.085
1749262985,2.04000000,173.60000000,2.085
1749262985,2.03900000,2073.80000000,2.085
1749262985,2.03800000,809.80000000,2.085
1749262985,2.03700000,465.00000000,2.085
1749262985,2.03600000,139.80000000,2.085
1749262985,2.03500000,150.60000000,2.085
1749262985,2.03400000,33.50000000,2.085
1749262985,2.03300000,106.90000000,2.085
1749262985,2.03200000,1149.90000000,2.085
1749262985,2.03100000,164.20000000,2.085
1749262985,2.03000000,1529.40000000,2.085
1749262985,2.02900000,67.00000000,2.085
1749262985,2.02800000,210.70000000,2.085
1749262985,2.02700000,293.10000000,2.085
1749262985,2.02600000,710.50000000,2.085
1749262985,2.02500000,129.80000000,2.085
1749262985,2.02400000,1814.50000000,2.085
1749262985,2.02300000,45.50000000,2.085
1749262985,2.02200000,5547.10000000,2.085
1749262985,2.02100000,241.20000000,2.085
1749262985,2.02000000,456.40000000,2.085
1749262985,2.01900000,10253.80000000,2.085
1749262985,2.01800000,397.70000000,2.085
1749262985,2.01700000,1066.10000000,2.085
1749262985,2.01600000,290.50000000,2.085
1749262985,2.01500000,31.40000000,2.085
1749262985,2.01400000,792.30000000,2.085
1749262985,2.01200000,4.60000000,2.085
1749262985,2.01100000,1925.30000000,2.085
1749262985,2.01000000,195.50000000,2.085
1749262985,2.00900000,569.10000000,2.085
1749262985,2.00800000,11.20000000,2.085
1749262985,2.00700000,36.60000000,2.085
1749262985,2.00600000,98.80000000,2.085
1749262985,2.00500000,984.70000000,2.085
1749262985,2.00400000,209.30000000,2.085
1749262985,2.00300000,79.20000000,2.085
1749262985,2.00200000,9.90000000,2.085
1749262985,2.00000000,3936.40000000,2.085
1749262985,1.99900000,16.70000000,2.085
1749262985,1.99800000,37.50000000,2.085
1749262985,1.99700000,1692.40000000,2.085
1749262985,1.99500000,363.90000000,2.085
1749262985,1.99400000,35.20000000,2.085
1749262985,1.99300000,6.90000000,2.085
1749262985,1.99200000,23.70000000,2.085
1749262985,1.99100000,452.00000000,2.085
1749262985,1.99000000,163.60000000,2.085
1749262985,1.98900000,119.50000000,2.085
1749262985,1.98600000,27.40000000,2.085
1749262985,1.98500000,1071.10000000,2.085
1749262985,1.98300000,142.00000000,2.085
1749262985,1.98200000,198.10000000,2.085
1749262985,1.98100000,922.60000000,2.085
1749262985,1.98000000,11567.00000000,2.085
1749262985,1.97900000,745.60000000,2.085
1749262985,1.97800000,1551.00000000,2.085
1749263298,2.06800000,39.40000000,2.068
1749263298,2.06600000,349.60000000,2.068
1749263298,2.06500000,283.60000000,2.068
1749263298,2.06400000,381.00000000,2.068
1749263298,2.06300000,154.40000000,2.068
1749263298,2.06200000,191.10000000,2.068
1749263298,2.06100000,508.20000000,2.068
1749263298,2.06000000,476.20000000,2.068
1749263298,2.05900000,584.40000000,2.068
1749263298,2.05800000,512.40000000,2.068
1749263298,2.05700000,5087.30000000,2.068
1749263298,2.05600000,1306.70000000,2.068
1749263298,2.05500000,3667.00000000,2.068
1749263298,2.05400000,89.20000000,2.068
1749263298,2.05300000,177.90000000,2.068
1749263298,2.05200000,149.20000000,2.068
1749263298,2.05100000,7990.40000000,2.068
1749263298,2.05000000,2108.90000000,2.068
1749263298,2.04900000,1690.90000000,2.068
1749263298,2.04800000,236.60000000,2.068
1749263298,2.04700000,148.60000000,2.068
1749263298,2.04600000,17898.90000000,2.068
1749263298,2.04500000,9859.50000000,2.068
1749263298,2.04400000,133.70000000,2.068
1749263298,2.04300000,48.50000000,2.068
1749263298,2.04200000,120.40000000,2.068
1749263298,2.04100000,6821.00000000,2.068
1749263298,2.04000000,131.50000000,2.068
1749263298,2.03900000,655.30000000,2.068
1749263298,2.03800000,330.80000000,2.068
1749263298,2.03700000,3.60000000,2.068
1749263298,2.03600000,262.90000000,2.068
1749263298,2.03500000,345.00000000,2.068
1749263298,2.03400000,169.00000000,2.068
1749263298,2.03300000,1966.20000000,2.068
1749263298,2.03200000,44.20000000,2.068
1749263298,2.03100000,58.30000000,2.068
1749263298,2.03000000,1781.10000000,2.068
1749263298,2.02900000,15.50000000,2.068
1749263298,2.02800000,1824.00000000,2.068
1749263298,2.02700000,108.40000000,2.068
1749263298,2.02600000,700.30000000,2.068
1749263298,2.02500000,17.40000000,2.068
1749263298,2.02400000,199.90000000,2.068
1749263298,2.02300000,120.80000000,2.068
1749263298,2.02200000,1674.60000000,2.068
1749263298,2.02100000,19087.90000000,2.068
1749263298,2.02000000,2738.30000000,2.068
1749263298,2.01900000,569.50000000,2.068
1749263298,2.01800000,363.40000000,2.068
1749263298,2.01700000,283.00000000,2.068
1749263298,2.01600000,289.50000000,2.068
1749263298,2.01500000,260.60000000,2.068
1749263298,2.01400000,807.60000000,2.068
1749263298,2.01300000,118.00000000,2.068
1749263298,2.01200000,43.70000000,2.068
1749263298,2.01100000,2482.60000000,2.068
1749263298,2.01000000,711.20000000,2.068
1749263298,2.00900000,835.20000000,2.068
1749263298,2.00800000,1019.70000000,2.068
1749263298,2.00700000,222.90000000,2.068
1749263298,2.00600000,10573.80000000,2.068
1749263298,2.00500000,984.70000000,2.068
1749263298,2.00400000,733.60000000,2.068
1749263298,2.00300000,13.30000000,2.068
1749263298,2.00200000,264.00000000,2.068
1749263298,2.00100000,1700.00000000,2.068
1749263298,2.00000000,1928.10000000,2.068
1749263298,1.99900000,66.20000000,2.068
1749263298,1.99800000,58.40000000,2.068
1749263298,1.99700000,2.90000000,2.068
1749263298,1.99600000,111.60000000,2.068
1749263298,1.99500000,464.00000000,2.068
1749263298,1.99400000,122.10000000,2.068
1749263298,1.99300000,6.90000000,2.068
1749263298,1.99200000,23.70000000,2.068
1749263298,1.99100000,452.00000000,2.068
1749263298,1.99000000,263.10000000,2.068
1749263298,1.98900000,1314.00000000,2.068
1749263298,1.98800000,1006.00000000,2.068
1749263298,1.98600000,597.50000000,2.068
1749263298,1.98500000,1071.10000000,2.068
1749263298,1.98400000,663.90000000,2.068
1749263298,1.98100000,637.40000000,2.068
1749263298,1.98000000,1772.80000000,2.068
1749263298,1.97900000,1829.60000000,2.068
1749263298,1.97800000,181.90000000,2.068
1749263298,1.97600000,2625.50000000,2.068
1749263298,1.97500000,1009.90000000,2.068
1749263298,1.97400000,102.00000000,2.068
1749263298,1.97300000,10.90000000,2.068
1749263298,1.97100000,576.40000000,2.068
1749263298,1.97000000,4877.40000000,2.068
1749263298,1.96700000,11.40000000,2.068
1749263298,1.96600000,655.00000000,2.068
1749263298,1.96500000,2.90000000,2.068
1749263298,1.96400000,3.90000000,2.068
1749263298,1.96300000,161.20000000,2.068
1749263298,1.96200000,6.40000000,2.068
1749263298,1.96100000,23.80000000,2.068
1749263600,2.06900000,165.20000000,2.072
1749263600,2.06800000,865.50000000,2.072
1749263600,2.06700000,1447.40000000,2.072
1749263600,2.06600000,1661.10000000,2.072
1749263600,2.06500000,1638.50000000,2.072
1749263600,2.06400000,1537.40000000,2.072
1749263600,2.06300000,1525.40000000,2.072
1749263600,2.06200000,1540.90000000,2.072
1749263600,2.06100000,1420.40000000,2.072
1749263600,2.06000000,1454.20000000,2.072
1749263600,2.05900000,1341.60000000,2.072
1749263600,2.05800000,1481.50000000,2.072
1749263600,2.05700000,1314.50000000,2.072
1749263600,2.05600000,1375.10000000,2.072
1749263600,2.05500000,1772.90000000,2.072
1749263600,2.05400000,1348.10000000,2.072
1749263600,2.05300000,2501.20000000,2.072
1749263600,2.05200000,468.00000000,2.072
1749263600,2.05100000,6833.50000000,2.072
1749263600,2.05000000,1058.60000000,2.072
1749263600,2.04900000,63.00000000,2.072
1749263600,2.04800000,133.00000000,2.072
1749263600,2.04600000,7966.30000000,2.072
1749263600,2.04500000,1596.60000000,2.072
1749263600,2.04400000,741.50000000,2.072
1749263600,2.04300000,5142.80000000,2.072
1749263600,2.04200000,10048.50000000,2.072
1749263600,2.04100000,19809.50000000,2.072
1749263600,2.04000000,83.40000000,2.072
1749263600,2.03900000,2476.70000000,2.072
1749263600,2.03800000,40.00000000,2.072
1749263600,2.03700000,15.70000000,2.072
1749263600,2.03600000,349.00000000,2.072
1749263600,2.03500000,659.90000000,2.072
1749263600,2.03400000,1016.70000000,2.072
1749263600,2.03300000,186.50000000,2.072
1749263600,2.03200000,259.50000000,2.072
1749263600,2.03100000,2089.90000000,2.072
1749263600,2.03000000,2800.00000000,2.072
1749263600,2.02900000,1451.50000000,2.072
1749263600,2.02800000,232.70000000,2.072
1749263600,2.02700000,732.60000000,2.072
1749263600,2.02600000,2675.50000000,2.072
1749263600,2.02500000,63.40000000,2.072
1749263600,2.02400000,837.40000000,2.072
1749263600,2.02300000,40.50000000,2.072
1749263600,2.02200000,1520.70000000,2.072
1749263600,2.02100000,15598.50000000,2.072
1749263600,2.02000000,2718.60000000,2.072
1749263600,2.01900000,528.00000000,2.072
1749263600,2.01800000,39.90000000,2.072
1749263600,2.01700000,1905.90000000,2.072
1749263600,2.01600000,1614.20000000,2.072
1749263600,2.01500000,196.70000000,2.072
1749263600,2.01400000,43.30000000,2.072
1749263600,2.01200000,46.50000000,2.072
1749263600,2.01100000,1498.10000000,2.072
1749263600,2.01000000,55.00000000,2.072
1749263600,2.00900000,119.90000000,2.072
1749263600,2.00800000,51.30000000,2.072
1749263600,2.00700000,36.60000000,2.072
1749263600,2.00600000,41.20000000,2.072
1749263600,2.00500000,292.40000000,2.072
1749263600,2.00400000,197.80000000,2.072
1749263600,2.00300000,62.70000000,2.072
1749263600,2.00200000,264.00000000,2.072
1749263600,2.00100000,3.90000000,2.072
1749263600,2.00000000,2197.70000000,2.072
1749263600,1.99900000,16.70000000,2.072
1749263600,1.99800000,58.40000000,2.072
1749263600,1.99700000,2.90000000,2.072
1749263600,1.99600000,1686.30000000,2.072
1749263600,1.99500000,134.40000000,2.072
1749263600,1.99400000,370.20000000,2.072
1749263600,1.99300000,119.60000000,2.072
1749263600,1.99200000,220.80000000,2.072
1749263600,1.99100000,1597.70000000,2.072
1749263600,1.99000000,821.40000000,2.072
1749263600,1.98900000,1114.90000000,2.072
1749263600,1.98800000,1006.00000000,2.072
1749263600,1.98600000,670.50000000,2.072
1749263600,1.98500000,2162.20000000,2.072
1749263600,1.98400000,60.20000000,2.072
1749263600,1.98300000,604.00000000,2.072
1749263600,1.98100000,1988.50000000,2.072
1749263600,1.98000000,3284.90000000,2.072
1749263600,1.97900000,15.30000000,2.072
1749263600,1.97800000,39.30000000,2.072
1749263600,1.97600000,139.80000000,2.072
1749263600,1.97500000,2.80000000,2.072
1749263600,1.97400000,102.00000000,2.072
1749263600,1.97300000,10.90000000,2.072
1749263600,1.97200000,444.20000000,2.072
1749263600,1.97100000,1187.90000000,2.072
1749263600,1.97000000,10024.40000000,2.072
1749263600,1.96700000,468.50000000,2.072
1749263600,1.96600000,655.00000000,2.072
1749263600,1.96500000,2.90000000,2.072
1749263600,1.96400000,512.10000000,2.072
1749263600,1.96300000,35.20000000,2.072
1749263901,2.05800000,71.60000000,2.059
1749263901,2.05700000,2213.30000000,2.059
1749263901,2.05600000,2172.60000000,2.059
1749263901,2.05500000,1856.60000000,2.059
1749263901,2.05400000,2235.30000000,2.059
1749263901,2.05300000,1719.80000000,2.059
1749263901,2.05200000,1469.80000000,2.059
1749263901,2.05100000,1478.30000000,2.059
1749263901,2.05000000,2336.60000000,2.059
1749263901,2.04900000,1370.30000000,2.059
1749263901,2.04800000,2666.00000000,2.059
1749263901,2.04700000,1368.20000000,2.059
1749263901,2.04600000,5016.10000000,2.059
1749263901,2.04500000,1467.80000000,2.059
1749263901,2.04400000,19172.90000000,2.059
1749263901,2.04300000,1436.00000000,2.059
1749263901,2.04200000,1351.60000000,2.059
1749263901,2.04100000,1427.10000000,2.059
1749263901,2.04000000,11229.00000000,2.059
1749263901,2.03900000,1407.50000000,2.059
1749263901,2.03800000,9185.30000000,2.059
1749263901,2.03700000,2868.80000000,2.059
1749263901,2.03600000,95.50000000,2.059
1749263901,2.03500000,702.50000000,2.059
1749263901,2.03400000,24.00000000,2.059
1749263901,2.03300000,388.50000000,2.059
1749263901,2.03200000,4799.60000000,2.059
1749263901,2.03100000,286.30000000,2.059
1749263901,2.03000000,1851.10000000,2.059
1749263901,2.02900000,38.50000000,2.059
1749263901,2.02800000,1943.30000000,2.059
1749263901,2.02700000,267.00000000,2.059
1749263901,2.02600000,332.20000000,2.059
1749263901,2.02500000,14.50000000,2.059
1749263901,2.02400000,1486.50000000,2.059
1749263901,2.02300000,175.20000000,2.059
1749263901,2.02200000,593.80000000,2.059
1749263901,2.02100000,42.40000000,2.059
1749263901,2.02000000,234.30000000,2.059
1749263901,2.01900000,2305.40000000,2.059
1749263901,2.01800000,339.50000000,2.059
1749263901,2.01700000,57.60000000,2.059
1749263901,2.01600000,311.10000000,2.059
1749263901,2.01500000,2558.10000000,2.059
1749263901,2.01400000,2469.80000000,2.059
1749263901,2.01200000,191.00000000,2.059
1749263901,2.01100000,3147.80000000,2.059
1749263901,2.01000000,239.20000000,2.059
1749263901,2.00900000,877.00000000,2.059
1749263901,2.00800000,11.20000000,2.059
1749263901,2.00700000,3465.10000000,2.059
1749263901,2.00500000,2993.90000000,2.059
1749263901,2.00400000,287.00000000,2.059
1749263901,2.00300000,108.10000000,2.059
1749263901,2.00200000,14.90000000,2.059
1749263901,2.00100000,156.60000000,2.059
1749263901,2.00000000,2374.70000000,2.059
1749263901,1.99900000,16.70000000,2.059
1749263901,1.99800000,58.40000000,2.059
1749263901,1.99700000,2.90000000,2.059
1749263901,1.99500000,35.10000000,2.059
1749263901,1.99400000,172.50000000,2.059
1749263901,1.99300000,6.90000000,2.059
1749263901,1.99200000,4323.10000000,2.059
1749263901,1.99100000,452.00000000,2.059
1749263901,1.99000000,486.20000000,2.059
1749263901,1.98900000,1038.40000000,2.059
1749263901,1.98800000,6151.50000000,2.059
1749263901,1.98600000,927.10000000,2.059
1749263901,1.98500000,2049.00000000,2.059
1749263901,1.98400000,60.20000000,2.059
1749263901,1.98200000,316.50000000,2.059
1749263901,1.98100000,637.40000000,2.059
1749263901,1.98000000,4271.50000000,2.059
1749263901,1.97900000,15.30000000,2.059
1749263901,1.97800000,2952.20000000,2.059
1749263901,1.97700000,1007.10000000,2.059
1749263901,1.97600000,746.00000000,2.059
1749263901,1.97500000,2.80000000,2.059
1749263901,1.97400000,102.00000000,2.059
1749263901,1.97300000,124.80000000,2.059
1749263901,1.97100000,576.40000000,2.059
1749263901,1.97000000,4838.90000000,2.059
1749263901,1.96700000,11.40000000,2.059
1749263901,1.96600000,655.00000000,2.059
1749263901,1.96500000,2.90000000,2.059
1749263901,1.96400000,3.90000000,2.059
1749263901,1.96300000,35.20000000,2.059
1749263901,1.96200000,6.40000000,2.059
1749263901,1.96100000,23.80000000,2.059
1749263901,1.96000000,153.70000000,2.059
1749263901,1.95900000,3760.00000000,2.059
1749263901,1.95800000,98.10000000,2.059
1749263901,1.95700000,333.00000000,2.059
1749263901,1.95600000,13.40000000,2.059
1749263901,1.95500000,7.40000000,2.059
1749263901,1.95400000,515.00000000,2.059
1749263901,1.95200000,256.10000000,2.059
1749263901,1.95100000,49.90000000,2.059
1749263901,1.95000000,3571.90000000,2.059
1749264203,1.91400000,49.30000000,1.916
1749264203,1.91300000,52.20000000,1.916
1749264203,1.91200000,241.90000000,1.916
1749264203,1.91100000,275.30000000,1.916
1749264203,1.91000000,323.10000000,1.916
1749264203,1.90900000,115.40000000,1.916
1749264203,1.90800000,78.50000000,1.916
1749264203,1.90700000,24.20000000,1.916
1749264203,1.90600000,1732.80000000,1.916
1749264203,1.90500000,3559.40000000,1.916
1749264203,1.90400000,26.10000000,1.916
1749264203,1.90300000,35.50000000,1.916
1749264203,1.90200000,90.00000000,1.916
1749264203,1.90100000,88.70000000,1.916
1749264203,1.90000000,2142.10000000,1.916
1749264203,1.89900000,61.80000000,1.916
1749264203,1.89800000,244.50000000,1.916
1749264203,1.89700000,133.40000000,1.916
1749264203,1.89600000,424.70000000,1.916
1749264203,1.89500000,838.70000000,1.916
1749264203,1.89400000,1665.10000000,1.916
1749264203,1.89300000,625.30000000,1.916
1749264203,1.89200000,557.60000000,1.916
1749264203,1.89100000,206.70000000,1.916
1749264203,1.89000000,569.30000000,1.916
1749264203,1.88900000,6.00000000,1.916
1749264203,1.88800000,976.90000000,1.916
1749264203,1.88700000,507.10000000,1.916
1749264203,1.88600000,215.80000000,1.916
1749264203,1.88500000,25256.70000000,1.916
1749264203,1.88400000,20215.80000000,1.916
1749264203,1.88300000,305.20000000,1.916
1749264203,1.88200000,1772.90000000,1.916
1749264203,1.88100000,2541.50000000,1.916
1749264203,1.88000000,6393.60000000,1.916
1749264203,1.87900000,2330.00000000,1.916
1749264203,1.87800000,11.60000000,1.916
1749264203,1.87700000,1522.60000000,1.916
1749264203,1.87600000,42.90000000,1.916
1749264203,1.87500000,197.00000000,1.916
1749264203,1.87400000,322.70000000,1.916
1749264203,1.87300000,335.00000000,1.916
1749264203,1.87200000,46.40000000,1.916
1749264203,1.87100000,1910.30000000,1.916
1749264203,1.87000000,799.70000000,1.916
1749264203,1.86900000,612.40000000,1.916
1749264203,1.86800000,463.20000000,1.916
1749264203,1.86700000,2938.70000000,1.916
1749264203,1.86600000,1213.20000000,1.916
1749264203,1.86500000,311.20000000,1.916
1749264203,1.86400000,2862.50000000,1.916
1749264203,1.86300000,576.60000000,1.916
1749264203,1.86100000,403.00000000,1.916
1749264203,1.86000000,4049.90000000,1.916
1749264203,1.85900000,688.30000000,1.916
1749264203,1.85800000,64.90000000,1.916
1749264203,1.85700000,22.30000000,1.916
1749264203,1.85600000,837.30000000,1.916
1749264203,1.85500000,1919.00000000,1.916
1749264203,1.85400000,872.30000000,1.916
1749264203,1.85300000,1588.30000000,1.916
1749264203,1.85200000,1327.50000000,1.916
1749264203,1.85100000,1832.80000000,1.916
1749264203,1.85000000,21815.70000000,1.916
1749264203,1.84800000,241.10000000,1.916
1749264203,1.84700000,3.00000000,1.916
1749264203,1.84600000,3507.70000000,1.916
1749264203,1.84500000,1033.10000000,1.916
1749264203,1.84400000,2.90000000,1.916
1749264203,1.84300000,38.00000000,1.916
1749264203,1.84200000,10.80000000,1.916
1749264203,1.84100000,841.70000000,1.916
1749264203,1.84000000,7739.20000000,1.916
1749264203,1.83900000,9.50000000,1.916
1749264203,1.83800000,1325.60000000,1.916
1749264203,1.83700000,90.10000000,1.916
1749264203,1.83600000,195.20000000,1.916
1749264203,1.83500000,1738.60000000,1.916
1749264203,1.83400000,463.10000000,1.916
1749264203,1.83300000,4.10000000,1.916
1749264203,1.83200000,3.30000000,1.916
1749264203,1.83100000,14.60000000,1.916
1749264203,1.83000000,776.30000000,1.916
1749264203,1.82900000,1840.30000000,1.916
1749264203,1.82800000,17.30000000,1.916
1749264203,1.82700000,165.90000000,1.916
1749264203,1.82600000,303.70000000,1.916
1749264203,1.82500000,3502.70000000,1.916
1749264203,1.82400000,41.10000000,1.916
1749264203,1.82300000,713.90000000,1.916
1749264203,1.82200000,461.70000000,1.916
1749264203,1.82100000,662.40000000,1.916
1749264203,1.82000000,6676.00000000,1.916
1749264203,1.81800000,3.30000000,1.916
1749264203,1.81700000,330.20000000,1.916
1749264203,1.81600000,14.40000000,1.916
1749264203,1.81500000,122.40000000,1.916
1749264203,1.81400000,321.10000000,1.916
1749264203,1.81200000,220.10000000,1.916
1749264203,1.81100000,640.10000000,1.916
1749264504,1.92600000,592.20000000,1.926
1749264504,1.92500000,49.80000000,1.926
1749264504,1.92400000,195.10000000,1.926
1749264504,1.92300000,488.30000000,1.926
1749264504,1.92200000,45.90000000,1.926
1749264504,1.92100000,109.90000000,1.926
1749264504,1.92000000,376.10000000,1.926
1749264504,1.91900000,279.80000000,1.926
1749264504,1.91800000,2.90000000,1.926
1749264504,1.91700000,54.10000000,1.926
1749264504,1.91600000,50.50000000,1.926
1749264504,1.91500000,41.50000000,1.926
1749264504,1.91400000,159.70000000,1.926
1749264504,1.91300000,102.40000000,1.926
1749264504,1.91200000,120.20000000,1.926
1749264504,1.91100000,621.50000000,1.926
1749264504,1.91000000,786.20000000,1.926
1749264504,1.90900000,36.30000000,1.926
1749264504,1.90800000,373.70000000,1.926
1749264504,1.90700000,1674.40000000,1.926
1749264504,1.90600000,606.90000000,1.926
1749264504,1.90500000,617.80000000,1.926
1749264504,1.90400000,93.70000000,1.926
1749264504,1.90300000,667.80000000,1.926
1749264504,1.90200000,917.60000000,1.926
1749264504,1.90100000,44.30000000,1.926
1749264504,1.90000000,1056.90000000,1.926
1749264504,1.89900000,13.80000000,1.926
1749264504,1.89800000,514.90000000,1.926
1749264504,1.89700000,17907.60000000,1.926
1749264504,1.89600000,289.30000000,1.926
1749264504,1.89500000,1005.20000000,1.926
1749264504,1.89300000,1581.90000000,1.926
1749264504,1.89200000,30704.20000000,1.926
1749264504,1.89100000,9.20000000,1.926
1749264504,1.89000000,15.90000000,1.926
1749264504,1.88900000,410.80000000,1.926
1749264504,1.88800000,28.10000000,1.926
1749264504,1.88700000,35.20000000,1.926
1749264504,1.88600000,446.10000000,1.926
1749264504,1.88500000,2187.60000000,1.926
1749264504,1.88400000,63.80000000,1.926
1749264504,1.88300000,176.80000000,1.926
1749264504,1.88200000,370.10000000,1.926
1749264504,1.88100000,1012.40000000,1.926
1749264504,1.88000000,314.80000000,1.926
1749264504,1.87900000,376.10000000,1.926
1749264504,1.87800000,430.30000000,1.926
1749264504,1.87700000,897.80000000,1.926
1749264504,1.87600000,159.80000000,1.926
1749264504,1.87500000,1181.10000000,1.926
1749264504,1.87400000,835.20000000,1.926
1749264504,1.87300000,467.30000000,1.926
1749264504,1.87200000,310.80000000,1.926
1749264504,1.87100000,564.90000000,1.926
1749264504,1.87000000,6396.20000000,1.926
1749264504,1.86900000,294.70000000,1.926
1749264504,1.86800000,6.40000000,1.926
1749264504,1.86700000,1282.50000000,1.926
1749264504,1.86600000,2652.70000000,1.926
1749264504,1.86500000,316.60000000,1.926
1749264504,1.86400000,106.30000000,1.926
1749264504,1.86300000,656.20000000,1.926
1749264504,1.86200000,1362.90000000,1.926
1749264504,1.86100000,1907.40000000,1.926
1749264504,1.86000000,4137.30000000,1.926
1749264504,1.85900000,321.10000000,1.926
1749264504,1.85800000,1988.50000000,1.926
1749264504,1.85700000,2544.40000000,1.926
1749264504,1.85600000,239.30000000,1.926
1749264504,1.85500000,2608.40000000,1.926
1749264504,1.85400000,3.90000000,1.926
1749264504,1.85300000,2316.70000000,1.926
1749264504,1.85200000,2442.90000000,1.926
1749264504,1.85100000,5033.20000000,1.926
1749264504,1.85000000,21670.10000000,1.926
1749264504,1.84900000,5.50000000,1.926
1749264504,1.84700000,123.70000000,1.926
1749264504,1.84500000,1122.20000000,1.926
1749264504,1.84400000,1291.40000000,1.926
1749264504,1.84300000,38.00000000,1.926
1749264504,1.84200000,28.00000000,1.926
1749264504,1.84100000,5599.30000000,1.926
1749264504,1.84000000,7708.60000000,1.926
1749264504,1.83900000,400.70000000,1.926
1749264504,1.83800000,110.60000000,1.926
1749264504,1.83700000,25.10000000,1.926
1749264504,1.83600000,108.80000000,1.926
1749264504,1.83500000,865.20000000,1.926
1749264504,1.83400000,635.20000000,1.926
1749264504,1.83300000,4.10000000,1.926
1749264504,1.83200000,3.30000000,1.926
1749264504,1.83100000,14.60000000,1.926
1749264504,1.83000000,1093.60000000,1.926
1749264504,1.82800000,17.30000000,1.926
1749264504,1.82700000,13.90000000,1.926
1749264504,1.82600000,1588.70000000,1.926
1749264504,1.82500000,3512.90000000,1.926
1749264504,1.82400000,149.70000000,1.926
1749264504,1.82300000,361.00000000,1.926
1749264806,1.96400000,32.90000000,1.964
1749264806,1.96300000,86.10000000,1.964
1749264806,1.96200000,92.50000000,1.964
1749264806,1.96100000,483.50000000,1.964
1749264806,1.96000000,1578.70000000,1.964
1749264806,1.95900000,1375.30000000,1.964
1749264806,1.95800000,282.20000000,1.964
1749264806,1.95700000,94.40000000,1.964
1749264806,1.95600000,101.50000000,1.964
1749264806,1.95500000,273.40000000,1.964
1749264806,1.95400000,3745.20000000,1.964
1749264806,1.95300000,331.90000000,1.964
1749264806,1.95200000,1609.20000000,1.964
1749264806,1.95100000,170.70000000,1.964
1749264806,1.95000000,4977.20000000,1.964
1749264806,1.94900000,2389.10000000,1.964
1749264806,1.94800000,1111.80000000,1.964
1749264806,1.94700000,70.30000000,1.964
1749264806,1.94600000,72.70000000,1.964
1749264806,1.94500000,3020.20000000,1.964
1749264806,1.94400000,17676.60000000,1.964
1749264806,1.94300000,5206.60000000,1.964
1749264806,1.94200000,19852.40000000,1.964
1749264806,1.94100000,108.60000000,1.964
1749264806,1.94000000,1692.60000000,1.964
1749264806,1.93900000,69.70000000,1.964
1749264806,1.93800000,82.00000000,1.964
1749264806,1.93700000,191.50000000,1.964
1749264806,1.93600000,90.60000000,1.964
1749264806,1.93500000,1289.50000000,1.964
1749264806,1.93400000,473.10000000,1.964
1749264806,1.93300000,1973.20000000,1.964
1749264806,1.93200000,425.10000000,1.964
1749264806,1.93100000,138.10000000,1.964
1749264806,1.93000000,3603.10000000,1.964
1749264806,1.92900000,809.20000000,1.964
1749264806,1.92800000,492.50000000,1.964
1749264806,1.92700000,523.10000000,1.964
1749264806,1.92600000,870.90000000,1.964
1749264806,1.92500000,213.60000000,1.964
1749264806,1.92400000,313.60000000,1.964
1749264806,1.92300000,561.00000000,1.964
1749264806,1.92200000,473.60000000,1.964
1749264806,1.92100000,727.50000000,1.964
1749264806,1.92000000,1390.00000000,1.964
1749264806,1.91900000,1441.20000000,1.964
1749264806,1.91800000,968.90000000,1.964
1749264806,1.91700000,3265.10000000,1.964
1749264806,1.91600000,1655.80000000,1.964
1749264806,1.91500000,545.10000000,1.964
1749264806,1.91400000,353.60000000,1.964
1749264806,1.91200000,109.70000000,1.964
1749264806,1.91100000,1764.70000000,1.964
1749264806,1.91000000,85.80000000,1.964
1749264806,1.90900000,51.80000000,1.964
1749264806,1.90800000,263.30000000,1.964
1749264806,1.90600000,199.40000000,1.964
1749264806,1.90500000,84.90000000,1.964
1749264806,1.90400000,4.10000000,1.964
1749264806,1.90300000,673.60000000,1.964
1749264806,1.90200000,814.00000000,1.964
1749264806,1.90100000,27.00000000,1.964
1749264806,1.90000000,2524.60000000,1.964
1749264806,1.89900000,179.30000000,1.964
1749264806,1.89800000,206.90000000,1.964
1749264806,1.89700000,1187.60000000,1.964
1749264806,1.89600000,2153.10000000,1.964
1749264806,1.89500000,1167.00000000,1.964
1749264806,1.89400000,1777.10000000,1.964
1749264806,1.89300000,285.90000000,1.964
1749264806,1.89200000,1120.30000000,1.964
1749264806,1.89100000,1068.10000000,1.964
1749264806,1.89000000,644.40000000,1.964
1749264806,1.88900000,2992.40000000,1.964
1749264806,1.88800000,25.10000000,1.964
1749264806,1.88700000,154.30000000,1.964
1749264806,1.88500000,3005.50000000,1.964
1749264806,1.88400000,2335.00000000,1.964
1749264806,1.88200000,363.70000000,1.964
1749264806,1.88100000,3.90000000,1.964
1749264806,1.88000000,481.80000000,1.964
1749264806,1.87900000,10.50000000,1.964
1749264806,1.87700000,561.30000000,1.964
1749264806,1.87600000,211.00000000,1.964
1749264806,1.87500000,17.60000000,1.964
1749264806,1.87400000,68.60000000,1.964
1749264806,1.87300000,600.70000000,1.964
1749264806,1.87200000,46.40000000,1.964
1749264806,1.87100000,625.20000000,1.964
1749264806,1.87000000,290.00000000,1.964
1749264806,1.86900000,629.30000000,1.964
1749264806,1.86800000,683.70000000,1.964
1749264806,1.86700000,1135.90000000,1.964
1749264806,1.86600000,87.40000000,1.964
1749264806,1.86500000,1012.80000000,1.964
1749264806,1.86400000,786.00000000,1.964
1749264806,1.86300000,1498.60000000,1.964
1749264806,1.86200000,1807.70000000,1.964
1749264806,1.86100000,106.40000000,1.964
1749264806,1.86000000,3892.80000000,1.964
1749265107,1.94200000,46.60000000,1.943
1749265107,1.94100000,281.80000000,1.943
1749265107,1.94000000,84.30000000,1.943
1749265107,1.93900000,367.30000000,1.943
1749265107,1.93800000,606.30000000,1.943
1749265107,1.93700000,410.40000000,1.943
1749265107,1.93600000,664.40000000,1.943
1749265107,1.93500000,441.20000000,1.943
1749265107,1.93400000,795.40000000,1.943
1749265107,1.93300000,28.90000000,1.943
1749265107,1.93200000,1349.10000000,1.943
1749265107,1.93100000,49.10000000,1.943
1749265107,1.93000000,4152.60000000,1.943
1749265107,1.92900000,35.80000000,1.943
1749265107,1.92800000,1952.10000000,1.943
1749265107,1.92700000,708.40000000,1.943
1749265107,1.92600000,890.00000000,1.943
1749265107,1.92500000,1906.70000000,1.943
1749265107,1.92400000,35.30000000,1.943
1749265107,1.92300000,420.00000000,1.943
1749265107,1.92200000,762.40000000,1.943
1749265107,1.92100000,5208.10000000,1.943
1749265107,1.92000000,2008.50000000,1.943
1749265107,1.91900000,61.80000000,1.943
1749265107,1.91800000,515.30000000,1.943
1749265107,1.91700000,1018.40000000,1.943
1749265107,1.91600000,17961.00000000,1.943
1749265107,1.91500000,254.30000000,1.943
1749265107,1.91400000,1017.20000000,1.943
1749265107,1.91300000,24312.80000000,1.943
1749265107,1.91200000,570.50000000,1.943
1749265107,1.91100000,27.00000000,1.943
1749265107,1.91000000,7375.80000000,1.943
1749265107,1.90900000,138.70000000,1.943
1749265107,1.90800000,624.30000000,1.943
1749265107,1.90700000,104.60000000,1.943
1749265107,1.90600000,1581.70000000,1.943
1749265107,1.90500000,2683.40000000,1.943
1749265107,1.90400000,266.90000000,1.943
1749265107,1.90300000,1549.90000000,1.943
1749265107,1.90200000,814.00000000,1.943
1749265107,1.90100000,775.50000000,1.943
1749265107,1.90000000,5470.00000000,1.943
1749265107,1.89900000,909.10000000,1.943
1749265107,1.89800000,1043.20000000,1.943
1749265107,1.89700000,667.50000000,1.943
1749265107,1.89600000,1342.30000000,1.943
1749265107,1.89500000,1265.00000000,1.943
1749265107,1.89400000,342.20000000,1.943
1749265107,1.89300000,658.90000000,1.943
1749265107,1.89200000,3197.60000000,1.943
1749265107,1.89100000,1690.30000000,1.943
1749265107,1.89000000,144.20000000,1.943
1749265107,1.88900000,135.30000000,1.943
1749265107,1.88800000,25.10000000,1.943
1749265107,1.88700000,35.20000000,1.943
1749265107,1.88600000,168.20000000,1.943
1749265107,1.88500000,603.10000000,1.943
1749265107,1.88400000,170.10000000,1.943
1749265107,1.88200000,581.90000000,1.943
1749265107,1.88100000,1216.50000000,1.943
1749265107,1.88000000,2803.50000000,1.943
1749265107,1.87900000,977.90000000,1.943
1749265107,1.87800000,2399.70000000,1.943
1749265107,1.87700000,561.30000000,1.943
1749265107,1.87600000,2199.50000000,1.943
1749265107,1.87500000,2418.60000000,1.943
1749265107,1.87300000,651.00000000,1.943
1749265107,1.87200000,166.40000000,1.943
1749265107,1.87100000,1778.70000000,1.943
1749265107,1.87000000,39.50000000,1.943
1749265107,1.86900000,167.70000000,1.943
1749265107,1.86800000,149.40000000,1.943
1749265107,1.86700000,1135.90000000,1.943
1749265107,1.86600000,1180.40000000,1.943
1749265107,1.86500000,10.00000000,1.943
1749265107,1.86300000,680.70000000,1.943
1749265107,1.86200000,1807.70000000,1.943
1749265107,1.86000000,3107.80000000,1.943
1749265107,1.85900000,5.90000000,1.943
1749265107,1.85700000,190.90000000,1.943
1749265107,1.85600000,202.90000000,1.943
1749265107,1.85500000,972.50000000,1.943
1749265107,1.85400000,1020.60000000,1.943
1749265107,1.85300000,1242.40000000,1.943
1749265107,1.85200000,1407.30000000,1.943
1749265107,1.85100000,10366.20000000,1.943
1749265107,1.85000000,25653.40000000,1.943
1749265107,1.84700000,980.90000000,1.943
1749265107,1.84500000,39.70000000,1.943
1749265107,1.84400000,137.10000000,1.943
1749265107,1.84300000,579.60000000,1.943
1749265107,1.84200000,10.80000000,1.943
1749265107,1.84100000,45.70000000,1.943
1749265107,1.84000000,8224.40000000,1.943
1749265107,1.83900000,4.60000000,1.943
1749265107,1.83800000,415.60000000,1.943
1749265107,1.83700000,161.10000000,1.943
1749265107,1.83600000,130.90000000,1.943
1749265107,1.83500000,823.60000000,1.943
1749265409,1.94000000,139.70000000,1.942
1749265409,1.93900000,364.80000000,1.942
1749265409,1.93800000,148.00000000,1.942
1749265409,1.93700000,221.70000000,1.942
1749265409,1.93600000,514.70000000,1.942
1749265409,1.93500000,370.50000000,1.942
1749265409,1.93400000,365.20000000,1.942
1749265409,1.93300000,2366.70000000,1.942
1749265409,1.93200000,10578.50000000,1.942
1749265409,1.93100000,80.10000000,1.942
1749265409,1.93000000,3865.70000000,1.942
1749265409,1.92900000,72.40000000,1.942
1749265409,1.92800000,170.80000000,1.942
1749265409,1.92700000,1995.00000000,1.942
1749265409,1.92600000,337.80000000,1.942
1749265409,1.92500000,562.00000000,1.942
1749265409,1.92400000,337.70000000,1.942
1749265409,1.92300000,70.50000000,1.942
1749265409,1.92200000,74.20000000,1.942
1749265409,1.92100000,2238.60000000,1.942
1749265409,1.92000000,7103.50000000,1.942
1749265409,1.91900000,49.10000000,1.942
1749265409,1.91800000,899.00000000,1.942
1749265409,1.91700000,678.80000000,1.942
1749265409,1.91600000,35564.00000000,1.942
1749265409,1.91500000,700.00000000,1.942
1749265409,1.91400000,507.40000000,1.942
1749265409,1.91300000,537.50000000,1.942
1749265409,1.91200000,1487.20000000,1.942
1749265409,1.91100000,130.70000000,1.942
1749265409,1.91000000,6241.60000000,1.942
1749265409,1.90900000,381.80000000,1.942
1749265409,1.90800000,145.60000000,1.942
1749265409,1.90700000,1904.20000000,1.942
1749265409,1.90600000,1280.50000000,1.942
1749265409,1.90500000,854.20000000,1.942
1749265409,1.90400000,1582.30000000,1.942
1749265409,1.90300000,2310.10000000,1.942
1749265409,1.90200000,1233.50000000,1.942
1749265409,1.90100000,104.80000000,1.942
1749265409,1.90000000,2164.90000000,1.942
1749265409,1.89900000,336.70000000,1.942
1749265409,1.89800000,1616.40000000,1.942
1749265409,1.89700000,2610.10000000,1.942
1749265409,1.89600000,1935.70000000,1.942
1749265409,1.89500000,1288.70000000,1.942
1749265409,1.89400000,2191.60000000,1.942
1749265409,1.89300000,345.00000000,1.942
1749265409,1.89200000,1945.60000000,1.942
1749265409,1.89100000,321.70000000,1.942
1749265409,1.89000000,610.50000000,1.942
1749265409,1.88900000,135.30000000,1.942
1749265409,1.88800000,104.50000000,1.942
1749265409,1.88700000,101.80000000,1.942
1749265409,1.88500000,88.30000000,1.942
1749265409,1.88400000,11.20000000,1.942
1749265409,1.88300000,470.30000000,1.942
1749265409,1.88200000,1564.90000000,1.942
1749265409,1.88100000,1457.30000000,1.942
1749265409,1.88000000,8340.80000000,1.942
1749265409,1.87900000,146.10000000,1.942
1749265409,1.87800000,890.30000000,1.942
1749265409,1.87700000,561.30000000,1.942
1749265409,1.87600000,807.00000000,1.942
1749265409,1.87500000,2629.80000000,1.942
1749265409,1.87300000,2546.60000000,1.942
1749265409,1.87200000,46.40000000,1.942
1749265409,1.87100000,1944.50000000,1.942
1749265409,1.87000000,159.70000000,1.942
1749265409,1.86900000,3157.80000000,1.942
1749265409,1.86800000,11.90000000,1.942
1749265409,1.86700000,2938.70000000,1.942
1749265409,1.86600000,805.20000000,1.942
1749265409,1.86500000,18.00000000,1.942
1749265409,1.86300000,3.00000000,1.942
1749265409,1.86100000,977.90000000,1.942
1749265409,1.86000000,1369.90000000,1.942
1749265409,1.85900000,5.90000000,1.942
1749265409,1.85800000,150.70000000,1.942
1749265409,1.85700000,185.30000000,1.942
1749265409,1.85600000,280.10000000,1.942
1749265409,1.85500000,889.10000000,1.942
1749265409,1.85400000,1352.00000000,1.942
1749265409,1.85300000,2884.30000000,1.942
1749265409,1.85200000,340.60000000,1.942
1749265409,1.85100000,668.20000000,1.942
1749265409,1.85000000,25886.00000000,1.942
1749265409,1.84800000,540.10000000,1.942
1749265409,1.84700000,980.90000000,1.942
1749265409,1.84500000,393.00000000,1.942
1749265409,1.84400000,2.90000000,1.942
1749265409,1.84300000,38.00000000,1.942
1749265409,1.84200000,10.80000000,1.942
1749265409,1.84100000,10220.10000000,1.942
1749265409,1.84000000,8214.20000000,1.942
1749265409,1.83900000,4.60000000,1.942
1749265409,1.83800000,305.00000000,1.942
1749265409,1.83700000,161.10000000,1.942
1749265409,1.83600000,98.10000000,1.942
1749265409,1.83500000,857.40000000,1.942
1749265714,1.94200000,1051.50000000,1.942
1749265714,1.94100000,335.00000000,1.942
1749265714,1.94000000,257.50000000,1.942
1749265714,1.93900000,5.80000000,1.942
1749265714,1.93800000,134.50000000,1.942
1749265714,1.93700000,438.60000000,1.942
1749265714,1.93600000,375.30000000,1.942
1749265714,1.93500000,748.30000000,1.942
1749265714,1.93400000,663.70000000,1.942
1749265714,1.93300000,1812.80000000,1.942
1749265714,1.93200000,8284.30000000,1.942
1749265714,1.93100000,169.30000000,1.942
1749265714,1.93000000,8029.70000000,1.942
1749265714,1.92900000,3554.70000000,1.942
1749265714,1.92800000,170.60000000,1.942
1749265714,1.92700000,70.30000000,1.942
1749265714,1.92600000,304.20000000,1.942
1749265714,1.92500000,545.30000000,1.942
1749265714,1.92400000,24618.30000000,1.942
1749265714,1.92300000,284.20000000,1.942
1749265714,1.92200000,572.30000000,1.942
1749265714,1.92100000,437.40000000,1.942
1749265714,1.92000000,21994.00000000,1.942
1749265714,1.91900000,1969.40000000,1.942
1749265714,1.91800000,840.50000000,1.942
1749265714,1.91700000,304.70000000,1.942
1749265714,1.91600000,153.50000000,1.942
1749265714,1.91500000,569.70000000,1.942
1749265714,1.91400000,595.10000000,1.942
1749265714,1.91300000,2309.40000000,1.942
1749265714,1.91200000,1156.50000000,1.942
1749265714,1.91100000,2062.70000000,1.942
1749265714,1.91000000,730.10000000,1.942
1749265714,1.90900000,198.10000000,1.942
1749265714,1.90800000,306.40000000,1.942
1749265714,1.90700000,757.50000000,1.942
1749265714,1.90600000,446.10000000,1.942
1749265714,1.90500000,33.00000000,1.942
1749265714,1.90400000,324.30000000,1.942
1749265714,1.90300000,904.50000000,1.942
1749265714,1.90200000,2391.10000000,1.942
1749265714,1.90100000,1134.90000000,1.942
1749265714,1.90000000,2193.70000000,1.942
1749265714,1.89900000,2018.60000000,1.942
1749265714,1.89800000,74.60000000,1.942
1749265714,1.89700000,288.70000000,1.942
1749265714,1.89600000,2184.00000000,1.942
1749265714,1.89500000,2802.00000000,1.942
1749265714,1.89400000,593.80000000,1.942
1749265714,1.89300000,353.80000000,1.942
1749265714,1.89200000,1436.90000000,1.942
1749265714,1.89100000,490.40000000,1.942
1749265714,1.89000000,1463.20000000,1.942
1749265714,1.88900000,135.30000000,1.942
1749265714,1.88800000,1108.80000000,1.942
1749265714,1.88700000,35.20000000,1.942
1749265714,1.88600000,68.20000000,1.942
1749265714,1.88500000,227.70000000,1.942
1749265714,1.88400000,1221.80000000,1.942
1749265714,1.88300000,2336.60000000,1.942
1749265714,1.88200000,416.30000000,1.942
1749265714,1.88100000,1457.30000000,1.942
1749265714,1.88000000,8352.10000000,1.942
1749265714,1.87800000,1054.50000000,1.942
1749265714,1.87700000,879.90000000,1.942
1749265714,1.87600000,1993.80000000,1.942
1749265714,1.87500000,294.90000000,1.942
1749265714,1.87400000,354.60000000,1.942
1749265714,1.87300000,2282.20000000,1.942
1749265714,1.87200000,2385.10000000,1.942
1749265714,1.87100000,559.90000000,1.942
1749265714,1.87000000,264.60000000,1.942
1749265714,1.86900000,375.90000000,1.942
1749265714,1.86800000,6.40000000,1.942
1749265714,1.86700000,2944.20000000,1.942
1749265714,1.86600000,163.30000000,1.942
1749265714,1.86500000,168.60000000,1.942
1749265714,1.86400000,642.60000000,1.942
1749265714,1.86300000,3.00000000,1.942
1749265714,1.86200000,952.30000000,1.942
1749265714,1.86100000,1552.60000000,1.942
1749265714,1.86000000,1369.90000000,1.942
1749265714,1.85900000,10084.60000000,1.942
1749265714,1.85700000,185.30000000,1.942
1749265714,1.85600000,192.30000000,1.942
1749265714,1.85500000,415.00000000,1.942
1749265714,1.85400000,3.90000000,1.942
1749265714,1.85300000,207.20000000,1.942
1749265714,1.85200000,474.20000000,1.942
1749265714,1.85100000,114.70000000,1.942
1749265714,1.85000000,25939.00000000,1.942
1749265714,1.84900000,2367.80000000,1.942
1749265714,1.84700000,980.90000000,1.942
1749265714,1.84500000,933.80000000,1.942
1749265714,1.84400000,2.90000000,1.942
1749265714,1.84300000,38.00000000,1.942
1749265714,1.84200000,21.50000000,1.942
1749265714,1.84100000,42.90000000,1.942
1749265714,1.84000000,8214.20000000,1.942
1749265714,1.83900000,4.60000000,1.942
1749266016,1.93700000,787.40000000,1.939
1749266016,1.93600000,495.20000000,1.939
1749266016,1.93500000,724.50000000,1.939
1749266016,1.93400000,282.40000000,1.939
1749266016,1.93300000,102.30000000,1.939
1749266016,1.93200000,742.60000000,1.939
1749266016,1.93100000,1529.10000000,1.939
1749266016,1.93000000,71.30000000,1.939
1749266016,1.92900000,23.80000000,1.939
1749266016,1.92800000,3776.20000000,1.939
1749266016,1.92700000,10088.50000000,1.939
1749266016,1.92600000,1941.80000000,1.939
1749266016,1.92500000,17961.60000000,1.939
1749266016,1.92400000,673.10000000,1.939
1749266016,1.92300000,344.00000000,1.939
1749266016,1.92200000,768.60000000,1.939
1749266016,1.92100000,1400.60000000,1.939
1749266016,1.92000000,8098.40000000,1.939
1749266016,1.91900000,6951.60000000,1.939
1749266016,1.91800000,1915.90000000,1.939
1749266016,1.91700000,53.60000000,1.939
1749266016,1.91600000,403.10000000,1.939
1749266016,1.91500000,651.50000000,1.939
1749266016,1.91400000,611.80000000,1.939
1749266016,1.91300000,31.20000000,1.939
1749266016,1.91200000,3087.80000000,1.939
1749266016,1.91100000,2301.60000000,1.939
1749266016,1.91000000,742.20000000,1.939
1749266016,1.90900000,17.90000000,1.939
1749266016,1.90800000,254.40000000,1.939
1749266016,1.90700000,654.00000000,1.939
1749266016,1.90600000,21.80000000,1.939
1749266016,1.90500000,522.70000000,1.939
1749266016,1.90400000,133.00000000,1.939
1749266016,1.90300000,593.50000000,1.939
1749266016,1.90200000,817.10000000,1.939
1749266016,1.90100000,2286.70000000,1.939
1749266016,1.90000000,3819.40000000,1.939
1749266016,1.89900000,2246.50000000,1.939
1749266016,1.89800000,322.90000000,1.939
1749266016,1.89700000,209.70000000,1.939
1749266016,1.89600000,1074.90000000,1.939
1749266016,1.89500000,1048.60000000,1.939
1749266016,1.89300000,1744.30000000,1.939
1749266016,1.89200000,1376.80000000,1.939
1749266016,1.89100000,503.50000000,1.939
1749266016,1.89000000,1012.80000000,1.939
1749266016,1.88900000,559.30000000,1.939
1749266016,1.88800000,740.30000000,1.939
1749266016,1.88700000,344.00000000,1.939
1749266016,1.88600000,313.70000000,1.939
1749266016,1.88500000,62.80000000,1.939
1749266016,1.88400000,11.20000000,1.939
1749266016,1.88300000,2065.80000000,1.939
1749266016,1.88200000,3900.10000000,1.939
1749266016,1.88100000,640.70000000,1.939
1749266016,1.88000000,3349.40000000,1.939
1749266016,1.87800000,3266.10000000,1.939
1749266016,1.87600000,1026.10000000,1.939
1749266016,1.87500000,240.10000000,1.939
1749266016,1.87400000,3.20000000,1.939
1749266016,1.87300000,209.20000000,1.939
1749266016,1.87200000,46.40000000,1.939
1749266016,1.87100000,1829.80000000,1.939
1749266016,1.87000000,145.40000000,1.939
1749266016,1.86900000,120.20000000,1.939
1749266016,1.86800000,6.40000000,1.939
1749266016,1.86700000,1135.90000000,1.939
1749266016,1.86600000,314.00000000,1.939
1749266016,1.86500000,18.00000000,1.939
1749266016,1.86400000,831.30000000,1.939
1749266016,1.86300000,1147.50000000,1.939
1749266016,1.86200000,1484.50000000,1.939
1749266016,1.86100000,10067.90000000,1.939
1749266016,1.86000000,1489.70000000,1.939
1749266016,1.85900000,149.60000000,1.939
1749266016,1.85700000,181.20000000,1.939
1749266016,1.85600000,192.30000000,1.939
1749266016,1.85500000,100.90000000,1.939
1749266016,1.85400000,3.90000000,1.939
1749266016,1.85300000,521.10000000,1.939
1749266016,1.85200000,340.60000000,1.939
1749266016,1.85100000,1181.90000000,1.939
1749266016,1.85000000,28768.90000000,1.939
1749266016,1.84900000,133.80000000,1.939
1749266016,1.84800000,2.80000000,1.939
1749266016,1.84700000,3.00000000,1.939
1749266016,1.84500000,39.70000000,1.939
1749266016,1.84400000,2.90000000,1.939
1749266016,1.84300000,575.10000000,1.939
1749266016,1.84200000,10.80000000,1.939
1749266016,1.84100000,52.90000000,1.939
1749266016,1.84000000,8214.20000000,1.939
1749266016,1.83900000,4.60000000,1.939
1749266016,1.83800000,305.00000000,1.939
1749266016,1.83700000,161.10000000,1.939
1749266016,1.83600000,315.60000000,1.939
1749266016,1.83500000,780.70000000,1.939
1749266016,1.83400000,1482.40000000,1.939
1749266016,1.83300000,4.10000000,1.939
1749266318,1.93800000,316.40000000,1.94
1749266318,1.93700000,530.60000000,1.94
1749266318,1.93600000,177.20000000,1.94
1749266318,1.93500000,394.80000000,1.94
1749266318,1.93400000,956.60000000,1.94
1749266318,1.93300000,1492.70000000,1.94
1749266318,1.93200000,427.80000000,1.94
1749266318,1.93100000,538.80000000,1.94
1749266318,1.93000000,265.30000000,1.94
1749266318,1.92900000,2658.60000000,1.94
1749266318,1.92800000,21.20000000,1.94
1749266318,1.92700000,3906.30000000,1.94
1749266318,1.92600000,12015.80000000,1.94
1749266318,1.92500000,8994.50000000,1.94
1749266318,1.92400000,14144.30000000,1.94
1749266318,1.92300000,339.30000000,1.94
1749266318,1.92200000,854.40000000,1.94
1749266318,1.92100000,607.40000000,1.94
1749266318,1.92000000,469.50000000,1.94
1749266318,1.91900000,1767.50000000,1.94
1749266318,1.91800000,1849.30000000,1.94
1749266318,1.91700000,53.60000000,1.94
1749266318,1.91600000,5173.50000000,1.94
1749266318,1.91500000,810.70000000,1.94
1749266318,1.91400000,506.60000000,1.94
1749266318,1.91300000,31.20000000,1.94
1749266318,1.91200000,119.60000000,1.94
1749266318,1.91100000,540.80000000,1.94
1749266318,1.91000000,855.60000000,1.94
1749266318,1.90900000,18.80000000,1.94
1749266318,1.90800000,2137.80000000,1.94
1749266318,1.90700000,12.80000000,1.94
1749266318,1.90600000,1953.70000000,1.94
1749266318,1.90500000,382.20000000,1.94
1749266318,1.90400000,552.80000000,1.94
1749266318,1.90300000,1191.10000000,1.94
1749266318,1.90200000,3787.60000000,1.94
1749266318,1.90100000,79.60000000,1.94
1749266318,1.90000000,6883.50000000,1.94
1749266318,1.89900000,585.60000000,1.94
1749266318,1.89800000,300.00000000,1.94
1749266318,1.89700000,209.70000000,1.94
1749266318,1.89600000,789.30000000,1.94
1749266318,1.89500000,52.20000000,1.94
1749266318,1.89400000,824.40000000,1.94
1749266318,1.89300000,751.90000000,1.94
1749266318,1.89200000,3419.60000000,1.94
1749266318,1.89100000,1572.30000000,1.94
1749266318,1.89000000,612.10000000,1.94
1749266318,1.88900000,506.70000000,1.94
1749266318,1.88800000,711.30000000,1.94
1749266318,1.88700000,431.30000000,1.94
1749266318,1.88600000,264.60000000,1.94
1749266318,1.88500000,110.60000000,1.94
1749266318,1.88400000,1168.80000000,1.94
1749266318,1.88300000,3014.10000000,1.94
1749266318,1.88200000,2261.70000000,1.94
1749266318,1.88100000,335.90000000,1.94
1749266318,1.88000000,2018.20000000,1.94
1749266318,1.87800000,10964.70000000,1.94
1749266318,1.87700000,1456.60000000,1.94
1749266318,1.87600000,1026.10000000,1.94
1749266318,1.87500000,83.70000000,1.94
1749266318,1.87400000,56.00000000,1.94
1749266318,1.87300000,447.10000000,1.94
1749266318,1.87200000,2385.10000000,1.94
1749266318,1.87100000,2899.80000000,1.94
1749266318,1.87000000,42.70000000,1.94
1749266318,1.86900000,120.20000000,1.94
1749266318,1.86800000,27.40000000,1.94
1749266318,1.86700000,1135.90000000,1.94
1749266318,1.86600000,375.60000000,1.94
1749266318,1.86500000,23.00000000,1.94
1749266318,1.86400000,1805.70000000,1.94
1749266318,1.86300000,3.00000000,1.94
1749266318,1.86200000,1284.80000000,1.94
1749266318,1.86000000,1692.40000000,1.94
1749266318,1.85900000,199.90000000,1.94
1749266318,1.85700000,181.20000000,1.94
1749266318,1.85600000,313.40000000,1.94
1749266318,1.85500000,734.30000000,1.94
1749266318,1.85400000,443.80000000,1.94
1749266318,1.85300000,485.80000000,1.94
1749266318,1.85200000,1464.30000000,1.94
1749266318,1.85100000,1417.60000000,1.94
1749266318,1.85000000,26041.00000000,1.94
1749266318,1.84700000,3.00000000,1.94
1749266318,1.84500000,2412.60000000,1.94
1749266318,1.84400000,2.90000000,1.94
1749266318,1.84300000,38.00000000,1.94
1749266318,1.84200000,10.80000000,1.94
1749266318,1.84100000,52.90000000,1.94
1749266318,1.84000000,12197.90000000,1.94
1749266318,1.83900000,547.40000000,1.94
1749266318,1.83800000,420.40000000,1.94
1749266318,1.83700000,161.10000000,1.94
1749266318,1.83600000,892.50000000,1.94
1749266318,1.83500000,665.10000000,1.94
1749266318,1.83400000,188.10000000,1.94
1749266318,1.83300000,1367.90000000,1.94
1749266628,1.86500000,29.80000000,1.865
1749266628,1.86400000,147.70000000,1.865
1749266628,1.86300000,61.90000000,1.865
1749266628,1.86200000,381.80000000,1.865
1749266628,1.86100000,229.60000000,1.865
1749266628,1.86000000,156.80000000,1.865
1749266628,1.85900000,458.40000000,1.865
1749266628,1.85800000,354.60000000,1.865
1749266628,1.85700000,351.20000000,1.865
1749266628,1.85600000,293.90000000,1.865
1749266628,1.85500000,181.30000000,1.865
1749266628,1.85400000,262.00000000,1.865
1749266628,1.85300000,1331.50000000,1.865
1749266628,1.85200000,4043.90000000,1.865
1749266628,1.85100000,1411.50000000,1.865
1749266628,1.85000000,26559.30000000,1.865
1749266628,1.84900000,263.50000000,1.865
1749266628,1.84800000,366.00000000,1.865
1749266628,1.84700000,498.30000000,1.865
1749266628,1.84600000,910.90000000,1.865
1749266628,1.84500000,131.60000000,1.865
1749266628,1.84400000,393.10000000,1.865
1749266628,1.84300000,1985.70000000,1.865
1749266628,1.84200000,520.80000000,1.865
1749266628,1.84100000,1500.70000000,1.865
1749266628,1.84000000,12080.20000000,1.865
1749266628,1.83900000,34.60000000,1.865
1749266628,1.83800000,1298.40000000,1.865
1749266628,1.83700000,650.20000000,1.865
1749266628,1.83600000,20757.00000000,1.865
1749266628,1.83500000,1053.90000000,1.865
1749266628,1.83400000,24416.90000000,1.865
1749266628,1.83300000,2101.90000000,1.865
1749266628,1.83200000,354.90000000,1.865
1749266628,1.83100000,17.10000000,1.865
1749266628,1.83000000,1439.40000000,1.865
1749266628,1.82900000,944.30000000,1.865
1749266628,1.82800000,3049.30000000,1.865
1749266628,1.82700000,4051.90000000,1.865
1749266628,1.82600000,378.00000000,1.865
1749266628,1.82500000,3458.70000000,1.865
1749266628,1.82400000,49.70000000,1.865
1749266628,1.82300000,615.90000000,1.865
1749266628,1.82200000,2663.10000000,1.865
1749266628,1.82100000,2869.00000000,1.865
1749266628,1.82000000,5701.90000000,1.865
1749266628,1.81900000,1307.70000000,1.865
1749266628,1.81800000,50.00000000,1.865
1749266628,1.81700000,535.80000000,1.865
1749266628,1.81600000,2513.70000000,1.865
1749266628,1.81500000,3192.10000000,1.865
1749266628,1.81400000,391.40000000,1.865
1749266628,1.81300000,267.80000000,1.865
1749266628,1.81200000,816.60000000,1.865
1749266628,1.81100000,2104.50000000,1.865
1749266628,1.81000000,5478.10000000,1.865
1749266628,1.80900000,1382.60000000,1.865
1749266628,1.80800000,3100.00000000,1.865
1749266628,1.80700000,1377.50000000,1.865
1749266628,1.80600000,121.80000000,1.865
1749266628,1.80500000,36832.40000000,1.865
1749266628,1.80400000,117.00000000,1.865
1749266628,1.80300000,578.50000000,1.865
1749266628,1.80200000,614.20000000,1.865
1749266628,1.80100000,637.10000000,1.865
1749266628,1.80000000,21864.00000000,1.865
1749266628,1.79900000,555.50000000,1.865
1749266628,1.79800000,2434.90000000,1.865
1749266628,1.79500000,541.20000000,1.865
1749266628,1.79400000,3.40000000,1.865
1749266628,1.79300000,2230.80000000,1.865
1749266628,1.79100000,3033.80000000,1.865
1749266628,1.79000000,1855.10000000,1.865
1749266628,1.78900000,8591.10000000,1.865
1749266628,1.78800000,45.10000000,1.865
1749266628,1.78700000,118.10000000,1.865
1749266628,1.78600000,124.80000000,1.865
1749266628,1.78500000,235.20000000,1.865
1749266628,1.78100000,326.50000000,1.865
1749266628,1.78000000,1676.10000000,1.865
1749266628,1.77900000,60.00000000,1.865
1749266628,1.77800000,67.30000000,1.865
1749266628,1.77700000,1125.40000000,1.865
1749266628,1.77500000,168.80000000,1.865
1749266628,1.77400000,9.10000000,1.865
1749266628,1.77200000,375.50000000,1.865
1749266628,1.77100000,5.90000000,1.865
1749266628,1.77000000,950.30000000,1.865
1749266628,1.76900000,573.90000000,1.865
1749266628,1.76800000,311.30000000,1.865
1749266628,1.76700000,368.90000000,1.865
1749266628,1.76500000,1250.70000000,1.865
1749266628,1.76400000,190.00000000,1.865
1749266628,1.76300000,26.30000000,1.865
1749266628,1.76200000,68.10000000,1.865
1749266628,1.76100000,39.20000000,1.865
1749266628,1.76000000,1256.00000000,1.865
1749266628,1.75900000,3.00000000,1.865
1749266628,1.75800000,598.40000000,1.865
1749266628,1.75700000,23.80000000,1.865
1749266930,1.90500000,57.70000000,1.903
1749266930,1.90400000,1804.80000000,1.903
1749266930,1.90300000,5189.00000000,1.903
1749266930,1.90200000,43.90000000,1.903
1749266930,1.90100000,427.70000000,1.903
1749266930,1.90000000,1923.70000000,1.903
1749266930,1.89900000,208.30000000,1.903
1749266930,1.89800000,1584.20000000,1.903
1749266930,1.89700000,52.70000000,1.903
1749266930,1.89600000,258.00000000,1.903
1749266930,1.89500000,135.50000000,1.903
1749266930,1.89400000,71.50000000,1.903
1749266930,1.89300000,1904.50000000,1.903
1749266930,1.89200000,77.10000000,1.903
1749266930,1.89100000,78.30000000,1.903
1749266930,1.89000000,118.90000000,1.903
1749266930,1.88900000,2125.80000000,1.903
1749266930,1.88800000,21.40000000,1.903
1749266930,1.88700000,105.90000000,1.903
1749266930,1.88600000,922.80000000,1.903
1749266930,1.88500000,463.70000000,1.903
1749266930,1.88400000,121.10000000,1.903
1749266930,1.88300000,776.30000000,1.903
1749266930,1.88200000,759.30000000,1.903
1749266930,1.88100000,176.40000000,1.903
1749266930,1.88000000,1203.20000000,1.903
1749266930,1.87900000,17934.70000000,1.903
1749266930,1.87800000,1033.60000000,1.903
1749266930,1.87700000,411.20000000,1.903
1749266930,1.87600000,85.00000000,1.903
1749266930,1.87500000,31.00000000,1.903
1749266930,1.87400000,539.40000000,1.903
1749266930,1.87300000,213.80000000,1.903
1749266930,1.87200000,64.00000000,1.903
1749266930,1.87100000,85.50000000,1.903
1749266930,1.87000000,2410.20000000,1.903
1749266930,1.86900000,24813.00000000,1.903
1749266930,1.86800000,408.70000000,1.903
1749266930,1.86700000,2127.60000000,1.903
1749266930,1.86600000,19.00000000,1.903
1749266930,1.86500000,540.80000000,1.903
1749266930,1.86400000,497.70000000,1.903
1749266930,1.86300000,9.70000000,1.903
1749266930,1.86200000,61.80000000,1.903
1749266930,1.86100000,470.50000000,1.903
1749266930,1.86000000,156.10000000,1.903
1749266930,1.85900000,3581.00000000,1.903
1749266930,1.85800000,1199.10000000,1.903
1749266930,1.85700000,22.10000000,1.903
1749266930,1.85600000,1705.10000000,1.903
1749266930,1.85500000,6088.30000000,1.903
1749266930,1.85400000,662.70000000,1.903
1749266930,1.85300000,3490.80000000,1.903
1749266930,1.85200000,4064.30000000,1.903
1749266930,1.85100000,2640.30000000,1.903
1749266930,1.85000000,28434.60000000,1.903
1749266930,1.84900000,403.90000000,1.903
1749266930,1.84800000,733.70000000,1.903
1749266930,1.84700000,318.60000000,1.903
1749266930,1.84600000,411.10000000,1.903
1749266930,1.84500000,1451.50000000,1.903
1749266930,1.84400000,83.50000000,1.903
1749266930,1.84300000,293.30000000,1.903
1749266930,1.84200000,3458.20000000,1.903
1749266930,1.84100000,192.60000000,1.903
1749266930,1.84000000,13557.40000000,1.903
1749266930,1.83900000,16.90000000,1.903
1749266930,1.83800000,123.90000000,1.903
1749266930,1.83700000,207.00000000,1.903
1749266930,1.83600000,892.50000000,1.903
1749266930,1.83500000,1034.80000000,1.903
1749266930,1.83400000,188.10000000,1.903
1749266930,1.83300000,4.10000000,1.903
1749266930,1.83200000,3.30000000,1.903
1749266930,1.83100000,793.00000000,1.903
1749266930,1.83000000,1585.50000000,1.903
1749266930,1.82900000,108.30000000,1.903
1749266930,1.82800000,469.40000000,1.903
1749266930,1.82700000,2385.70000000,1.903
1749266930,1.82600000,2829.70000000,1.903
1749266930,1.82500000,4415.80000000,1.903
1749266930,1.82400000,308.30000000,1.903
1749266930,1.82300000,1101.50000000,1.903
1749266930,1.82200000,608.70000000,1.903
1749266930,1.82100000,1949.80000000,1.903
1749266930,1.82000000,25701.90000000,1.903
1749266930,1.81800000,50.00000000,1.903
1749266930,1.81700000,475.40000000,1.903
1749266930,1.81600000,811.60000000,1.903
1749266930,1.81500000,193.10000000,1.903
1749266930,1.81400000,5.00000000,1.903
1749266930,1.81300000,267.80000000,1.903
1749266930,1.81200000,262.70000000,1.903
1749266930,1.81100000,36.10000000,1.903
1749266930,1.81000000,5146.80000000,1.903
1749266930,1.80900000,41.70000000,1.903
1749266930,1.80800000,3110.90000000,1.903
1749266930,1.80700000,4.60000000,1.903
1749266930,1.80600000,159.20000000,1.903
1749266930,1.80500000,35785.80000000,1.903
1749267231,1.86700000,267.60000000,1.867
1749267231,1.86600000,427.20000000,1.867
1749267231,1.86500000,68.00000000,1.867
1749267231,1.86400000,569.20000000,1.867
1749267231,1.86300000,184.40000000,1.867
1749267231,1.86200000,246.80000000,1.867
1749267231,1.86100000,632.10000000,1.867
1749267231,1.86000000,565.20000000,1.867
1749267231,1.85900000,572.20000000,1.867
1749267231,1.85800000,1314.20000000,1.867
1749267231,1.85700000,171.00000000,1.867
1749267231,1.85600000,644.30000000,1.867
1749267231,1.85500000,117.50000000,1.867
1749267231,1.85400000,525.40000000,1.867
1749267231,1.85300000,778.10000000,1.867
1749267231,1.85200000,2919.90000000,1.867
1749267231,1.85100000,4241.00000000,1.867
1749267231,1.85000000,30351.70000000,1.867
1749267231,1.84900000,259.50000000,1.867
1749267231,1.84800000,291.60000000,1.867
1749267231,1.84700000,287.60000000,1.867
1749267231,1.84600000,622.10000000,1.867
1749267231,1.84500000,462.30000000,1.867
1749267231,1.84400000,308.90000000,1.867
1749267231,1.84300000,1050.30000000,1.867
1749267231,1.84200000,42428.60000000,1.867
1749267231,1.84100000,694.40000000,1.867
1749267231,1.84000000,8937.10000000,1.867
1749267231,1.83900000,35.40000000,1.867
1749267231,1.83800000,144.00000000,1.867
1749267231,1.83700000,1303.10000000,1.867
1749267231,1.83600000,2828.10000000,1.867
1749267231,1.83500000,1235.70000000,1.867
1749267231,1.83400000,2023.40000000,1.867
1749267231,1.83300000,1006.90000000,1.867
1749267231,1.83200000,241.40000000,1.867
1749267231,1.83100000,1760.50000000,1.867
1749267231,1.83000000,3281.10000000,1.867
1749267231,1.82800000,2749.00000000,1.867
1749267231,1.82700000,73.60000000,1.867
1749267231,1.82600000,421.00000000,1.867
1749267231,1.82500000,6353.20000000,1.867
1749267231,1.82400000,1652.10000000,1.867
1749267231,1.82300000,1077.50000000,1.867
1749267231,1.82200000,1473.80000000,1.867
1749267231,1.82100000,1813.60000000,1.867
1749267231,1.82000000,25701.90000000,1.867
1749267231,1.81900000,1742.50000000,1.867
1749267231,1.81800000,122.30000000,1.867
1749267231,1.81700000,2427.20000000,1.867
1749267231,1.81600000,152.00000000,1.867
1749267231,1.81500000,119.90000000,1.867
1749267231,1.81400000,5.00000000,1.867
1749267231,1.81300000,150.20000000,1.867
1749267231,1.81200000,317.30000000,1.867
1749267231,1.81100000,697.50000000,1.867
1749267231,1.81000000,4884.30000000,1.867
1749267231,1.80900000,41.70000000,1.867
1749267231,1.80800000,5277.30000000,1.867
1749267231,1.80700000,4.60000000,1.867
1749267231,1.80600000,1008.90000000,1.867
1749267231,1.80500000,36348.30000000,1.867
1749267231,1.80400000,628.10000000,1.867
1749267231,1.80300000,2113.60000000,1.867
1749267231,1.80200000,228.30000000,1.867
1749267231,1.80100000,8258.00000000,1.867
1749267231,1.80000000,19896.40000000,1.867
1749267231,1.79900000,1656.10000000,1.867
1749267231,1.79800000,339.40000000,1.867
1749267231,1.79700000,220.40000000,1.867
1749267231,1.79500000,422.80000000,1.867
1749267231,1.79400000,3.40000000,1.867
1749267231,1.79300000,556.60000000,1.867
1749267231,1.79000000,522.00000000,1.867
1749267231,1.78900000,10643.30000000,1.867
1749267231,1.78800000,45.10000000,1.867
1749267231,1.78700000,51.30000000,1.867
1749267231,1.78500000,163.10000000,1.867
1749267231,1.78200000,11.10000000,1.867
1749267231,1.78100000,2.90000000,1.867
1749267231,1.78000000,3243.80000000,1.867
1749267231,1.77900000,60.00000000,1.867
1749267231,1.77800000,56.20000000,1.867
1749267231,1.77700000,1489.10000000,1.867
1749267231,1.77600000,557.40000000,1.867
1749267231,1.77500000,168.80000000,1.867
1749267231,1.77400000,9.10000000,1.867
1749267231,1.77200000,431.80000000,1.867
1749267231,1.77100000,22.80000000,1.867
1749267231,1.77000000,1000.60000000,1.867
1749267231,1.76900000,14.30000000,1.867
1749267231,1.76800000,557.00000000,1.867
1749267231,1.76500000,7076.40000000,1.867
1749267231,1.76400000,1160.90000000,1.867
1749267231,1.76300000,37.50000000,1.867
1749267231,1.76100000,70.50000000,1.867
1749267231,1.76000000,1244.80000000,1.867
1749267231,1.75900000,230.10000000,1.867
1749267231,1.75800000,598.40000000,1.867
1749267231,1.75700000,80.10000000,1.867
1749267533,1.85400000,977.90000000,1.854
1749267533,1.85300000,411.40000000,1.854
1749267533,1.85200000,572.80000000,1.854
1749267533,1.85100000,294.40000000,1.854
1749267533,1.85000000,31.20000000,1.854
1749267533,1.84900000,144.60000000,1.854
1749267533,1.84800000,242.50000000,1.854
1749267533,1.84700000,692.70000000,1.854
1749267533,1.84600000,1247.60000000,1.854
1749267533,1.84500000,893.10000000,1.854
1749267533,1.84400000,770.10000000,1.854
1749267533,1.84300000,5584.30000000,1.854
1749267533,1.84200000,817.00000000,1.854
1749267533,1.84100000,619.30000000,1.854
1749267533,1.84000000,11814.10000000,1.854
1749267533,1.83900000,575.40000000,1.854
1749267533,1.83800000,9289.40000000,1.854
1749267533,1.83700000,669.30000000,1.854
1749267533,1.83600000,1198.90000000,1.854
1749267533,1.83500000,1871.00000000,1.854
1749267533,1.83400000,719.70000000,1.854
1749267533,1.83300000,229.90000000,1.854
1749267533,1.83200000,964.20000000,1.854
1749267533,1.83100000,1356.70000000,1.854
1749267533,1.83000000,650.30000000,1.854
1749267533,1.82900000,756.00000000,1.854
1749267533,1.82800000,4560.70000000,1.854
1749267533,1.82700000,5920.50000000,1.854
1749267533,1.82600000,858.10000000,1.854
1749267533,1.82500000,11465.60000000,1.854
1749267533,1.82400000,10523.00000000,1.854
1749267533,1.82300000,170.60000000,1.854
1749267533,1.82200000,584.10000000,1.854
1749267533,1.82100000,1682.00000000,1.854
1749267533,1.82000000,27252.60000000,1.854
1749267533,1.81900000,7712.80000000,1.854
1749267533,1.81800000,5104.10000000,1.854
1749267533,1.81700000,2416.20000000,1.854
1749267533,1.81600000,4419.40000000,1.854
1749267533,1.81500000,390.50000000,1.854
1749267533,1.81400000,2962.40000000,1.854
1749267533,1.81300000,393.90000000,1.854
1749267533,1.81200000,1833.00000000,1.854
1749267533,1.81100000,1951.80000000,1.854
1749267533,1.81000000,7261.00000000,1.854
1749267533,1.80900000,486.60000000,1.854
1749267533,1.80800000,4829.50000000,1.854
1749267533,1.80700000,2228.30000000,1.854
1749267533,1.80600000,312.60000000,1.854
1749267533,1.80500000,39733.70000000,1.854
1749267533,1.80400000,1759.40000000,1.854
1749267533,1.80300000,654.50000000,1.854
1749267533,1.80200000,247.40000000,1.854
1749267533,1.80100000,539.70000000,1.854
1749267533,1.80000000,53885.00000000,1.854
1749267533,1.79900000,610.90000000,1.854
1749267533,1.79800000,9.00000000,1.854
1749267533,1.79700000,1932.60000000,1.854
1749267533,1.79600000,641.70000000,1.854
1749267533,1.79500000,513.70000000,1.854
1749267533,1.79400000,427.70000000,1.854
1749267533,1.79300000,902.60000000,1.854
1749267533,1.79100000,607.20000000,1.854
1749267533,1.79000000,644.50000000,1.854
1749267533,1.78900000,8904.50000000,1.854
1749267533,1.78800000,1129.80000000,1.854
1749267533,1.78700000,51.30000000,1.854
1749267533,1.78600000,125.80000000,1.854
1749267533,1.78500000,1344.50000000,1.854
1749267533,1.78400000,111.00000000,1.854
1749267533,1.78300000,1887.80000000,1.854
1749267533,1.78100000,2458.20000000,1.854
1749267533,1.78000000,5350.90000000,1.854
1749267533,1.77900000,60.00000000,1.854
1749267533,1.77800000,56.20000000,1.854
1749267533,1.77700000,1125.40000000,1.854
1749267533,1.77500000,168.80000000,1.854
1749267533,1.77400000,9.10000000,1.854
1749267533,1.77300000,125.70000000,1.854
1749267533,1.77200000,537.40000000,1.854
1749267533,1.77100000,22.80000000,1.854
1749267533,1.77000000,862.80000000,1.854
1749267533,1.76900000,1015.10000000,1.854
1749267533,1.76800000,441.30000000,1.854
1749267533,1.76500000,1280.70000000,1.854
1749267533,1.76400000,38.50000000,1.854
1749267533,1.76300000,29.20000000,1.854
1749267533,1.76200000,268.50000000,1.854
1749267533,1.76100000,36.30000000,1.854
1749267533,1.76000000,1244.80000000,1.854
1749267533,1.75900000,584.60000000,1.854
1749267533,1.75800000,598.40000000,1.854
1749267533,1.75700000,903.30000000,1.854
1749267533,1.75600000,495.70000000,1.854
1749267533,1.75500000,283.80000000,1.854
1749267533,1.75400000,4.70000000,1.854
1749267533,1.75300000,11.20000000,1.854
1749267533,1.75100000,10714.70000000,1.854
1749267533,1.75000000,45854.90000000,1.854
1749267533,1.74900000,349.00000000,1.854
1749267834,1.84800000,2309.50000000,1.85
1749267834,1.84700000,1074.90000000,1.85
1749267834,1.84600000,649.50000000,1.85
1749267834,1.84500000,782.90000000,1.85
1749267834,1.84400000,1464.00000000,1.85
1749267834,1.84300000,607.20000000,1.85
1749267834,1.84200000,561.10000000,1.85
1749267834,1.84100000,936.20000000,1.85
1749267834,1.84000000,5982.60000000,1.85
1749267834,1.83900000,2098.90000000,1.85
1749267834,1.83800000,7293.70000000,1.85
1749267834,1.83700000,744.00000000,1.85
1749267834,1.83600000,1364.70000000,1.85
1749267834,1.83500000,4444.50000000,1.85
1749267834,1.83400000,908.80000000,1.85
1749267834,1.83300000,439.00000000,1.85
1749267834,1.83200000,413.00000000,1.85
1749267834,1.83100000,28638.10000000,1.85
1749267834,1.83000000,824.00000000,1.85
1749267834,1.82900000,18.40000000,1.85
1749267834,1.82800000,8086.70000000,1.85
1749267834,1.82700000,608.60000000,1.85
1749267834,1.82600000,2578.90000000,1.85
1749267834,1.82500000,8502.70000000,1.85
1749267834,1.82400000,2975.60000000,1.85
1749267834,1.82300000,896.20000000,1.85
1749267834,1.82200000,315.40000000,1.85
1749267834,1.82100000,2521.40000000,1.85
1749267834,1.82000000,27424.30000000,1.85
1749267834,1.81900000,19.30000000,1.85
1749267834,1.81800000,570.90000000,1.85
1749267834,1.81700000,61.80000000,1.85
1749267834,1.81600000,1254.40000000,1.85
1749267834,1.81500000,390.50000000,1.85
1749267834,1.81400000,4322.70000000,1.85
1749267834,1.81300000,29.00000000,1.85
1749267834,1.81200000,2229.20000000,1.85
1749267834,1.81100000,96.80000000,1.85
1749267834,1.81000000,4280.30000000,1.85
1749267834,1.80900000,41.70000000,1.85
1749267834,1.80800000,3840.00000000,1.85
1749267834,1.80700000,2427.40000000,1.85
1749267834,1.80600000,860.50000000,1.85
1749267834,1.80500000,36424.40000000,1.85
1749267834,1.80400000,1528.70000000,1.85
1749267834,1.80300000,7318.60000000,1.85
1749267834,1.80200000,442.00000000,1.85
1749267834,1.80100000,1021.20000000,1.85
1749267834,1.80000000,20858.40000000,1.85
1749267834,1.79900000,2623.50000000,1.85
1749267834,1.79800000,64.50000000,1.85
1749267834,1.79600000,669.30000000,1.85
1749267834,1.79500000,500.40000000,1.85
1749267834,1.79400000,1879.60000000,1.85
1749267834,1.79300000,284.90000000,1.85
1749267834,1.79100000,55.20000000,1.85
1749267834,1.79000000,582.80000000,1.85
1749267834,1.78900000,8904.50000000,1.85
1749267834,1.78800000,45.10000000,1.85
1749267834,1.78700000,204.50000000,1.85
1749267834,1.78600000,270.70000000,1.85
1749267834,1.78500000,13.40000000,1.85
1749267834,1.78400000,998.50000000,1.85
1749267834,1.78300000,498.50000000,1.85
1749267834,1.78000000,3623.90000000,1.85
1749267834,1.77900000,185.30000000,1.85
1749267834,1.77800000,729.90000000,1.85
1749267834,1.77700000,1125.40000000,1.85
1749267834,1.77600000,2465.10000000,1.85
1749267834,1.77500000,4961.40000000,1.85
1749267834,1.77400000,1360.80000000,1.85
1749267834,1.77300000,67.30000000,1.85
1749267834,1.77200000,526.30000000,1.85
1749267834,1.77100000,5798.80000000,1.85
1749267834,1.77000000,988.70000000,1.85
1749267834,1.76900000,1932.90000000,1.85
1749267834,1.76800000,171.40000000,1.85
