timestamp,price,volume,current_price
1749254686,0.19550000,2410.90000000,0.1955
1749254686,0.19540000,38057.40000000,0.1955
1749254686,0.19530000,50059.50000000,0.1955
1749254686,0.19520000,41888.20000000,0.1955
1749254686,0.19510000,44599.10000000,0.1955
1749254686,0.19500000,70308.90000000,0.1955
1749254686,0.19490000,22496.50000000,0.1955
1749254686,0.19480000,12411.00000000,0.1955
1749254686,0.19470000,11651.70000000,0.1955
1749254686,0.19460000,17413.10000000,0.1955
1749254686,0.19450000,14689.60000000,0.1955
1749254686,0.19440000,9399.40000000,0.1955
1749254686,0.19430000,10604.90000000,0.1955
1749254686,0.19420000,16377.00000000,0.1955
1749254686,0.19410000,9422.90000000,0.1955
1749254686,0.19400000,6133.80000000,0.1955
1749254686,0.19390000,9392.90000000,0.1955
1749254686,0.19380000,1696.60000000,0.1955
1749254686,0.19370000,9467.50000000,0.1955
1749254686,0.19360000,1696.70000000,0.1955
1749254686,0.19350000,15684.50000000,0.1955
1749254686,0.19340000,6570.50000000,0.1955
1749254686,0.19330000,1625.30000000,0.1955
1749254686,0.19320000,2234.50000000,0.1955
1749254686,0.19310000,1827.40000000,0.1955
1749254686,0.19300000,1620.40000000,0.1955
1749254686,0.19290000,2862.00000000,0.1955
1749254686,0.19270000,4411.70000000,0.1955
1749254686,0.19260000,2219.50000000,0.1955
1749254686,0.19250000,1530.00000000,0.1955
1749254686,0.19230000,5682.20000000,0.1955
1749254686,0.19220000,1756.40000000,0.1955
1749254686,0.19210000,1559.80000000,0.1955
1749254686,0.19200000,15337.40000000,0.1955
1749254686,0.19190000,1978.00000000,0.1955
1749254686,0.19170000,1530.00000000,0.1955
1749254686,0.19160000,521.90000000,0.1955
1749254686,0.19150000,2103.50000000,0.1955
1749254686,0.19130000,1686.70000000,0.1955
1749254686,0.19110000,13116.40000000,0.1955
1749254686,0.19070000,5046.60000000,0.1955
1749254686,0.19060000,262.30000000,0.1955
1749254686,0.19040000,86.20000000,0.1955
1749254686,0.19030000,22826.10000000,0.1955
1749254686,0.19010000,1726.30000000,0.1955
1749254686,0.19000000,11963.50000000,0.1955
1749254686,0.18980000,27.70000000,0.1955
1749254686,0.18960000,86.70000000,0.1955
1749254686,0.18920000,56.90000000,0.1955
1749254686,0.18910000,1977.00000000,0.1955
1749254686,0.18900000,1512.00000000,0.1955
1749254686,0.18880000,480.20000000,0.1955
1749254686,0.18870000,30214.70000000,0.1955
1749254686,0.18850000,689.50000000,0.1955
1749254686,0.18820000,59.60000000,0.1955
1749254686,0.18810000,800.20000000,0.1955
1749254686,0.18800000,8591.00000000,0.1955
1749254686,0.18760000,522.40000000,0.1955
1749254686,0.18750000,954.40000000,0.1955
1749254686,0.18740000,2668.00000000,0.1955
1749254686,0.18720000,322.80000000,0.1955
1749254686,0.18700000,2713.90000000,0.1955
1749254686,0.18640000,125.40000000,0.1955
1749254686,0.18610000,2477.50000000,0.1955
1749254686,0.18600000,3264.10000000,0.1955
1749254686,0.18570000,58.70000000,0.1955
1749254686,0.18550000,161.70000000,0.1955
1749254686,0.18540000,48.00000000,0.1955
1749254686,0.18530000,104.60000000,0.1955
1749254686,0.18520000,27.70000000,0.1955
1749254686,0.18500000,11122.80000000,0.1955
1749254686,0.18490000,33.00000000,0.1955
1749254686,0.18470000,39.00000000,0.1955
1749254686,0.18440000,689.50000000,0.1955
1749254686,0.18420000,328.10000000,0.1955
1749254686,0.18400000,1388.70000000,0.1955
1749254686,0.18380000,65.30000000,0.1955
1749254686,0.18330000,109.10000000,0.1955
1749254686,0.18290000,64.00000000,0.1955
1749254686,0.18260000,238.30000000,0.1955
1749254686,0.18250000,5971.40000000,0.1955
1749254686,0.18240000,54.00000000,0.1955
1749254686,0.18220000,684.60000000,0.1955
1749254686,0.18210000,1911.50000000,0.1955
1749254686,0.18200000,121386.40000000,0.1955
1749254686,0.18180000,637.00000000,0.1955
1749254686,0.18150000,446.00000000,0.1955
1749254686,0.18140000,122.10000000,0.1955
1749254686,0.18130000,333.30000000,0.1955
1749254686,0.18100000,220.90000000,0.1955
1749254686,0.18080000,55.80000000,0.1955
1749254686,0.18070000,965.20000000,0.1955
1749254686,0.18060000,61.20000000,0.1955
1749254686,0.18050000,140.00000000,0.1955
1749254686,0.18040000,689.50000000,0.1955
1749254686,0.18020000,44.30000000,0.1955
1749254686,0.18010000,33.40000000,0.1955
1749254686,0.18000000,36412.80000000,0.1955
1749254686,0.17990000,63.80000000,0.1955
1749254686,0.17930000,82.70000000,0.1955
1749255005,0.19580000,10036.30000000,0.1957
1749255005,0.19570000,21316.40000000,0.1957
1749255005,0.19560000,32606.00000000,0.1957
1749255005,0.19550000,51891.30000000,0.1957
1749255005,0.19540000,78501.40000000,0.1957
1749255005,0.19530000,82054.10000000,0.1957
1749255005,0.19520000,19691.10000000,0.1957
1749255005,0.19510000,12300.30000000,0.1957
1749255005,0.19500000,12271.80000000,0.1957
1749255005,0.19490000,13971.10000000,0.1957
1749255005,0.19480000,11785.90000000,0.1957
1749255005,0.19470000,11798.80000000,0.1957
1749255005,0.19460000,19974.60000000,0.1957
1749255005,0.19450000,7773.90000000,0.1957
1749255005,0.19440000,5918.50000000,0.1957
1749255005,0.19430000,5841.30000000,0.1957
1749255005,0.19420000,5923.90000000,0.1957
1749255005,0.19410000,13682.90000000,0.1957
1749255005,0.19400000,6133.40000000,0.1957
1749255005,0.19390000,12948.60000000,0.1957
1749255005,0.19380000,1568.70000000,0.1957
1749255005,0.19370000,1568.70000000,0.1957
1749255005,0.19360000,2233.50000000,0.1957
1749255005,0.19350000,6709.10000000,0.1957
1749255005,0.19340000,1568.40000000,0.1957
1749255005,0.19330000,1625.30000000,0.1957
1749255005,0.19320000,1568.50000000,0.1957
1749255005,0.19310000,1827.40000000,0.1957
1749255005,0.19300000,1620.40000000,0.1957
1749255005,0.19290000,2862.00000000,0.1957
1749255005,0.19280000,3481.20000000,0.1957
1749255005,0.19270000,1530.00000000,0.1957
1749255005,0.19260000,2219.50000000,0.1957
1749255005,0.19250000,1530.00000000,0.1957
1749255005,0.19240000,15321.80000000,0.1957
1749255005,0.19230000,2194.80000000,0.1957
1749255005,0.19220000,1756.40000000,0.1957
1749255005,0.19210000,1563.90000000,0.1957
1749255005,0.19190000,1978.00000000,0.1957
1749255005,0.19170000,1530.00000000,0.1957
1749255005,0.19160000,521.90000000,0.1957
1749255005,0.19150000,2103.50000000,0.1957
1749255005,0.19130000,156.70000000,0.1957
1749255005,0.19120000,3510.30000000,0.1957
1749255005,0.19110000,13116.40000000,0.1957
1749255005,0.19070000,22752.80000000,0.1957
1749255005,0.19060000,262.30000000,0.1957
1749255005,0.19040000,86.20000000,0.1957
1749255005,0.19030000,50.00000000,0.1957
1749255005,0.19010000,1726.30000000,0.1957
1749255005,0.19000000,11963.50000000,0.1957
1749255005,0.18980000,27.70000000,0.1957
1749255005,0.18960000,86.70000000,0.1957
1749255005,0.18920000,56.90000000,0.1957
1749255005,0.18910000,2136.50000000,0.1957
1749255005,0.18900000,31695.90000000,0.1957
1749255005,0.18880000,480.20000000,0.1957
1749255005,0.18850000,689.50000000,0.1957
1749255005,0.18820000,59.60000000,0.1957
1749255005,0.18810000,800.20000000,0.1957
1749255005,0.18800000,8591.00000000,0.1957
1749255005,0.18760000,522.40000000,0.1957
1749255005,0.18750000,954.40000000,0.1957
1749255005,0.18740000,2668.00000000,0.1957
1749255005,0.18720000,322.80000000,0.1957
1749255005,0.18700000,2713.90000000,0.1957
1749255005,0.18640000,125.40000000,0.1957
1749255005,0.18610000,2477.50000000,0.1957
1749255005,0.18600000,3264.10000000,0.1957
1749255005,0.18570000,58.70000000,0.1957
1749255005,0.18550000,161.70000000,0.1957
1749255005,0.18540000,48.00000000,0.1957
1749255005,0.18530000,104.60000000,0.1957
1749255005,0.18520000,27.70000000,0.1957
1749255005,0.18500000,11122.80000000,0.1957
1749255005,0.18490000,33.00000000,0.1957
1749255005,0.18470000,39.00000000,0.1957
1749255005,0.18440000,689.50000000,0.1957
1749255005,0.18420000,328.10000000,0.1957
1749255005,0.18400000,1388.70000000,0.1957
1749255005,0.18380000,65.30000000,0.1957
1749255005,0.18330000,109.10000000,0.1957
1749255005,0.18290000,64.00000000,0.1957
1749255005,0.18260000,238.30000000,0.1957
1749255005,0.18250000,5971.40000000,0.1957
1749255005,0.18240000,54.00000000,0.1957
1749255005,0.18220000,684.60000000,0.1957
1749255005,0.18210000,1856.00000000,0.1957
1749255005,0.18200000,121386.40000000,0.1957
1749255005,0.18180000,637.00000000,0.1957
1749255005,0.18150000,446.00000000,0.1957
1749255005,0.18140000,122.10000000,0.1957
1749255005,0.18130000,333.30000000,0.1957
1749255005,0.18100000,220.90000000,0.1957
1749255005,0.18080000,55.80000000,0.1957
1749255005,0.18070000,965.20000000,0.1957
1749255005,0.18060000,61.20000000,0.1957
1749255005,0.18050000,140.00000000,0.1957
1749255005,0.18040000,689.50000000,0.1957
1749255005,0.18020000,44.30000000,0.1957
