timestamp,price,volume,current_price
1749260829,0.19770000,10507.00000000,0.1977
1749260829,0.19760000,28711.70000000,0.1977
1749260829,0.19750000,57699.20000000,0.1977
1749260829,0.19740000,71409.70000000,0.1977
1749260829,0.19730000,60317.90000000,0.1977
1749260829,0.19720000,34694.40000000,0.1977
1749260829,0.19710000,24432.10000000,0.1977
1749260829,0.19700000,22216.00000000,0.1977
1749260829,0.19690000,9385.80000000,0.1977
1749260829,0.19680000,10463.00000000,0.1977
1749260829,0.19670000,12786.70000000,0.1977
1749260829,0.19660000,14088.70000000,0.1977
1749260829,0.19650000,10518.80000000,0.1977
1749260829,0.19640000,8294.80000000,0.1977
1749260829,0.19630000,8189.40000000,0.1977
1749260829,0.19620000,5774.20000000,0.1977
1749260829,0.19610000,5918.10000000,0.1977
1749260829,0.19600000,19520.10000000,0.1977
1749260829,0.19590000,5740.50000000,0.1977
1749260829,0.19580000,10680.40000000,0.1977
1749260829,0.19570000,42895.40000000,0.1977
1749260829,0.19560000,1568.40000000,0.1977
1749260829,0.19550000,8752.90000000,0.1977
1749260829,0.19540000,1568.40000000,0.1977
1749260829,0.19530000,1778.50000000,0.1977
1749260829,0.19520000,1568.40000000,0.1977
1749260829,0.19510000,1568.50000000,0.1977
1749260829,0.19500000,2081.30000000,0.1977
1749260829,0.19490000,1568.50000000,0.1977
1749260829,0.19480000,1568.50000000,0.1977
1749260829,0.19470000,1568.50000000,0.1977
1749260829,0.19460000,1568.60000000,0.1977
1749260829,0.19450000,3943.70000000,0.1977
1749260829,0.19440000,3783.50000000,0.1977
1749260829,0.19430000,3545.50000000,0.1977
1749260829,0.19400000,1775.80000000,0.1977
1749260829,0.19390000,67286.20000000,0.1977
1749260829,0.19360000,1530.00000000,0.1977
1749260829,0.19350000,13046.70000000,0.1977
1749260829,0.19330000,56.90000000,0.1977
1749260829,0.19320000,155.20000000,0.1977
1749260829,0.19310000,258.90000000,0.1977
1749260829,0.19300000,51.90000000,0.1977
1749260829,0.19260000,689.50000000,0.1977
1749260829,0.19230000,664.80000000,0.1977
1749260829,0.19220000,226.40000000,0.1977
1749260829,0.19210000,65.10000000,0.1977
1749260829,0.19200000,7798.80000000,0.1977
1749260829,0.19190000,26.20000000,0.1977
1749260829,0.19160000,521.90000000,0.1977
1749260829,0.19150000,573.50000000,0.1977
1749260829,0.19110000,55.00000000,0.1977
1749260829,0.19060000,262.30000000,0.1977
1749260829,0.19040000,86.20000000,0.1977
1749260829,0.19030000,50.00000000,0.1977
1749260829,0.19010000,1726.30000000,0.1977
1749260829,0.19000000,12915.10000000,0.1977
1749260829,0.18960000,86.70000000,0.1977
1749260829,0.18930000,36.40000000,0.1977
1749260829,0.18920000,56.90000000,0.1977
1749260829,0.18910000,1977.00000000,0.1977
1749260829,0.18900000,1512.00000000,0.1977
1749260829,0.18880000,480.20000000,0.1977
1749260829,0.18850000,689.50000000,0.1977
1749260829,0.18840000,212.30000000,0.1977
1749260829,0.18820000,31.80000000,0.1977
1749260829,0.18810000,800.20000000,0.1977
1749260829,0.18800000,7629.30000000,0.1977
1749260829,0.18760000,522.40000000,0.1977
1749260829,0.18750000,954.40000000,0.1977
1749260829,0.18740000,2668.00000000,0.1977
1749260829,0.18720000,322.80000000,0.1977
1749260829,0.18700000,2713.90000000,0.1977
1749260829,0.18640000,125.40000000,0.1977
1749260829,0.18610000,2525.90000000,0.1977
1749260829,0.18600000,3264.10000000,0.1977
1749260829,0.18570000,58.70000000,0.1977
1749260829,0.18560000,163.80000000,0.1977
1749260829,0.18550000,161.70000000,0.1977
1749260829,0.18540000,48.00000000,0.1977
1749260829,0.18530000,104.60000000,0.1977
1749260829,0.18520000,27.70000000,0.1977
1749260829,0.18500000,11122.80000000,0.1977
1749260829,0.18490000,33.00000000,0.1977
1749260829,0.18470000,39.00000000,0.1977
1749260829,0.18440000,689.50000000,0.1977
1749260829,0.18420000,328.10000000,0.1977
1749260829,0.18400000,1388.70000000,0.1977
1749260829,0.18380000,65.30000000,0.1977
1749260829,0.18330000,109.10000000,0.1977
1749260829,0.18290000,64.00000000,0.1977
1749260829,0.18260000,238.30000000,0.1977
1749260829,0.18250000,5971.40000000,0.1977
1749260829,0.18240000,54.00000000,0.1977
1749260829,0.18220000,684.60000000,0.1977
1749260829,0.18210000,1560.00000000,0.1977
1749260829,0.18200000,121386.40000000,0.1977
1749260829,0.18180000,637.00000000,0.1977
1749260829,0.18150000,446.00000000,0.1977
1749260829,0.18140000,122.10000000,0.1977
1749261155,0.19790000,25214.80000000,0.1979
1749261155,0.19780000,65765.70000000,0.1979
1749261155,0.19770000,44159.50000000,0.1979
1749261155,0.19760000,37202.00000000,0.1979
1749261155,0.19750000,32676.60000000,0.1979
1749261155,0.19740000,26838.40000000,0.1979
1749261155,0.19730000,42553.70000000,0.1979
1749261155,0.19720000,17711.10000000,0.1979
1749261155,0.19710000,16023.80000000,0.1979
1749261155,0.19700000,15983.50000000,0.1979
1749261155,0.19690000,12484.00000000,0.1979
1749261155,0.19680000,11915.20000000,0.1979
1749261155,0.19670000,9240.00000000,0.1979
1749261155,0.19660000,13011.30000000,0.1979
1749261155,0.19650000,5767.90000000,0.1979
1749261155,0.19640000,9396.50000000,0.1979
1749261155,0.19630000,9589.20000000,0.1979
1749261155,0.19620000,5774.20000000,0.1979
1749261155,0.19610000,5918.10000000,0.1979
1749261155,0.19600000,65316.20000000,0.1979
1749261155,0.19590000,5740.50000000,0.1979
1749261155,0.19580000,9172.50000000,0.1979
1749261155,0.19570000,5744.70000000,0.1979
1749261155,0.19560000,1568.40000000,0.1979
1749261155,0.19550000,4264.00000000,0.1979
1749261155,0.19540000,1568.40000000,0.1979
1749261155,0.19530000,1778.50000000,0.1979
1749261155,0.19520000,1568.40000000,0.1979
1749261155,0.19510000,1568.50000000,0.1979
1749261155,0.19500000,2081.30000000,0.1979
1749261155,0.19490000,1568.50000000,0.1979
1749261155,0.19480000,5013.90000000,0.1979
1749261155,0.19470000,3504.80000000,0.1979
1749261155,0.19460000,1568.60000000,0.1979
1749261155,0.19450000,3943.70000000,0.1979
1749261155,0.19440000,1568.60000000,0.1979
1749261155,0.19430000,91.20000000,0.1979
1749261155,0.19410000,65811.10000000,0.1979
1749261155,0.19400000,5235.50000000,0.1979
1749261155,0.19390000,1530.00000000,0.1979
1749261155,0.19350000,14576.70000000,0.1979
1749261155,0.19330000,56.90000000,0.1979
1749261155,0.19310000,258.90000000,0.1979
1749261155,0.19300000,51.90000000,0.1979
1749261155,0.19260000,689.50000000,0.1979
1749261155,0.19230000,664.80000000,0.1979
1749261155,0.19220000,226.40000000,0.1979
1749261155,0.19210000,65.10000000,0.1979
1749261155,0.19200000,7798.80000000,0.1979
1749261155,0.19190000,26.20000000,0.1979
1749261155,0.19160000,521.90000000,0.1979
1749261155,0.19150000,573.50000000,0.1979
1749261155,0.19110000,55.00000000,0.1979
1749261155,0.19060000,262.30000000,0.1979
1749261155,0.19040000,86.20000000,0.1979
1749261155,0.19030000,50.00000000,0.1979
1749261155,0.19020000,950.40000000,0.1979
1749261155,0.19010000,1726.30000000,0.1979
1749261155,0.19000000,11963.50000000,0.1979
1749261155,0.18960000,86.70000000,0.1979
1749261155,0.18930000,28.60000000,0.1979
1749261155,0.18920000,56.90000000,0.1979
1749261155,0.18910000,1977.00000000,0.1979
1749261155,0.18900000,1512.00000000,0.1979
1749261155,0.18880000,480.20000000,0.1979
1749261155,0.18850000,689.50000000,0.1979
1749261155,0.18840000,212.30000000,0.1979
1749261155,0.18820000,31.80000000,0.1979
1749261155,0.18810000,800.20000000,0.1979
1749261155,0.18800000,7629.30000000,0.1979
1749261155,0.18760000,522.40000000,0.1979
1749261155,0.18750000,954.40000000,0.1979
1749261155,0.18740000,2668.00000000,0.1979
1749261155,0.18720000,322.80000000,0.1979
1749261155,0.18700000,2713.90000000,0.1979
1749261155,0.18640000,125.40000000,0.1979
1749261155,0.18610000,2525.90000000,0.1979
1749261155,0.18600000,3264.10000000,0.1979
1749261155,0.18570000,58.70000000,0.1979
1749261155,0.18560000,163.80000000,0.1979
1749261155,0.18550000,161.70000000,0.1979
1749261155,0.18540000,48.00000000,0.1979
1749261155,0.18530000,104.60000000,0.1979
1749261155,0.18520000,27.70000000,0.1979
1749261155,0.18500000,11122.80000000,0.1979
1749261155,0.18490000,33.00000000,0.1979
1749261155,0.18470000,39.00000000,0.1979
1749261155,0.18440000,689.50000000,0.1979
1749261155,0.18420000,328.10000000,0.1979
1749261155,0.18400000,1388.70000000,0.1979
1749261155,0.18380000,65.30000000,0.1979
1749261155,0.18330000,109.10000000,0.1979
1749261155,0.18290000,64.00000000,0.1979
1749261155,0.18260000,238.30000000,0.1979
1749261155,0.18250000,5971.40000000,0.1979
1749261155,0.18240000,54.00000000,0.1979
1749261155,0.18220000,684.60000000,0.1979
1749261155,0.18210000,1560.00000000,0.1979
1749261155,0.18200000,121386.40000000,0.1979
1749261155,0.18180000,637.00000000,0.1979
1749261460,0.19800000,11504.50000000,0.1981
1749261460,0.19790000,25952.50000000,0.1981
1749261460,0.19780000,67537.60000000,0.1981
1749261460,0.19770000,56016.10000000,0.1981
1749261460,0.19760000,60603.90000000,0.1981
1749261460,0.19750000,32088.30000000,0.1981
1749261460,0.19740000,36065.90000000,0.1981
1749261460,0.19730000,13790.50000000,0.1981
1749261460,0.19720000,11431.50000000,0.1981
1749261460,0.19710000,8881.60000000,0.1981
1749261460,0.19700000,12563.00000000,0.1981
1749261460,0.19690000,9385.80000000,0.1981
1749261460,0.19680000,14273.40000000,0.1981
1749261460,0.19670000,5761.60000000,0.1981
1749261460,0.19660000,9826.70000000,0.1981
1749261460,0.19650000,5767.90000000,0.1981
1749261460,0.19640000,9396.50000000,0.1981
1749261460,0.19630000,4558.70000000,0.1981
1749261460,0.19620000,5774.20000000,0.1981
1749261460,0.19610000,5918.10000000,0.1981
1749261460,0.19600000,65316.20000000,0.1981
1749261460,0.19590000,5740.50000000,0.1981
1749261460,0.19580000,5744.70000000,0.1981
1749261460,0.19570000,9174.30000000,0.1981
1749261460,0.19560000,1568.40000000,0.1981
1749261460,0.19550000,1568.40000000,0.1981
1749261460,0.19540000,2226.70000000,0.1981
1749261460,0.19530000,1119.60000000,0.1981
1749261460,0.19520000,1568.40000000,0.1981
1749261460,0.19510000,1568.50000000,0.1981
1749261460,0.19500000,2081.30000000,0.1981
1749261460,0.19490000,1953.00000000,0.1981
1749261460,0.19480000,5013.90000000,0.1981
1749261460,0.19470000,1568.50000000,0.1981
1749261460,0.19460000,1568.60000000,0.1981
1749261460,0.19450000,3551.60000000,0.1981
1749261460,0.19440000,1568.60000000,0.1981
1749261460,0.19430000,91.20000000,0.1981
1749261460,0.19410000,65811.10000000,0.1981
1749261460,0.19400000,5235.50000000,0.1981
1749261460,0.19390000,1530.00000000,0.1981
1749261460,0.19350000,13046.70000000,0.1981
1749261460,0.19330000,56.90000000,0.1981
1749261460,0.19310000,258.90000000,0.1981
1749261460,0.19300000,51.90000000,0.1981
1749261460,0.19260000,689.50000000,0.1981
1749261460,0.19230000,664.80000000,0.1981
1749261460,0.19220000,226.40000000,0.1981
1749261460,0.19210000,65.10000000,0.1981
1749261460,0.19200000,7798.80000000,0.1981
1749261460,0.19190000,26.20000000,0.1981
1749261460,0.19160000,521.90000000,0.1981
1749261460,0.19150000,573.50000000,0.1981
1749261460,0.19110000,55.00000000,0.1981
1749261460,0.19060000,262.30000000,0.1981
1749261460,0.19040000,86.20000000,0.1981
1749261460,0.19030000,50.00000000,0.1981
1749261460,0.19020000,950.40000000,0.1981
1749261460,0.19010000,1726.30000000,0.1981
1749261460,0.19000000,11963.50000000,0.1981
1749261460,0.18960000,86.70000000,0.1981
1749261460,0.18930000,28.60000000,0.1981
1749261460,0.18920000,56.90000000,0.1981
1749261460,0.18910000,1977.00000000,0.1981
1749261460,0.18900000,1512.00000000,0.1981
1749261460,0.18880000,480.20000000,0.1981
1749261460,0.18850000,689.50000000,0.1981
1749261460,0.18840000,212.30000000,0.1981
1749261460,0.18820000,31.80000000,0.1981
1749261460,0.18810000,800.20000000,0.1981
1749261460,0.18800000,7629.30000000,0.1981
1749261460,0.18760000,522.40000000,0.1981
1749261460,0.18750000,954.40000000,0.1981
1749261460,0.18740000,2668.00000000,0.1981
1749261460,0.18720000,322.80000000,0.1981
1749261460,0.18700000,2713.90000000,0.1981
1749261460,0.18640000,125.40000000,0.1981
1749261460,0.18610000,2525.90000000,0.1981
1749261460,0.18600000,3264.10000000,0.1981
1749261460,0.18570000,58.70000000,0.1981
1749261460,0.18560000,163.80000000,0.1981
1749261460,0.18550000,161.70000000,0.1981
1749261460,0.18540000,48.00000000,0.1981
1749261460,0.18530000,104.60000000,0.1981
1749261460,0.18520000,27.70000000,0.1981
1749261460,0.18500000,11122.80000000,0.1981
1749261460,0.18490000,33.00000000,0.1981
1749261460,0.18470000,39.00000000,0.1981
1749261460,0.18440000,689.50000000,0.1981
1749261460,0.18420000,328.10000000,0.1981
1749261460,0.18400000,1388.70000000,0.1981
1749261460,0.18380000,65.30000000,0.1981
1749261460,0.18330000,109.10000000,0.1981
1749261460,0.18290000,64.00000000,0.1981
1749261460,0.18260000,238.30000000,0.1981
1749261460,0.18250000,5971.40000000,0.1981
1749261460,0.18240000,54.00000000,0.1981
1749261460,0.18220000,684.60000000,0.1981
1749261460,0.18210000,1560.00000000,0.1981
1749261460,0.18200000,121386.40000000,0.1981
1749261776,0.19810000,1485.00000000,0.1981
1749261776,0.19800000,23352.00000000,0.1981
1749261776,0.19790000,56376.30000000,0.1981
1749261776,0.19780000,45986.20000000,0.1981
1749261776,0.19770000,51557.20000000,0.1981
1749261776,0.19760000,21362.40000000,0.1981
1749261776,0.19750000,23423.90000000,0.1981
1749261776,0.19740000,7914.30000000,0.1981
1749261776,0.19730000,7842.10000000,0.1981
1749261776,0.19720000,48270.70000000,0.1981
1749261776,0.19710000,7401.30000000,0.1981
1749261776,0.19700000,5755.10000000,0.1981
1749261776,0.19690000,10248.50000000,0.1981
1749261776,0.19680000,8939.20000000,0.1981
1749261776,0.19670000,5761.60000000,0.1981
1749261776,0.19660000,6196.00000000,0.1981
1749261776,0.19650000,5767.90000000,0.1981
1749261776,0.19640000,5727.60000000,0.1981
1749261776,0.19630000,4520.50000000,0.1981
1749261776,0.19620000,45706.60000000,0.1981
1749261776,0.19610000,9302.60000000,0.1981
1749261776,0.19600000,19933.40000000,0.1981
1749261776,0.19590000,5740.50000000,0.1981
1749261776,0.19580000,6401.90000000,0.1981
1749261776,0.19570000,1568.30000000,0.1981
1749261776,0.19560000,1568.40000000,0.1981
1749261776,0.19550000,1568.40000000,0.1981
1749261776,0.19540000,1568.40000000,0.1981
1749261776,0.19530000,1375.10000000,0.1981
1749261776,0.19520000,1568.40000000,0.1981
1749261776,0.19510000,1568.50000000,0.1981
1749261776,0.19500000,2081.30000000,0.1981
1749261776,0.19490000,1568.50000000,0.1981
1749261776,0.19480000,5013.90000000,0.1981
1749261776,0.19470000,1568.50000000,0.1981
1749261776,0.19460000,1568.60000000,0.1981
1749261776,0.19450000,3551.60000000,0.1981
1749261776,0.19440000,64181.90000000,0.1981
1749261776,0.19430000,52.60000000,0.1981
1749261776,0.19410000,154.50000000,0.1981
1749261776,0.19400000,5235.50000000,0.1981
1749261776,0.19350000,13046.70000000,0.1981
1749261776,0.19330000,56.90000000,0.1981
1749261776,0.19310000,258.90000000,0.1981
1749261776,0.19300000,51.90000000,0.1981
1749261776,0.19280000,7702.20000000,0.1981
1749261776,0.19260000,689.50000000,0.1981
1749261776,0.19230000,664.80000000,0.1981
1749261776,0.19220000,226.40000000,0.1981
1749261776,0.19210000,65.10000000,0.1981
1749261776,0.19190000,26.20000000,0.1981
1749261776,0.19160000,521.90000000,0.1981
1749261776,0.19150000,573.50000000,0.1981
1749261776,0.19110000,55.00000000,0.1981
1749261776,0.19060000,262.30000000,0.1981
1749261776,0.19050000,949.10000000,0.1981
1749261776,0.19040000,86.20000000,0.1981
1749261776,0.19030000,50.00000000,0.1981
1749261776,0.19010000,1726.30000000,0.1981
1749261776,0.19000000,11963.50000000,0.1981
1749261776,0.18960000,86.70000000,0.1981
1749261776,0.18930000,28.60000000,0.1981
1749261776,0.18920000,56.90000000,0.1981
1749261776,0.18910000,1977.00000000,0.1981
1749261776,0.18900000,1512.00000000,0.1981
1749261776,0.18880000,480.20000000,0.1981
1749261776,0.18850000,689.50000000,0.1981
1749261776,0.18840000,212.30000000,0.1981
1749261776,0.18820000,31.80000000,0.1981
1749261776,0.18810000,800.20000000,0.1981
1749261776,0.18800000,7629.30000000,0.1981
1749261776,0.18760000,522.40000000,0.1981
1749261776,0.18750000,954.40000000,0.1981
1749261776,0.18740000,2668.00000000,0.1981
1749261776,0.18720000,322.80000000,0.1981
1749261776,0.18700000,2713.90000000,0.1981
1749261776,0.18640000,125.40000000,0.1981
1749261776,0.18610000,2525.90000000,0.1981
1749261776,0.18600000,3264.10000000,0.1981
1749261776,0.18570000,58.70000000,0.1981
1749261776,0.18560000,163.80000000,0.1981
1749261776,0.18550000,161.70000000,0.1981
1749261776,0.18540000,48.00000000,0.1981
1749261776,0.18530000,104.60000000,0.1981
1749261776,0.18520000,27.70000000,0.1981
1749261776,0.18500000,11122.80000000,0.1981
1749261776,0.18490000,33.00000000,0.1981
1749261776,0.18470000,39.00000000,0.1981
1749261776,0.18440000,689.50000000,0.1981
1749261776,0.18420000,328.10000000,0.1981
1749261776,0.18400000,1388.70000000,0.1981
1749261776,0.18380000,65.30000000,0.1981
1749261776,0.18330000,109.10000000,0.1981
1749261776,0.18290000,64.00000000,0.1981
1749261776,0.18260000,238.30000000,0.1981
1749261776,0.18250000,5971.40000000,0.1981
1749261776,0.18240000,54.00000000,0.1981
1749261776,0.18220000,684.60000000,0.1981
1749261776,0.18210000,1560.00000000,0.1981
1749261776,0.18200000,121386.40000000,0.1981
1749262080,0.19800000,3276.60000000,0.1981
1749262080,0.19790000,18466.80000000,0.1981
1749262080,0.19780000,74173.10000000,0.1981
1749262080,0.19770000,58455.60000000,0.1981
1749262080,0.19760000,29960.00000000,0.1981
1749262080,0.19750000,32311.80000000,0.1981
1749262080,0.19740000,13367.40000000,0.1981
1749262080,0.19730000,11461.80000000,0.1981
1749262080,0.19720000,51442.00000000,0.1981
1749262080,0.19710000,7408.70000000,0.1981
1749262080,0.19700000,10246.00000000,0.1981
1749262080,0.19690000,5755.10000000,0.1981
1749262080,0.19680000,5759.30000000,0.1981
1749262080,0.19670000,5761.60000000,0.1981
1749262080,0.19660000,6196.00000000,0.1981
1749262080,0.19650000,5767.90000000,0.1981
1749262080,0.19640000,5727.60000000,0.1981
1749262080,0.19630000,4520.50000000,0.1981
1749262080,0.19620000,45706.60000000,0.1981
1749262080,0.19610000,5880.00000000,0.1981
1749262080,0.19600000,19520.10000000,0.1981
1749262080,0.19590000,5740.50000000,0.1981
1749262080,0.19580000,6401.90000000,0.1981
1749262080,0.19570000,4997.90000000,0.1981
1749262080,0.19560000,1568.40000000,0.1981
1749262080,0.19550000,1568.40000000,0.1981
1749262080,0.19540000,1568.40000000,0.1981
1749262080,0.19530000,1119.60000000,0.1981
1749262080,0.19520000,1952.20000000,0.1981
1749262080,0.19510000,1568.50000000,0.1981
1749262080,0.19500000,2081.30000000,0.1981
1749262080,0.19490000,1568.50000000,0.1981
1749262080,0.19480000,1568.50000000,0.1981
1749262080,0.19470000,1568.50000000,0.1981
1749262080,0.19460000,1568.60000000,0.1981
1749262080,0.19450000,3551.60000000,0.1981
1749262080,0.19440000,64181.90000000,0.1981
1749262080,0.19430000,3506.90000000,0.1981
1749262080,0.19410000,154.50000000,0.1981
1749262080,0.19400000,5235.50000000,0.1981
1749262080,0.19350000,13046.70000000,0.1981
1749262080,0.19330000,56.90000000,0.1981
1749262080,0.19310000,258.90000000,0.1981
1749262080,0.19300000,51.90000000,0.1981
1749262080,0.19280000,7702.20000000,0.1981
1749262080,0.19260000,689.50000000,0.1981
1749262080,0.19230000,664.80000000,0.1981
1749262080,0.19220000,226.40000000,0.1981
1749262080,0.19210000,65.10000000,0.1981
1749262080,0.19190000,26.20000000,0.1981
1749262080,0.19160000,521.90000000,0.1981
1749262080,0.19150000,573.50000000,0.1981
1749262080,0.19110000,55.00000000,0.1981
1749262080,0.19080000,316.70000000,0.1981
1749262080,0.19060000,262.30000000,0.1981
1749262080,0.19050000,949.10000000,0.1981
1749262080,0.19040000,86.20000000,0.1981
1749262080,0.19030000,50.00000000,0.1981
1749262080,0.19010000,1408.40000000,0.1981
1749262080,0.19000000,11963.50000000,0.1981
1749262080,0.18960000,86.70000000,0.1981
1749262080,0.18930000,28.60000000,0.1981
1749262080,0.18920000,56.90000000,0.1981
1749262080,0.18910000,1977.00000000,0.1981
1749262080,0.18900000,1512.00000000,0.1981
1749262080,0.18880000,480.20000000,0.1981
1749262080,0.18850000,689.50000000,0.1981
1749262080,0.18840000,212.30000000,0.1981
1749262080,0.18820000,31.80000000,0.1981
1749262080,0.18810000,800.20000000,0.1981
1749262080,0.18800000,7629.30000000,0.1981
1749262080,0.18780000,321.80000000,0.1981
1749262080,0.18760000,522.40000000,0.1981
1749262080,0.18750000,954.40000000,0.1981
1749262080,0.18740000,2668.00000000,0.1981
1749262080,0.18700000,2713.90000000,0.1981
1749262080,0.18640000,125.40000000,0.1981
1749262080,0.18610000,2525.90000000,0.1981
1749262080,0.18600000,3264.10000000,0.1981
1749262080,0.18570000,58.70000000,0.1981
1749262080,0.18560000,163.80000000,0.1981
1749262080,0.18550000,161.70000000,0.1981
1749262080,0.18540000,48.00000000,0.1981
1749262080,0.18530000,104.60000000,0.1981
1749262080,0.18520000,27.70000000,0.1981
1749262080,0.18500000,11122.80000000,0.1981
1749262080,0.18490000,359.90000000,0.1981
1749262080,0.18470000,39.00000000,0.1981
1749262080,0.18440000,689.50000000,0.1981
1749262080,0.18400000,1388.70000000,0.1981
1749262080,0.18380000,65.30000000,0.1981
1749262080,0.18330000,109.10000000,0.1981
1749262080,0.18290000,64.00000000,0.1981
1749262080,0.18260000,238.30000000,0.1981
1749262080,0.18250000,5971.40000000,0.1981
1749262080,0.18240000,54.00000000,0.1981
1749262080,0.18220000,684.60000000,0.1981
1749262080,0.18210000,1560.00000000,0.1981
1749262080,0.18200000,121386.40000000,0.1981
1749262080,0.18190000,332.20000000,0.1981
1749262385,0.19900000,4665.50000000,0.1991
1749262385,0.19890000,17716.60000000,0.1991
1749262385,0.19880000,14901.70000000,0.1991
1749262385,0.19870000,37576.70000000,0.1991
1749262385,0.19860000,62146.50000000,0.1991
1749262385,0.19850000,42616.60000000,0.1991
1749262385,0.19840000,21896.30000000,0.1991
1749262385,0.19830000,27163.80000000,0.1991
1749262385,0.19820000,10366.20000000,0.1991
1749262385,0.19810000,16468.60000000,0.1991
1749262385,0.19800000,16995.40000000,0.1991
1749262385,0.19790000,38010.60000000,0.1991
1749262385,0.19780000,5737.90000000,0.1991
1749262385,0.19770000,5740.20000000,0.1991
1749262385,0.19760000,5475.40000000,0.1991
1749262385,0.19750000,5306.20000000,0.1991
1749262385,0.19740000,5746.50000000,0.1991
1749262385,0.19730000,5675.50000000,0.1991
1749262385,0.19720000,5748.80000000,0.1991
1749262385,0.19710000,5250.90000000,0.1991
1749262385,0.19700000,46254.60000000,0.1991
1749262385,0.19690000,5717.00000000,0.1991
1749262385,0.19680000,5721.20000000,0.1991
1749262385,0.19670000,5723.40000000,0.1991
1749262385,0.19660000,9571.70000000,0.1991
1749262385,0.19650000,6111.20000000,0.1991
1749262385,0.19640000,5727.60000000,0.1991
1749262385,0.19630000,4520.50000000,0.1991
1749262385,0.19620000,1568.20000000,0.1991
1749262385,0.19610000,1712.10000000,0.1991
1749262385,0.19600000,15352.20000000,0.1991
1749262385,0.19590000,1568.30000000,0.1991
1749262385,0.19580000,2225.50000000,0.1991
1749262385,0.19570000,4997.90000000,0.1991
1749262385,0.19560000,1568.40000000,0.1991
1749262385,0.19550000,1568.40000000,0.1991
1749262385,0.19540000,1568.40000000,0.1991
1749262385,0.19530000,1119.60000000,0.1991
1749262385,0.19520000,66862.20000000,0.1991
1749262385,0.19510000,1568.50000000,0.1991
1749262385,0.19500000,551.30000000,0.1991
1749262385,0.19490000,153.90000000,0.1991
1749262385,0.19450000,1983.00000000,0.1991
1749262385,0.19440000,13241.20000000,0.1991
1749262385,0.19430000,52.60000000,0.1991
1749262385,0.19400000,245.80000000,0.1991
1749262385,0.19360000,2332.40000000,0.1991
1749262385,0.19340000,7678.30000000,0.1991
1749262385,0.19330000,56.90000000,0.1991
1749262385,0.19310000,258.90000000,0.1991
1749262385,0.19300000,51.90000000,0.1991
1749262385,0.19260000,689.50000000,0.1991
1749262385,0.19230000,664.80000000,0.1991
1749262385,0.19220000,226.40000000,0.1991
1749262385,0.19210000,65.10000000,0.1991
1749262385,0.19190000,26.20000000,0.1991
1749262385,0.19160000,521.90000000,0.1991
1749262385,0.19150000,573.50000000,0.1991
1749262385,0.19110000,55.00000000,0.1991
1749262385,0.19080000,316.70000000,0.1991
1749262385,0.19060000,262.30000000,0.1991
1749262385,0.19050000,949.10000000,0.1991
1749262385,0.19040000,86.20000000,0.1991
1749262385,0.19030000,50.00000000,0.1991
1749262385,0.19010000,1408.40000000,0.1991
1749262385,0.19000000,11963.50000000,0.1991
1749262385,0.18960000,86.70000000,0.1991
1749262385,0.18930000,32.90000000,0.1991
1749262385,0.18920000,56.90000000,0.1991
1749262385,0.18910000,1977.00000000,0.1991
1749262385,0.18900000,1512.00000000,0.1991
1749262385,0.18880000,480.20000000,0.1991
1749262385,0.18850000,689.50000000,0.1991
1749262385,0.18840000,212.30000000,0.1991
1749262385,0.18820000,31.80000000,0.1991
1749262385,0.18810000,800.20000000,0.1991
1749262385,0.18800000,7629.30000000,0.1991
1749262385,0.18780000,321.80000000,0.1991
1749262385,0.18760000,522.40000000,0.1991
1749262385,0.18750000,954.40000000,0.1991
1749262385,0.18740000,2668.00000000,0.1991
1749262385,0.18700000,2713.90000000,0.1991
1749262385,0.18640000,125.40000000,0.1991
1749262385,0.18610000,2525.90000000,0.1991
1749262385,0.18600000,3264.10000000,0.1991
1749262385,0.18570000,58.70000000,0.1991
1749262385,0.18560000,163.80000000,0.1991
1749262385,0.18550000,161.70000000,0.1991
1749262385,0.18540000,48.00000000,0.1991
1749262385,0.18530000,104.60000000,0.1991
1749262385,0.18520000,27.70000000,0.1991
1749262385,0.18500000,11122.80000000,0.1991
1749262385,0.18490000,359.90000000,0.1991
1749262385,0.18470000,39.00000000,0.1991
1749262385,0.18440000,689.50000000,0.1991
1749262385,0.18400000,1388.70000000,0.1991
1749262385,0.18380000,65.30000000,0.1991
1749262385,0.18330000,109.10000000,0.1991
1749262385,0.18290000,64.00000000,0.1991
1749262385,0.18260000,238.30000000,0.1991
1749262688,0.19900000,2471.00000000,0.199
1749262688,0.19890000,8855.20000000,0.199
1749262688,0.19880000,29206.80000000,0.199
1749262688,0.19870000,50113.40000000,0.199
1749262688,0.19860000,35077.10000000,0.199
1749262688,0.19850000,26629.00000000,0.199
1749262688,0.19840000,31307.20000000,0.199
1749262688,0.19830000,62215.40000000,0.199
1749262688,0.19820000,9358.20000000,0.199
1749262688,0.19810000,9362.40000000,0.199
1749262688,0.19800000,15852.20000000,0.199
1749262688,0.19790000,7004.10000000,0.199
1749262688,0.19780000,5737.90000000,0.199
1749262688,0.19770000,5740.20000000,0.199
1749262688,0.19760000,8645.30000000,0.199
1749262688,0.19750000,5306.20000000,0.199
1749262688,0.19740000,5746.50000000,0.199
1749262688,0.19730000,5675.50000000,0.199
1749262688,0.19720000,5748.80000000,0.199
1749262688,0.19710000,5250.90000000,0.199
1749262688,0.19700000,49661.60000000,0.199
1749262688,0.19690000,5717.00000000,0.199
1749262688,0.19680000,5721.20000000,0.199
1749262688,0.19670000,5723.40000000,0.199
1749262688,0.19660000,6812.40000000,0.199
1749262688,0.19650000,5729.70000000,0.199
1749262688,0.19640000,9546.80000000,0.199
1749262688,0.19630000,4520.50000000,0.199
1749262688,0.19620000,1568.20000000,0.199
1749262688,0.19610000,1712.10000000,0.199
1749262688,0.19600000,15352.20000000,0.199
1749262688,0.19590000,1568.30000000,0.199
1749262688,0.19580000,1568.30000000,0.199
1749262688,0.19570000,4997.90000000,0.199
1749262688,0.19560000,1568.40000000,0.199
1749262688,0.19550000,1568.40000000,0.199
1749262688,0.19540000,1568.40000000,0.199
1749262688,0.19530000,1119.60000000,0.199
1749262688,0.19520000,65332.20000000,0.199
1749262688,0.19510000,38.50000000,0.199
1749262688,0.19500000,551.30000000,0.199
1749262688,0.19490000,153.90000000,0.199
1749262688,0.19470000,1416.30000000,0.199
1749262688,0.19450000,1983.00000000,0.199
1749262688,0.19440000,13241.20000000,0.199
1749262688,0.19430000,52.60000000,0.199
1749262688,0.19400000,245.80000000,0.199
1749262688,0.19330000,56.90000000,0.199
1749262688,0.19320000,7750.30000000,0.199
1749262688,0.19310000,258.90000000,0.199
1749262688,0.19300000,51.90000000,0.199
1749262688,0.19260000,689.50000000,0.199
1749262688,0.19230000,664.80000000,0.199
1749262688,0.19220000,226.40000000,0.199
1749262688,0.19210000,65.10000000,0.199
1749262688,0.19190000,26.20000000,0.199
1749262688,0.19160000,521.90000000,0.199
1749262688,0.19150000,573.50000000,0.199
1749262688,0.19110000,55.00000000,0.199
1749262688,0.19100000,946.60000000,0.199
1749262688,0.19080000,316.70000000,0.199
1749262688,0.19060000,262.30000000,0.199
1749262688,0.19040000,86.20000000,0.199
1749262688,0.19030000,50.00000000,0.199
1749262688,0.19010000,1408.40000000,0.199
1749262688,0.19000000,11963.50000000,0.199
1749262688,0.18960000,86.70000000,0.199
1749262688,0.18930000,32.90000000,0.199
1749262688,0.18920000,56.90000000,0.199
1749262688,0.18910000,1977.00000000,0.199
1749262688,0.18900000,1512.00000000,0.199
1749262688,0.18880000,480.20000000,0.199
1749262688,0.18850000,689.50000000,0.199
1749262688,0.18840000,212.30000000,0.199
1749262688,0.18820000,31.80000000,0.199
1749262688,0.18810000,800.20000000,0.199
1749262688,0.18800000,7629.30000000,0.199
1749262688,0.18780000,321.80000000,0.199
1749262688,0.18760000,522.40000000,0.199
1749262688,0.18750000,954.40000000,0.199
1749262688,0.18740000,2668.00000000,0.199
1749262688,0.18700000,2713.90000000,0.199
1749262688,0.18640000,125.40000000,0.199
1749262688,0.18610000,2525.90000000,0.199
1749262688,0.18600000,3264.10000000,0.199
1749262688,0.18570000,58.70000000,0.199
1749262688,0.18560000,163.80000000,0.199
1749262688,0.18550000,161.70000000,0.199
1749262688,0.18540000,48.00000000,0.199
1749262688,0.18530000,104.60000000,0.199
1749262688,0.18520000,27.70000000,0.199
1749262688,0.18500000,11122.80000000,0.199
1749262688,0.18490000,359.90000000,0.199
1749262688,0.18470000,39.00000000,0.199
1749262688,0.18440000,689.50000000,0.199
1749262688,0.18400000,1388.70000000,0.199
1749262688,0.18380000,65.30000000,0.199
1749262688,0.18330000,109.10000000,0.199
1749262688,0.18290000,64.00000000,0.199
1749262688,0.18260000,238.30000000,0.199
1749262996,0.19900000,2549.00000000,0.199
1749262996,0.19890000,10817.80000000,0.199
1749262996,0.19880000,30565.50000000,0.199
1749262996,0.19870000,36581.30000000,0.199
1749262996,0.19860000,36106.40000000,0.199
1749262996,0.19850000,42053.30000000,0.199
1749262996,0.19840000,32978.10000000,0.199
1749262996,0.19830000,12233.90000000,0.199
1749262996,0.19820000,9358.20000000,0.199
1749262996,0.19810000,16468.60000000,0.199
1749262996,0.19800000,9364.50000000,0.199
1749262996,0.19790000,43683.70000000,0.199
1749262996,0.19780000,12202.70000000,0.199
1749262996,0.19770000,8907.60000000,0.199
1749262996,0.19760000,5475.40000000,0.199
1749262996,0.19750000,5306.20000000,0.199
1749262996,0.19740000,5746.50000000,0.199
1749262996,0.19730000,5675.50000000,0.199
1749262996,0.19720000,5748.80000000,0.199
1749262996,0.19710000,5250.90000000,0.199
1749262996,0.19700000,12877.70000000,0.199
1749262996,0.19690000,39234.70000000,0.199
1749262996,0.19680000,5721.20000000,0.199
1749262996,0.19670000,5723.40000000,0.199
1749262996,0.19660000,9571.70000000,0.199
1749262996,0.19650000,5729.70000000,0.199
1749262996,0.19640000,6109.40000000,0.199
1749262996,0.19630000,4520.50000000,0.199
1749262996,0.19620000,7146.00000000,0.199
1749262996,0.19610000,1712.10000000,0.199
1749262996,0.19600000,15352.20000000,0.199
1749262996,0.19590000,1568.30000000,0.199
1749262996,0.19580000,1568.30000000,0.199
1749262996,0.19570000,4997.90000000,0.199
1749262996,0.19560000,1568.40000000,0.199
1749262996,0.19550000,1568.40000000,0.199
1749262996,0.19540000,1568.40000000,0.199
1749262996,0.19530000,1119.60000000,0.199
1749262996,0.19520000,1568.40000000,0.199
1749262996,0.19510000,65398.00000000,0.199
1749262996,0.19500000,2081.30000000,0.199
1749262996,0.19490000,153.90000000,0.199
1749262996,0.19470000,2946.30000000,0.199
1749262996,0.19450000,7083.00000000,0.199
1749262996,0.19440000,16693.70000000,0.199
1749262996,0.19430000,52.60000000,0.199
1749262996,0.19400000,245.80000000,0.199
1749262996,0.19330000,56.90000000,0.199
1749262996,0.19320000,7750.30000000,0.199
1749262996,0.19310000,258.90000000,0.199
1749262996,0.19300000,51.90000000,0.199
1749262996,0.19260000,689.50000000,0.199
1749262996,0.19230000,664.80000000,0.199
1749262996,0.19220000,226.40000000,0.199
1749262996,0.19210000,65.10000000,0.199
1749262996,0.19190000,26.20000000,0.199
1749262996,0.19160000,521.90000000,0.199
1749262996,0.19150000,573.50000000,0.199
1749262996,0.19110000,55.00000000,0.199
1749262996,0.19100000,946.40000000,0.199
1749262996,0.19080000,316.70000000,0.199
1749262996,0.19060000,262.30000000,0.199
1749262996,0.19040000,86.20000000,0.199
1749262996,0.19030000,50.00000000,0.199
1749262996,0.19010000,1408.40000000,0.199
1749262996,0.19000000,11963.50000000,0.199
1749262996,0.18960000,86.70000000,0.199
1749262996,0.18930000,32.90000000,0.199
1749262996,0.18920000,56.90000000,0.199
1749262996,0.18910000,1977.00000000,0.199
1749262996,0.18900000,1512.00000000,0.199
1749262996,0.18880000,480.20000000,0.199
1749262996,0.18850000,689.50000000,0.199
1749262996,0.18840000,212.30000000,0.199
1749262996,0.18820000,31.80000000,0.199
1749262996,0.18810000,800.20000000,0.199
1749262996,0.18800000,7629.30000000,0.199
1749262996,0.18780000,321.80000000,0.199
1749262996,0.18760000,522.40000000,0.199
1749262996,0.18750000,954.40000000,0.199
1749262996,0.18740000,2668.00000000,0.199
1749262996,0.18700000,2713.90000000,0.199
1749262996,0.18640000,125.40000000,0.199
1749262996,0.18610000,2525.90000000,0.199
1749262996,0.18600000,3264.10000000,0.199
1749262996,0.18570000,58.70000000,0.199
1749262996,0.18560000,163.80000000,0.199
1749262996,0.18550000,161.70000000,0.199
1749262996,0.18540000,48.00000000,0.199
1749262996,0.18530000,104.60000000,0.199
1749262996,0.18520000,27.70000000,0.199
1749262996,0.18500000,11122.80000000,0.199
1749262996,0.18490000,359.90000000,0.199
1749262996,0.18470000,39.00000000,0.199
1749262996,0.18440000,689.50000000,0.199
1749262996,0.18400000,1388.70000000,0.199
1749262996,0.18380000,65.30000000,0.199
1749262996,0.18330000,109.10000000,0.199
1749262996,0.18290000,64.00000000,0.199
1749262996,0.18260000,238.30000000,0.199
1749263305,0.19930000,3797.70000000,0.1993
1749263305,0.19920000,13547.80000000,0.1993
1749263305,0.19910000,41191.90000000,0.1993
1749263305,0.19900000,53496.50000000,0.1993
1749263305,0.19890000,36539.80000000,0.1993
1749263305,0.19880000,34485.20000000,0.1993
1749263305,0.19870000,11293.50000000,0.1993
1749263305,0.19860000,25298.20000000,0.1993
1749263305,0.19850000,21274.70000000,0.1993
1749263305,0.19840000,10556.20000000,0.1993
1749263305,0.19830000,46766.50000000,0.1993
1749263305,0.19820000,10014.10000000,0.1993
1749263305,0.19810000,9127.20000000,0.1993
1749263305,0.19800000,5733.80000000,0.1993
1749263305,0.19790000,4970.50000000,0.1993
1749263305,0.19780000,5737.90000000,0.1993
1749263305,0.19770000,5740.20000000,0.1993
1749263305,0.19760000,5475.40000000,0.1993
1749263305,0.19750000,5306.20000000,0.1993
1749263305,0.19740000,5746.50000000,0.1993
1749263305,0.19730000,39109.10000000,0.1993
1749263305,0.19720000,5891.20000000,0.1993
1749263305,0.19710000,8618.00000000,0.1993
1749263305,0.19700000,12839.60000000,0.1993
1749263305,0.19690000,5717.00000000,0.1993
1749263305,0.19680000,5721.20000000,0.1993
1749263305,0.19670000,5723.40000000,0.1993
1749263305,0.19660000,6812.30000000,0.1993
1749263305,0.19650000,1568.20000000,0.1993
1749263305,0.19640000,1950.20000000,0.1993
1749263305,0.19630000,356.80000000,0.1993
1749263305,0.19620000,9911.30000000,0.1993
1749263305,0.19610000,1568.30000000,0.1993
1749263305,0.19600000,15352.20000000,0.1993
1749263305,0.19590000,1568.30000000,0.1993
1749263305,0.19580000,1568.30000000,0.1993
1749263305,0.19570000,1568.30000000,0.1993
1749263305,0.19560000,1568.40000000,0.1993
1749263305,0.19550000,66764.00000000,0.1993
1749263305,0.19540000,1568.40000000,0.1993
1749263305,0.19530000,89.60000000,0.1993
1749263305,0.19520000,38.40000000,0.1993
1749263305,0.19500000,512.80000000,0.1993
1749263305,0.19490000,153.90000000,0.1993
1749263305,0.19480000,3445.40000000,0.1993
1749263305,0.19470000,1416.30000000,0.1993
1749263305,0.19450000,1983.00000000,0.1993
1749263305,0.19440000,13241.20000000,0.1993
1749263305,0.19430000,52.60000000,0.1993
1749263305,0.19400000,245.80000000,0.1993
1749263305,0.19330000,56.90000000,0.1993
1749263305,0.19320000,7750.30000000,0.1993
1749263305,0.19310000,258.90000000,0.1993
1749263305,0.19300000,51.90000000,0.1993
1749263305,0.19260000,689.50000000,0.1993
1749263305,0.19230000,664.80000000,0.1993
1749263305,0.19220000,226.40000000,0.1993
1749263305,0.19210000,65.10000000,0.1993
1749263305,0.19190000,26.20000000,0.1993
1749263305,0.19160000,521.90000000,0.1993
1749263305,0.19150000,1517.60000000,0.1993
1749263305,0.19110000,55.00000000,0.1993
1749263305,0.19080000,316.70000000,0.1993
1749263305,0.19060000,262.30000000,0.1993
1749263305,0.19040000,86.20000000,0.1993
1749263305,0.19030000,50.00000000,0.1993
1749263305,0.19010000,1408.40000000,0.1993
1749263305,0.19000000,11963.50000000,0.1993
1749263305,0.18960000,86.70000000,0.1993
1749263305,0.18930000,32.90000000,0.1993
1749263305,0.18920000,56.90000000,0.1993
1749263305,0.18910000,1977.00000000,0.1993
1749263305,0.18900000,1512.00000000,0.1993
1749263305,0.18880000,480.20000000,0.1993
1749263305,0.18850000,689.50000000,0.1993
1749263305,0.18840000,212.30000000,0.1993
1749263305,0.18820000,31.80000000,0.1993
1749263305,0.18810000,800.20000000,0.1993
1749263305,0.18800000,7629.30000000,0.1993
1749263305,0.18780000,321.80000000,0.1993
1749263305,0.18760000,522.40000000,0.1993
1749263305,0.18750000,954.40000000,0.1993
1749263305,0.18740000,2668.00000000,0.1993
1749263305,0.18700000,2713.90000000,0.1993
1749263305,0.18640000,125.40000000,0.1993
1749263305,0.18610000,2525.90000000,0.1993
1749263305,0.18600000,3264.10000000,0.1993
1749263305,0.18570000,58.70000000,0.1993
1749263305,0.18560000,163.80000000,0.1993
1749263305,0.18550000,161.70000000,0.1993
1749263305,0.18540000,48.00000000,0.1993
1749263305,0.18530000,104.60000000,0.1993
1749263305,0.18520000,27.70000000,0.1993
1749263305,0.18500000,11122.80000000,0.1993
1749263305,0.18490000,359.90000000,0.1993
1749263305,0.18470000,39.00000000,0.1993
1749263305,0.18440000,689.50000000,0.1993
1749263305,0.18400000,1388.70000000,0.1993
1749263305,0.18380000,65.30000000,0.1993
1749263305,0.18330000,109.10000000,0.1993
1749263606,0.19910000,1530.00000000,0.1991
1749263606,0.19900000,36667.20000000,0.1991
1749263606,0.19890000,54348.70000000,0.1991
1749263606,0.19880000,39684.60000000,0.1991
1749263606,0.19870000,29233.70000000,0.1991
1749263606,0.19860000,9768.70000000,0.1991
1749263606,0.19850000,31290.90000000,0.1991
1749263606,0.19840000,20374.90000000,0.1991
1749263606,0.19830000,19318.60000000,0.1991
1749263606,0.19820000,13234.20000000,0.1991
1749263606,0.19810000,40660.10000000,0.1991
1749263606,0.19800000,15763.00000000,0.1991
1749263606,0.19790000,4970.50000000,0.1991
1749263606,0.19780000,5737.90000000,0.1991
1749263606,0.19770000,8908.70000000,0.1991
1749263606,0.19760000,5475.40000000,0.1991
1749263606,0.19750000,5306.20000000,0.1991
1749263606,0.19740000,5746.50000000,0.1991
1749263606,0.19730000,5675.50000000,0.1991
1749263606,0.19720000,5891.20000000,0.1991
1749263606,0.19710000,8618.00000000,0.1991
1749263606,0.19700000,12839.60000000,0.1991
1749263606,0.19690000,5717.00000000,0.1991
1749263606,0.19680000,39205.20000000,0.1991
1749263606,0.19670000,6104.90000000,0.1991
1749263606,0.19660000,6812.30000000,0.1991
1749263606,0.19650000,1568.20000000,0.1991
1749263606,0.19640000,1568.20000000,0.1991
1749263606,0.19630000,356.80000000,0.1991
1749263606,0.19620000,1568.20000000,0.1991
1749263606,0.19610000,1568.30000000,0.1991
1749263606,0.19600000,15352.20000000,0.1991
1749263606,0.19590000,1568.30000000,0.1991
1749263606,0.19580000,1568.30000000,0.1991
1749263606,0.19570000,1568.30000000,0.1991
1749263606,0.19560000,4999.80000000,0.1991
1749263606,0.19550000,1568.40000000,0.1991
1749263606,0.19540000,1568.40000000,0.1991
1749263606,0.19530000,89.60000000,0.1991
1749263606,0.19520000,38.40000000,0.1991
1749263606,0.19500000,67336.60000000,0.1991
1749263606,0.19490000,153.90000000,0.1991
1749263606,0.19480000,4975.40000000,0.1991
1749263606,0.19470000,1416.30000000,0.1991
1749263606,0.19450000,1983.00000000,0.1991
1749263606,0.19440000,13241.20000000,0.1991
1749263606,0.19430000,52.60000000,0.1991
1749263606,0.19400000,245.80000000,0.1991
1749263606,0.19330000,56.90000000,0.1991
1749263606,0.19320000,7750.30000000,0.1991
1749263606,0.19310000,258.90000000,0.1991
1749263606,0.19300000,51.90000000,0.1991
1749263606,0.19260000,689.50000000,0.1991
1749263606,0.19230000,664.80000000,0.1991
1749263606,0.19220000,226.40000000,0.1991
1749263606,0.19210000,31.20000000,0.1991
1749263606,0.19190000,26.20000000,0.1991
1749263606,0.19160000,521.90000000,0.1991
1749263606,0.19150000,573.50000000,0.1991
1749263606,0.19110000,55.00000000,0.1991
1749263606,0.19100000,946.20000000,0.1991
1749263606,0.19080000,316.70000000,0.1991
1749263606,0.19060000,262.30000000,0.1991
1749263606,0.19040000,86.20000000,0.1991
1749263606,0.19030000,50.00000000,0.1991
1749263606,0.19010000,1408.40000000,0.1991
1749263606,0.19000000,11963.50000000,0.1991
1749263606,0.18960000,86.70000000,0.1991
1749263606,0.18930000,32.90000000,0.1991
1749263606,0.18920000,56.90000000,0.1991
1749263606,0.18910000,1977.00000000,0.1991
1749263606,0.18900000,1512.00000000,0.1991
1749263606,0.18880000,480.20000000,0.1991
1749263606,0.18850000,689.50000000,0.1991
1749263606,0.18840000,212.30000000,0.1991
1749263606,0.18820000,31.80000000,0.1991
1749263606,0.18810000,800.20000000,0.1991
1749263606,0.18800000,7629.30000000,0.1991
1749263606,0.18780000,321.80000000,0.1991
1749263606,0.18760000,522.40000000,0.1991
1749263606,0.18750000,954.40000000,0.1991
1749263606,0.18740000,2668.00000000,0.1991
1749263606,0.18700000,2713.90000000,0.1991
1749263606,0.18640000,125.40000000,0.1991
1749263606,0.18610000,2525.90000000,0.1991
1749263606,0.18600000,3264.10000000,0.1991
1749263606,0.18570000,58.70000000,0.1991
1749263606,0.18560000,163.80000000,0.1991
1749263606,0.18550000,161.70000000,0.1991
1749263606,0.18540000,48.00000000,0.1991
1749263606,0.18530000,104.60000000,0.1991
1749263606,0.18520000,27.70000000,0.1991
1749263606,0.18500000,11122.80000000,0.1991
1749263606,0.18490000,359.90000000,0.1991
1749263606,0.18470000,39.00000000,0.1991
1749263606,0.18440000,689.50000000,0.1991
1749263606,0.18400000,1388.70000000,0.1991
1749263606,0.18380000,65.30000000,0.1991
1749263606,0.18330000,109.10000000,0.1991
1749263606,0.18290000,64.00000000,0.1991
1749263908,0.19940000,4465.90000000,0.1995
1749263908,0.19930000,23797.50000000,0.1995
1749263908,0.19920000,39203.40000000,0.1995
1749263908,0.19910000,55137.50000000,0.1995
1749263908,0.19900000,35095.90000000,0.1995
1749263908,0.19890000,26207.00000000,0.1995
1749263908,0.19880000,37457.00000000,0.1995
1749263908,0.19870000,13895.70000000,0.1995
1749263908,0.19860000,16438.00000000,0.1995
1749263908,0.19850000,15776.50000000,0.1995
1749263908,0.19840000,43479.80000000,0.1995
1749263908,0.19830000,6866.30000000,0.1995
1749263908,0.19820000,5727.50000000,0.1995
1749263908,0.19810000,8892.90000000,0.1995
1749263908,0.19800000,5733.80000000,0.1995
1749263908,0.19790000,4970.50000000,0.1995
1749263908,0.19780000,5737.90000000,0.1995
1749263908,0.19770000,5740.20000000,0.1995
1749263908,0.19760000,5475.40000000,0.1995
1749263908,0.19750000,5306.20000000,0.1995
1749263908,0.19740000,12819.10000000,0.1995
1749263908,0.19730000,5637.50000000,0.1995
1749263908,0.19720000,39320.30000000,0.1995
1749263908,0.19710000,8618.00000000,0.1995
1749263908,0.19700000,6370.20000000,0.1995
1749263908,0.19690000,5717.00000000,0.1995
1749263908,0.19680000,5721.20000000,0.1995
1749263908,0.19670000,1949.70000000,0.1995
1749263908,0.19660000,2000.50000000,0.1995
1749263908,0.19650000,1568.20000000,0.1995
1749263908,0.19640000,1568.20000000,0.1995
1749263908,0.19630000,356.80000000,0.1995
1749263908,0.19620000,4989.10000000,0.1995
1749263908,0.19610000,1568.30000000,0.1995
1749263908,0.19600000,15352.20000000,0.1995
1749263908,0.19590000,1597.00000000,0.1995
1749263908,0.19580000,1568.30000000,0.1995
1749263908,0.19570000,1568.30000000,0.1995
1749263908,0.19560000,1568.40000000,0.1995
1749263908,0.19550000,1568.40000000,0.1995
1749263908,0.19540000,65299.40000000,0.1995
1749263908,0.19530000,3487.80000000,0.1995
1749263908,0.19510000,1697.30000000,0.1995
1749263908,0.19500000,512.80000000,0.1995
1749263908,0.19490000,153.90000000,0.1995
1749263908,0.19450000,1983.00000000,0.1995
1749263908,0.19440000,13241.20000000,0.1995
1749263908,0.19430000,52.60000000,0.1995
1749263908,0.19400000,245.80000000,0.1995
1749263908,0.19390000,7658.50000000,0.1995
1749263908,0.19330000,56.90000000,0.1995
1749263908,0.19310000,258.90000000,0.1995
1749263908,0.19300000,51.90000000,0.1995
1749263908,0.19260000,689.50000000,0.1995
1749263908,0.19230000,664.80000000,0.1995
1749263908,0.19220000,226.40000000,0.1995
1749263908,0.19210000,31.20000000,0.1995
1749263908,0.19190000,26.20000000,0.1995
1749263908,0.19160000,521.90000000,0.1995
1749263908,0.19150000,1517.20000000,0.1995
1749263908,0.19110000,55.00000000,0.1995
1749263908,0.19080000,316.70000000,0.1995
1749263908,0.19060000,262.30000000,0.1995
1749263908,0.19040000,86.20000000,0.1995
1749263908,0.19030000,50.00000000,0.1995
1749263908,0.19010000,1408.40000000,0.1995
1749263908,0.19000000,11963.50000000,0.1995
1749263908,0.18960000,86.70000000,0.1995
1749263908,0.18930000,32.90000000,0.1995
1749263908,0.18920000,56.90000000,0.1995
1749263908,0.18910000,1977.00000000,0.1995
1749263908,0.18900000,1512.00000000,0.1995
1749263908,0.18880000,480.20000000,0.1995
1749263908,0.18850000,689.50000000,0.1995
1749263908,0.18840000,365.00000000,0.1995
1749263908,0.18820000,31.80000000,0.1995
1749263908,0.18810000,800.20000000,0.1995
1749263908,0.18800000,7629.30000000,0.1995
1749263908,0.18780000,321.80000000,0.1995
1749263908,0.18760000,522.40000000,0.1995
1749263908,0.18750000,1031.30000000,0.1995
1749263908,0.18740000,2668.00000000,0.1995
1749263908,0.18700000,2713.90000000,0.1995
1749263908,0.18640000,125.40000000,0.1995
1749263908,0.18610000,2525.90000000,0.1995
1749263908,0.18600000,3264.10000000,0.1995
1749263908,0.18570000,58.70000000,0.1995
1749263908,0.18560000,163.80000000,0.1995
1749263908,0.18550000,161.70000000,0.1995
1749263908,0.18540000,48.00000000,0.1995
1749263908,0.18530000,104.60000000,0.1995
1749263908,0.18520000,27.70000000,0.1995
1749263908,0.18500000,11122.80000000,0.1995
1749263908,0.18490000,359.90000000,0.1995
1749263908,0.18470000,39.00000000,0.1995
1749263908,0.18440000,689.50000000,0.1995
1749263908,0.18400000,1388.70000000,0.1995
1749263908,0.18380000,65.30000000,0.1995
1749263908,0.18330000,109.10000000,0.1995
1749263908,0.18290000,64.00000000,0.1995
1749264210,0.19900000,379.10000000,0.199
1749264210,0.19890000,22876.80000000,0.199
1749264210,0.19880000,60061.90000000,0.199
1749264210,0.19870000,46379.40000000,0.199
1749264210,0.19860000,33949.60000000,0.199
1749264210,0.19850000,21376.10000000,0.199
1749264210,0.19840000,26504.70000000,0.199
1749264210,0.19830000,14128.10000000,0.199
1749264210,0.19820000,9358.20000000,0.199
1749264210,0.19810000,17901.10000000,0.199
1749264210,0.19800000,42387.90000000,0.199
1749264210,0.19790000,9440.80000000,0.199
1749264210,0.19780000,5737.90000000,0.199
1749264210,0.19770000,5740.20000000,0.199
1749264210,0.19760000,5475.40000000,0.199
1749264210,0.19750000,5306.20000000,0.199
1749264210,0.19740000,5775.20000000,0.199
1749264210,0.19730000,5637.50000000,0.199
1749264210,0.19720000,39320.30000000,0.199
1749264210,0.19710000,8618.00000000,0.199
1749264210,0.19700000,17358.60000000,0.199
1749264210,0.19690000,5717.00000000,0.199
1749264210,0.19680000,5721.20000000,0.199
1749264210,0.19670000,1568.20000000,0.199
1749264210,0.19660000,2000.50000000,0.199
1749264210,0.19650000,1568.20000000,0.199
1749264210,0.19640000,1568.20000000,0.199
1749264210,0.19630000,356.80000000,0.199
1749264210,0.19620000,1568.20000000,0.199
1749264210,0.19610000,1568.30000000,0.199
1749264210,0.19600000,15352.20000000,0.199
1749264210,0.19590000,1597.00000000,0.199
1749264210,0.19580000,1568.30000000,0.199
1749264210,0.19570000,4997.90000000,0.199
1749264210,0.19560000,1568.40000000,0.199
1749264210,0.19550000,1568.40000000,0.199
1749264210,0.19540000,66829.40000000,0.199
1749264210,0.19530000,51.20000000,0.199
1749264210,0.19510000,1697.30000000,0.199
1749264210,0.19500000,512.80000000,0.199
1749264210,0.19490000,3597.60000000,0.199
1749264210,0.19450000,1983.00000000,0.199
1749264210,0.19440000,13241.20000000,0.199
1749264210,0.19430000,52.60000000,0.199
1749264210,0.19400000,245.80000000,0.199
1749264210,0.19390000,7658.50000000,0.199
1749264210,0.19330000,56.90000000,0.199
1749264210,0.19310000,258.90000000,0.199
1749264210,0.19300000,51.90000000,0.199
1749264210,0.19260000,689.50000000,0.199
1749264210,0.19230000,664.80000000,0.199
1749264210,0.19220000,226.40000000,0.199
1749264210,0.19210000,31.20000000,0.199
1749264210,0.19190000,26.20000000,0.199
1749264210,0.19160000,521.90000000,0.199
1749264210,0.19150000,1517.20000000,0.199
1749264210,0.19110000,55.00000000,0.199
1749264210,0.19080000,316.70000000,0.199
1749264210,0.19060000,262.30000000,0.199
1749264210,0.19040000,86.20000000,0.199
1749264210,0.19030000,50.00000000,0.199
1749264210,0.19010000,1408.40000000,0.199
1749264210,0.19000000,11963.50000000,0.199
1749264210,0.18960000,86.70000000,0.199
1749264210,0.18930000,32.90000000,0.199
1749264210,0.18920000,56.90000000,0.199
1749264210,0.18910000,1977.00000000,0.199
1749264210,0.18900000,1512.00000000,0.199
1749264210,0.18880000,480.20000000,0.199
1749264210,0.18850000,689.50000000,0.199
1749264210,0.18840000,365.00000000,0.199
1749264210,0.18820000,31.80000000,0.199
1749264210,0.18810000,800.20000000,0.199
1749264210,0.18800000,7629.30000000,0.199
1749264210,0.18780000,321.80000000,0.199
1749264210,0.18760000,522.40000000,0.199
1749264210,0.18750000,1031.30000000,0.199
1749264210,0.18740000,2668.00000000,0.199
1749264210,0.18700000,2713.90000000,0.199
1749264210,0.18640000,125.40000000,0.199
1749264210,0.18610000,2525.90000000,0.199
1749264210,0.18600000,3264.10000000,0.199
1749264210,0.18570000,58.70000000,0.199
1749264210,0.18560000,163.80000000,0.199
1749264210,0.18550000,161.70000000,0.199
1749264210,0.18540000,48.00000000,0.199
1749264210,0.18530000,104.60000000,0.199
1749264210,0.18520000,27.70000000,0.199
1749264210,0.18500000,11122.80000000,0.199
1749264210,0.18490000,359.90000000,0.199
1749264210,0.18470000,39.00000000,0.199
1749264210,0.18440000,689.50000000,0.199
1749264210,0.18400000,1388.70000000,0.199
1749264210,0.18380000,65.30000000,0.199
1749264210,0.18330000,109.10000000,0.199
1749264210,0.18290000,64.00000000,0.199
1749264210,0.18260000,238.30000000,0.199
1749264210,0.18250000,5971.40000000,0.199
1749264210,0.18240000,54.00000000,0.199
1749264210,0.18220000,684.60000000,0.199
1749264511,0.19920000,1530.00000000,0.1991
1749264511,0.19910000,12877.90000000,0.1991
1749264511,0.19900000,19972.20000000,0.1991
1749264511,0.19890000,37092.40000000,0.1991
1749264511,0.19880000,45232.50000000,0.1991
1749264511,0.19870000,27037.80000000,0.1991
1749264511,0.19860000,45941.30000000,0.1991
1749264511,0.19850000,14958.50000000,0.1991
1749264511,0.19840000,13534.00000000,0.1991
1749264511,0.19830000,40066.30000000,0.1991
1749264511,0.19820000,5236.50000000,0.1991
1749264511,0.19810000,7973.60000000,0.1991
1749264511,0.19800000,8401.50000000,0.1991
1749264511,0.19790000,840.50000000,0.1991
1749264511,0.19780000,1605.80000000,0.1991
1749264511,0.19770000,1606.00000000,0.1991
1749264511,0.19760000,1339.10000000,0.1991
1749264511,0.19750000,1167.80000000,0.1991
1749264511,0.19740000,1634.70000000,0.1991
1749264511,0.19730000,1494.90000000,0.1991
1749264511,0.19720000,1710.50000000,0.1991
1749264511,0.19710000,34552.10000000,0.1991
1749264511,0.19700000,8746.90000000,0.1991
1749264511,0.19690000,1568.10000000,0.1991
1749264511,0.19680000,1568.10000000,0.1991
1749264511,0.19670000,4980.40000000,0.1991
1749264511,0.19660000,2000.50000000,0.1991
1749264511,0.19650000,2223.00000000,0.1991
1749264511,0.19640000,1950.10000000,0.1991
1749264511,0.19630000,356.80000000,0.1991
1749264511,0.19620000,1568.20000000,0.1991
1749264511,0.19610000,1568.30000000,0.1991
1749264511,0.19600000,15352.20000000,0.1991
1749264511,0.19590000,1597.00000000,0.1991
1749264511,0.19580000,1568.30000000,0.1991
1749264511,0.19570000,4997.90000000,0.1991
1749264511,0.19560000,1568.40000000,0.1991
1749264511,0.19550000,1568.40000000,0.1991
1749264511,0.19540000,1568.40000000,0.1991
1749264511,0.19530000,67420.80000000,0.1991
1749264511,0.19510000,1530.00000000,0.1991
1749264511,0.19500000,512.80000000,0.1991
1749264511,0.19490000,3597.60000000,0.1991
1749264511,0.19450000,1983.00000000,0.1991
1749264511,0.19440000,13241.20000000,0.1991
1749264511,0.19430000,52.60000000,0.1991
1749264511,0.19400000,245.80000000,0.1991
1749264511,0.19350000,7738.30000000,0.1991
1749264511,0.19330000,56.90000000,0.1991
1749264511,0.19310000,258.90000000,0.1991
1749264511,0.19300000,51.90000000,0.1991
1749264511,0.19260000,689.50000000,0.1991
1749264511,0.19230000,664.80000000,0.1991
1749264511,0.19220000,226.40000000,0.1991
1749264511,0.19210000,31.20000000,0.1991
1749264511,0.19190000,26.20000000,0.1991
1749264511,0.19160000,521.90000000,0.1991
1749264511,0.19150000,573.50000000,0.1991
1749264511,0.19110000,55.00000000,0.1991
1749264511,0.19100000,946.20000000,0.1991
1749264511,0.19080000,316.70000000,0.1991
1749264511,0.19060000,262.30000000,0.1991
1749264511,0.19040000,86.20000000,0.1991
1749264511,0.19030000,50.00000000,0.1991
1749264511,0.19010000,1408.40000000,0.1991
1749264511,0.19000000,11963.50000000,0.1991
1749264511,0.18960000,86.70000000,0.1991
1749264511,0.18930000,32.90000000,0.1991
1749264511,0.18920000,56.90000000,0.1991
1749264511,0.18910000,1977.00000000,0.1991
1749264511,0.18900000,1512.00000000,0.1991
1749264511,0.18880000,480.20000000,0.1991
1749264511,0.18850000,689.50000000,0.1991
1749264511,0.18840000,365.00000000,0.1991
1749264511,0.18820000,31.80000000,0.1991
1749264511,0.18810000,800.20000000,0.1991
1749264511,0.18800000,7629.30000000,0.1991
1749264511,0.18780000,321.80000000,0.1991
1749264511,0.18760000,522.40000000,0.1991
1749264511,0.18750000,1031.30000000,0.1991
1749264511,0.18740000,2668.00000000,0.1991
1749264511,0.18700000,2713.90000000,0.1991
1749264511,0.18640000,125.40000000,0.1991
1749264511,0.18610000,2525.90000000,0.1991
1749264511,0.18600000,3264.10000000,0.1991
1749264511,0.18570000,58.70000000,0.1991
1749264511,0.18560000,163.80000000,0.1991
1749264511,0.18550000,161.70000000,0.1991
1749264511,0.18540000,48.00000000,0.1991
1749264511,0.18530000,104.60000000,0.1991
1749264511,0.18520000,27.70000000,0.1991
1749264511,0.18500000,11122.80000000,0.1991
1749264511,0.18490000,359.90000000,0.1991
1749264511,0.18470000,39.00000000,0.1991
1749264511,0.18440000,689.50000000,0.1991
1749264511,0.18400000,1388.70000000,0.1991
1749264511,0.18380000,65.30000000,0.1991
1749264511,0.18330000,109.10000000,0.1991
1749264511,0.18290000,64.00000000,0.1991
1749264511,0.18260000,238.30000000,0.1991
1749264813,0.19970000,2338.00000000,0.1997
1749264813,0.19960000,16412.20000000,0.1997
1749264813,0.19950000,33955.10000000,0.1997
1749264813,0.19940000,44054.80000000,0.1997
1749264813,0.19930000,38870.80000000,0.1997
1749264813,0.19920000,27521.80000000,0.1997
1749264813,0.19910000,34029.50000000,0.1997
1749264813,0.19900000,54664.40000000,0.1997
1749264813,0.19890000,15673.80000000,0.1997
1749264813,0.19880000,12111.40000000,0.1997
1749264813,0.19870000,9595.70000000,0.1997
1749264813,0.19860000,12805.30000000,0.1997
1749264813,0.19850000,7680.80000000,0.1997
1749264813,0.19840000,8106.50000000,0.1997
1749264813,0.19830000,1605.60000000,0.1997
1749264813,0.19820000,1605.80000000,0.1997
1749264813,0.19810000,5713.00000000,0.1997
1749264813,0.19800000,1605.80000000,0.1997
1749264813,0.19790000,840.50000000,0.1997
1749264813,0.19780000,1605.80000000,0.1997
1749264813,0.19770000,1606.00000000,0.1997
1749264813,0.19760000,1301.10000000,0.1997
1749264813,0.19750000,45058.90000000,0.1997
1749264813,0.19740000,1568.00000000,0.1997
1749264813,0.19730000,1522.20000000,0.1997
1749264813,0.19720000,1710.50000000,0.1997
1749264813,0.19710000,1068.10000000,0.1997
1749264813,0.19700000,1568.10000000,0.1997
1749264813,0.19690000,2221.70000000,0.1997
1749264813,0.19680000,1949.60000000,0.1997
1749264813,0.19670000,1568.20000000,0.1997
1749264813,0.19660000,2000.50000000,0.1997
1749264813,0.19650000,1568.20000000,0.1997
1749264813,0.19640000,1568.20000000,0.1997
1749264813,0.19630000,356.80000000,0.1997
1749264813,0.19620000,1568.20000000,0.1997
1749264813,0.19610000,4990.90000000,0.1997
1749264813,0.19600000,15352.20000000,0.1997
1749264813,0.19590000,1597.00000000,0.1997
1749264813,0.19580000,1568.30000000,0.1997
1749264813,0.19570000,66884.40000000,0.1997
1749264813,0.19550000,3433.10000000,0.1997
1749264813,0.19540000,1297.20000000,0.1997
1749264813,0.19530000,12975.80000000,0.1997
1749264813,0.19500000,512.80000000,0.1997
1749264813,0.19450000,1983.00000000,0.1997
1749264813,0.19400000,245.80000000,0.1997
1749264813,0.19350000,7738.30000000,0.1997
1749264813,0.19330000,56.90000000,0.1997
1749264813,0.19310000,258.90000000,0.1997
1749264813,0.19300000,51.90000000,0.1997
1749264813,0.19260000,689.50000000,0.1997
1749264813,0.19230000,664.80000000,0.1997
1749264813,0.19220000,226.40000000,0.1997
1749264813,0.19190000,26.20000000,0.1997
1749264813,0.19160000,521.90000000,0.1997
1749264813,0.19150000,1517.20000000,0.1997
1749264813,0.19110000,111.20000000,0.1997
1749264813,0.19080000,316.70000000,0.1997
1749264813,0.19060000,262.30000000,0.1997
1749264813,0.19040000,86.20000000,0.1997
1749264813,0.19030000,50.00000000,0.1997
1749264813,0.19010000,1408.40000000,0.1997
1749264813,0.19000000,11963.50000000,0.1997
1749264813,0.18960000,86.70000000,0.1997
1749264813,0.18930000,32.90000000,0.1997
1749264813,0.18920000,56.90000000,0.1997
1749264813,0.18910000,1977.00000000,0.1997
1749264813,0.18900000,1512.00000000,0.1997
1749264813,0.18880000,480.20000000,0.1997
1749264813,0.18850000,689.50000000,0.1997
1749264813,0.18840000,365.00000000,0.1997
1749264813,0.18820000,31.80000000,0.1997
1749264813,0.18810000,800.20000000,0.1997
1749264813,0.18800000,7629.30000000,0.1997
1749264813,0.18780000,321.80000000,0.1997
1749264813,0.18760000,522.40000000,0.1997
1749264813,0.18750000,1031.30000000,0.1997
1749264813,0.18740000,2668.00000000,0.1997
1749264813,0.18700000,2713.90000000,0.1997
1749264813,0.18640000,125.40000000,0.1997
1749264813,0.18610000,2477.50000000,0.1997
1749264813,0.18600000,3264.10000000,0.1997
1749264813,0.18570000,58.70000000,0.1997
1749264813,0.18560000,163.80000000,0.1997
1749264813,0.18550000,161.70000000,0.1997
1749264813,0.18540000,48.00000000,0.1997
1749264813,0.18530000,104.60000000,0.1997
1749264813,0.18520000,27.70000000,0.1997
1749264813,0.18500000,11122.80000000,0.1997
1749264813,0.18490000,359.90000000,0.1997
1749264813,0.18470000,39.00000000,0.1997
1749264813,0.18440000,689.50000000,0.1997
1749264813,0.18400000,1388.70000000,0.1997
1749264813,0.18380000,65.30000000,0.1997
1749264813,0.18330000,109.10000000,0.1997
1749264813,0.18290000,64.00000000,0.1997
1749264813,0.18260000,238.30000000,0.1997
1749264813,0.18250000,5971.40000000,0.1997
1749264813,0.18240000,54.00000000,0.1997
1749265114,0.20000000,1530.00000000,0.2
1749265114,0.19990000,6676.60000000,0.2
1749265114,0.19980000,17576.60000000,0.2
1749265114,0.19970000,43724.10000000,0.2
1749265114,0.19960000,55059.90000000,0.2
1749265114,0.19950000,44481.10000000,0.2
1749265114,0.19940000,65423.30000000,0.2
1749265114,0.19930000,31053.70000000,0.2
1749265114,0.19920000,11636.00000000,0.2
1749265114,0.19910000,15663.70000000,0.2
1749265114,0.19900000,11419.80000000,0.2
1749265114,0.19890000,7595.40000000,0.2
1749265114,0.19880000,9747.90000000,0.2
1749265114,0.19870000,5965.00000000,0.2
1749265114,0.19860000,5712.80000000,0.2
1749265114,0.19850000,5712.80000000,0.2
1749265114,0.19840000,4947.10000000,0.2
1749265114,0.19830000,1605.60000000,0.2
1749265114,0.19820000,1605.80000000,0.2
1749265114,0.19810000,5713.00000000,0.2
1749265114,0.19800000,12020.20000000,0.2
1749265114,0.19790000,34135.90000000,0.2
1749265114,0.19780000,1567.90000000,0.2
1749265114,0.19770000,1568.00000000,0.2
1749265114,0.19760000,1301.10000000,0.2
1749265114,0.19750000,1129.80000000,0.2
1749265114,0.19740000,1948.60000000,0.2
1749265114,0.19730000,2174.50000000,0.2
1749265114,0.19720000,1710.50000000,0.2
1749265114,0.19710000,1068.10000000,0.2
1749265114,0.19700000,1568.10000000,0.2
1749265114,0.19690000,1568.10000000,0.2
1749265114,0.19680000,4978.50000000,0.2
1749265114,0.19670000,1568.20000000,0.2
1749265114,0.19660000,2000.50000000,0.2
1749265114,0.19650000,1568.20000000,0.2
1749265114,0.19640000,1568.20000000,0.2
1749265114,0.19630000,356.80000000,0.2
1749265114,0.19620000,1568.20000000,0.2
1749265114,0.19610000,66568.30000000,0.2
1749265114,0.19600000,13783.90000000,0.2
1749265114,0.19590000,28.70000000,0.2
1749265114,0.19570000,153.20000000,0.2
1749265114,0.19550000,5006.40000000,0.2
1749265114,0.19530000,12975.80000000,0.2
1749265114,0.19500000,512.80000000,0.2
1749265114,0.19450000,1983.00000000,0.2
1749265114,0.19420000,7646.70000000,0.2
1749265114,0.19400000,245.80000000,0.2
1749265114,0.19330000,56.90000000,0.2
1749265114,0.19310000,258.90000000,0.2
1749265114,0.19300000,51.90000000,0.2
1749265114,0.19260000,689.50000000,0.2
1749265114,0.19230000,664.80000000,0.2
1749265114,0.19220000,226.40000000,0.2
1749265114,0.19190000,26.20000000,0.2
1749265114,0.19180000,942.60000000,0.2
1749265114,0.19160000,521.90000000,0.2
1749265114,0.19150000,573.50000000,0.2
1749265114,0.19110000,111.20000000,0.2
1749265114,0.19080000,316.70000000,0.2
1749265114,0.19060000,262.30000000,0.2
1749265114,0.19040000,86.20000000,0.2
1749265114,0.19030000,50.00000000,0.2
1749265114,0.19010000,1408.40000000,0.2
1749265114,0.19000000,11963.50000000,0.2
1749265114,0.18960000,86.70000000,0.2
1749265114,0.18930000,32.90000000,0.2
1749265114,0.18920000,56.90000000,0.2
1749265114,0.18910000,1977.00000000,0.2
1749265114,0.18900000,1512.00000000,0.2
1749265114,0.18880000,480.20000000,0.2
1749265114,0.18850000,689.50000000,0.2
1749265114,0.18840000,365.00000000,0.2
1749265114,0.18820000,31.80000000,0.2
1749265114,0.18810000,800.20000000,0.2
1749265114,0.18800000,765.90000000,0.2
1749265114,0.18780000,321.80000000,0.2
1749265114,0.18760000,522.40000000,0.2
1749265114,0.18750000,1031.30000000,0.2
1749265114,0.18740000,2668.00000000,0.2
1749265114,0.18700000,2713.90000000,0.2
1749265114,0.18640000,125.40000000,0.2
1749265114,0.18610000,2477.50000000,0.2
1749265114,0.18600000,3264.10000000,0.2
1749265114,0.18570000,58.70000000,0.2
1749265114,0.18560000,163.80000000,0.2
1749265114,0.18550000,161.70000000,0.2
1749265114,0.18540000,48.00000000,0.2
1749265114,0.18530000,104.60000000,0.2
1749265114,0.18520000,27.70000000,0.2
1749265114,0.18500000,11122.80000000,0.2
1749265114,0.18490000,359.90000000,0.2
1749265114,0.18470000,39.00000000,0.2
1749265114,0.18440000,689.50000000,0.2
1749265114,0.18400000,1388.70000000,0.2
1749265114,0.18380000,65.30000000,0.2
1749265114,0.18330000,109.10000000,0.2
1749265114,0.18290000,64.00000000,0.2
1749265114,0.18260000,238.30000000,0.2
1749265416,0.19980000,10545.10000000,0.1998
1749265416,0.19970000,29225.60000000,0.1998
1749265416,0.19960000,62867.90000000,0.1998
1749265416,0.19950000,33850.80000000,0.1998
1749265416,0.19940000,22989.10000000,0.1998
1749265416,0.19930000,25734.20000000,0.1998
1749265416,0.19920000,26173.10000000,0.1998
1749265416,0.19910000,14101.70000000,0.1998
1749265416,0.19900000,18397.70000000,0.1998
1749265416,0.19890000,15673.90000000,0.1998
1749265416,0.19880000,45321.30000000,0.1998
1749265416,0.19870000,5712.80000000,0.1998
1749265416,0.19860000,9343.50000000,0.1998
1749265416,0.19850000,5712.80000000,0.1998
1749265416,0.19840000,4947.10000000,0.1998
1749265416,0.19830000,5704.60000000,0.1998
1749265416,0.19820000,1605.80000000,0.1998
1749265416,0.19810000,5713.00000000,0.1998
1749265416,0.19800000,4957.70000000,0.1998
1749265416,0.19790000,34135.90000000,0.1998
1749265416,0.19780000,1567.90000000,0.1998
1749265416,0.19770000,1568.00000000,0.1998
1749265416,0.19760000,1301.10000000,0.1998
1749265416,0.19750000,8148.70000000,0.1998
1749265416,0.19740000,1568.00000000,0.1998
1749265416,0.19730000,1522.20000000,0.1998
1749265416,0.19720000,7263.10000000,0.1998
1749265416,0.19710000,1068.10000000,0.1998
1749265416,0.19700000,1942.70000000,0.1998
1749265416,0.19690000,1568.10000000,0.1998
1749265416,0.19680000,4978.50000000,0.1998
1749265416,0.19670000,1568.20000000,0.1998
1749265416,0.19660000,2000.50000000,0.1998
1749265416,0.19650000,1568.20000000,0.1998
1749265416,0.19640000,1568.20000000,0.1998
1749265416,0.19630000,356.80000000,0.1998
1749265416,0.19620000,1568.20000000,0.1998
1749265416,0.19610000,66568.30000000,0.1998
1749265416,0.19600000,15313.90000000,0.1998
1749265416,0.19590000,28.70000000,0.1998
1749265416,0.19570000,153.20000000,0.1998
1749265416,0.19550000,5006.40000000,0.1998
1749265416,0.19530000,12975.80000000,0.1998
1749265416,0.19500000,512.80000000,0.1998
1749265416,0.19450000,1983.00000000,0.1998
1749265416,0.19420000,7646.70000000,0.1998
1749265416,0.19400000,245.80000000,0.1998
1749265416,0.19330000,56.90000000,0.1998
1749265416,0.19310000,258.90000000,0.1998
1749265416,0.19300000,51.90000000,0.1998
1749265416,0.19260000,689.50000000,0.1998
1749265416,0.19230000,664.80000000,0.1998
1749265416,0.19220000,226.40000000,0.1998
1749265416,0.19190000,341.10000000,0.1998
1749265416,0.19180000,942.50000000,0.1998
1749265416,0.19160000,521.90000000,0.1998
1749265416,0.19150000,573.50000000,0.1998
1749265416,0.19110000,111.20000000,0.1998
1749265416,0.19060000,262.30000000,0.1998
1749265416,0.19040000,86.20000000,0.1998
1749265416,0.19030000,50.00000000,0.1998
1749265416,0.19010000,1408.40000000,0.1998
1749265416,0.19000000,11963.50000000,0.1998
1749265416,0.18960000,86.70000000,0.1998
1749265416,0.18930000,32.90000000,0.1998
1749265416,0.18920000,56.90000000,0.1998
1749265416,0.18910000,1977.00000000,0.1998
1749265416,0.18900000,1512.00000000,0.1998
1749265416,0.18890000,319.90000000,0.1998
1749265416,0.18880000,480.20000000,0.1998
1749265416,0.18850000,689.50000000,0.1998
1749265416,0.18840000,365.00000000,0.1998
1749265416,0.18820000,31.80000000,0.1998
1749265416,0.18810000,800.20000000,0.1998
1749265416,0.18800000,765.90000000,0.1998
1749265416,0.18760000,522.40000000,0.1998
1749265416,0.18750000,1031.30000000,0.1998
1749265416,0.18740000,2668.00000000,0.1998
1749265416,0.18700000,2713.90000000,0.1998
1749265416,0.18640000,125.40000000,0.1998
1749265416,0.18610000,2477.50000000,0.1998
1749265416,0.18600000,3264.10000000,0.1998
1749265416,0.18590000,325.10000000,0.1998
1749265416,0.18570000,58.70000000,0.1998
1749265416,0.18560000,163.80000000,0.1998
1749265416,0.18550000,161.70000000,0.1998
1749265416,0.18540000,48.00000000,0.1998
1749265416,0.18530000,104.60000000,0.1998
1749265416,0.18520000,27.70000000,0.1998
1749265416,0.18500000,11122.80000000,0.1998
1749265416,0.18490000,33.00000000,0.1998
1749265416,0.18470000,39.00000000,0.1998
1749265416,0.18440000,689.50000000,0.1998
1749265416,0.18400000,1388.70000000,0.1998
1749265416,0.18380000,65.30000000,0.1998
1749265416,0.18330000,109.10000000,0.1998
1749265416,0.18300000,330.20000000,0.1998
1749265416,0.18290000,64.00000000,0.1998
1749265416,0.18260000,238.30000000,0.1998
1749265416,0.18250000,5971.40000000,0.1998
1749265722,0.20020000,2429.70000000,0.2001
1749265722,0.20010000,8090.10000000,0.2001
1749265722,0.20000000,19289.00000000,0.2001
1749265722,0.19990000,40185.20000000,0.2001
1749265722,0.19980000,47583.60000000,0.2001
1749265722,0.19970000,48649.70000000,0.2001
1749265722,0.19960000,25977.50000000,0.2001
1749265722,0.19950000,25569.10000000,0.2001
1749265722,0.19940000,16056.50000000,0.2001
1749265722,0.19930000,21779.10000000,0.2001
1749265722,0.19920000,41371.80000000,0.2001
1749265722,0.19910000,5694.20000000,0.2001
1749265722,0.19900000,6746.60000000,0.2001
1749265722,0.19890000,5692.10000000,0.2001
1749265722,0.19880000,4765.20000000,0.2001
1749265722,0.19870000,1605.60000000,0.2001
1749265722,0.19860000,1605.60000000,0.2001
1749265722,0.19850000,1605.60000000,0.2001
1749265722,0.19840000,839.90000000,0.2001
1749265722,0.19830000,1605.60000000,0.2001
1749265722,0.19820000,34851.30000000,0.2001
1749265722,0.19810000,1567.90000000,0.2001
1749265722,0.19800000,11984.50000000,0.2001
1749265722,0.19790000,802.60000000,0.2001
1749265722,0.19780000,1567.90000000,0.2001
1749265722,0.19770000,6672.90000000,0.2001
1749265722,0.19760000,1952.40000000,0.2001
1749265722,0.19750000,1129.80000000,0.2001
1749265722,0.19740000,1568.00000000,0.2001
1749265722,0.19730000,5298.30000000,0.2001
1749265722,0.19720000,1710.50000000,0.2001
1749265722,0.19710000,1068.10000000,0.2001
1749265722,0.19700000,1568.10000000,0.2001
1749265722,0.19690000,1568.10000000,0.2001
1749265722,0.19680000,1568.10000000,0.2001
1749265722,0.19670000,1568.20000000,0.2001
1749265722,0.19660000,2000.50000000,0.2001
1749265722,0.19650000,1568.20000000,0.2001
1749265722,0.19640000,38.20000000,0.2001
1749265722,0.19630000,64940.80000000,0.2001
1749265722,0.19600000,13783.90000000,0.2001
1749265722,0.19590000,28.70000000,0.2001
1749265722,0.19570000,2244.10000000,0.2001
1749265722,0.19560000,3431.40000000,0.2001
1749265722,0.19530000,12975.80000000,0.2001
1749265722,0.19500000,512.80000000,0.2001
1749265722,0.19450000,1983.00000000,0.2001
1749265722,0.19420000,7646.70000000,0.2001
1749265722,0.19410000,442.70000000,0.2001
1749265722,0.19400000,245.80000000,0.2001
1749265722,0.19330000,56.90000000,0.2001
1749265722,0.19310000,258.90000000,0.2001
1749265722,0.19300000,51.90000000,0.2001
1749265722,0.19260000,689.50000000,0.2001
1749265722,0.19230000,664.80000000,0.2001
1749265722,0.19220000,1166.90000000,0.2001
1749265722,0.19190000,341.10000000,0.2001
1749265722,0.19160000,521.90000000,0.2001
1749265722,0.19150000,573.50000000,0.2001
1749265722,0.19110000,111.20000000,0.2001
1749265722,0.19060000,262.30000000,0.2001
1749265722,0.19040000,86.20000000,0.2001
1749265722,0.19030000,50.00000000,0.2001
1749265722,0.19010000,1408.40000000,0.2001
1749265722,0.19000000,11963.50000000,0.2001
1749265722,0.18960000,86.70000000,0.2001
1749265722,0.18930000,32.90000000,0.2001
1749265722,0.18920000,56.90000000,0.2001
1749265722,0.18910000,1977.00000000,0.2001
1749265722,0.18900000,1512.00000000,0.2001
1749265722,0.18890000,319.90000000,0.2001
1749265722,0.18880000,480.20000000,0.2001
1749265722,0.18870000,911.10000000,0.2001
1749265722,0.18850000,689.50000000,0.2001
1749265722,0.18840000,365.00000000,0.2001
1749265722,0.18820000,31.80000000,0.2001
1749265722,0.18810000,800.20000000,0.2001
1749265722,0.18800000,765.90000000,0.2001
1749265722,0.18760000,522.40000000,0.2001
1749265722,0.18750000,1031.30000000,0.2001
1749265722,0.18740000,2668.00000000,0.2001
1749265722,0.18700000,2713.90000000,0.2001
1749265722,0.18640000,125.40000000,0.2001
1749265722,0.18610000,2477.50000000,0.2001
1749265722,0.18600000,3264.10000000,0.2001
1749265722,0.18590000,325.10000000,0.2001
1749265722,0.18570000,58.70000000,0.2001
1749265722,0.18560000,163.80000000,0.2001
1749265722,0.18550000,161.70000000,0.2001
1749265722,0.18540000,48.00000000,0.2001
1749265722,0.18530000,104.60000000,0.2001
1749265722,0.18520000,27.70000000,0.2001
1749265722,0.18500000,11122.80000000,0.2001
1749265722,0.18490000,33.00000000,0.2001
1749265722,0.18470000,39.00000000,0.2001
1749265722,0.18440000,689.50000000,0.2001
1749265722,0.18400000,1388.70000000,0.2001
1749265722,0.18380000,65.30000000,0.2001
1749265722,0.18330000,109.10000000,0.2001
1749265722,0.18300000,330.20000000,0.2001
1749266024,0.20060000,6656.30000000,0.2007
1749266024,0.20050000,19088.00000000,0.2007
1749266024,0.20040000,48236.10000000,0.2007
1749266024,0.20030000,48899.80000000,0.2007
1749266024,0.20020000,45324.00000000,0.2007
1749266024,0.20010000,35037.20000000,0.2007
1749266024,0.20000000,26071.70000000,0.2007
1749266024,0.19990000,18422.30000000,0.2007
1749266024,0.19980000,11125.10000000,0.2007
1749266024,0.19970000,43740.50000000,0.2007
1749266024,0.19960000,21355.20000000,0.2007
1749266024,0.19950000,5124.60000000,0.2007
1749266024,0.19940000,5694.00000000,0.2007
1749266024,0.19930000,5694.00000000,0.2007
1749266024,0.19920000,6814.80000000,0.2007
1749266024,0.19910000,5694.20000000,0.2007
1749266024,0.19900000,3115.90000000,0.2007
1749266024,0.19890000,5692.10000000,0.2007
1749266024,0.19880000,1605.40000000,0.2007
1749266024,0.19870000,4983.40000000,0.2007
1749266024,0.19860000,34801.40000000,0.2007
1749266024,0.19850000,8624.60000000,0.2007
1749266024,0.19840000,802.10000000,0.2007
1749266024,0.19830000,1710.20000000,0.2007
1749266024,0.19820000,1567.90000000,0.2007
1749266024,0.19810000,1567.90000000,0.2007
1749266024,0.19800000,7472.10000000,0.2007
1749266024,0.19790000,802.60000000,0.2007
1749266024,0.19780000,4961.10000000,0.2007
1749266024,0.19770000,1785.10000000,0.2007
1749266024,0.19760000,1301.10000000,0.2007
1749266024,0.19750000,1129.80000000,0.2007
1749266024,0.19740000,1568.00000000,0.2007
1749266024,0.19730000,1522.20000000,0.2007
1749266024,0.19720000,1568.10000000,0.2007
1749266024,0.19710000,1068.10000000,0.2007
1749266024,0.19700000,1568.10000000,0.2007
1749266024,0.19690000,1568.10000000,0.2007
1749266024,0.19680000,66373.70000000,0.2007
1749266024,0.19670000,38.20000000,0.2007
1749266024,0.19660000,701.30000000,0.2007
1749266024,0.19650000,152.60000000,0.2007
1749266024,0.19640000,3417.40000000,0.2007
1749266024,0.19620000,12884.50000000,0.2007
1749266024,0.19600000,15806.80000000,0.2007
1749266024,0.19590000,28.70000000,0.2007
1749266024,0.19530000,51.20000000,0.2007
1749266024,0.19500000,512.80000000,0.2007
1749266024,0.19490000,7619.20000000,0.2007
1749266024,0.19450000,1983.00000000,0.2007
1749266024,0.19410000,442.70000000,0.2007
1749266024,0.19400000,245.80000000,0.2007
1749266024,0.19330000,56.90000000,0.2007
1749266024,0.19310000,258.90000000,0.2007
1749266024,0.19300000,51.90000000,0.2007
1749266024,0.19260000,689.50000000,0.2007
1749266024,0.19230000,1604.70000000,0.2007
1749266024,0.19220000,226.40000000,0.2007
1749266024,0.19190000,341.10000000,0.2007
1749266024,0.19160000,521.90000000,0.2007
1749266024,0.19150000,573.50000000,0.2007
1749266024,0.19110000,111.20000000,0.2007
1749266024,0.19060000,262.30000000,0.2007
1749266024,0.19040000,86.20000000,0.2007
1749266024,0.19030000,50.00000000,0.2007
1749266024,0.19010000,1408.40000000,0.2007
1749266024,0.19000000,11963.50000000,0.2007
1749266024,0.18960000,86.70000000,0.2007
1749266024,0.18930000,32.90000000,0.2007
1749266024,0.18920000,56.90000000,0.2007
1749266024,0.18910000,1977.00000000,0.2007
1749266024,0.18900000,1512.00000000,0.2007
1749266024,0.18890000,319.90000000,0.2007
1749266024,0.18880000,480.20000000,0.2007
1749266024,0.18870000,911.10000000,0.2007
1749266024,0.18850000,689.50000000,0.2007
1749266024,0.18840000,365.00000000,0.2007
1749266024,0.18820000,31.80000000,0.2007
1749266024,0.18810000,800.20000000,0.2007
1749266024,0.18800000,765.90000000,0.2007
1749266024,0.18760000,522.40000000,0.2007
1749266024,0.18750000,1031.30000000,0.2007
1749266024,0.18740000,2668.00000000,0.2007
1749266024,0.18700000,2713.90000000,0.2007
1749266024,0.18640000,125.40000000,0.2007
1749266024,0.18610000,2477.50000000,0.2007
1749266024,0.18600000,3264.10000000,0.2007
1749266024,0.18590000,325.10000000,0.2007
1749266024,0.18570000,58.70000000,0.2007
1749266024,0.18560000,163.80000000,0.2007
1749266024,0.18550000,161.70000000,0.2007
1749266024,0.18540000,48.00000000,0.2007
1749266024,0.18530000,104.60000000,0.2007
1749266024,0.18520000,27.70000000,0.2007
1749266024,0.18500000,11122.80000000,0.2007
1749266024,0.18490000,33.00000000,0.2007
1749266024,0.18470000,39.00000000,0.2007
1749266024,0.18440000,689.50000000,0.2007
1749266024,0.18400000,1388.70000000,0.2007
1749266024,0.18380000,65.30000000,0.2007
1749266325,0.20040000,2574.60000000,0.2004
1749266325,0.20030000,14197.70000000,0.2004
1749266325,0.20020000,48353.30000000,0.2004
1749266325,0.20010000,54616.30000000,0.2004
1749266325,0.20000000,49178.00000000,0.2004
1749266325,0.19990000,61606.40000000,0.2004
1749266325,0.19980000,21026.00000000,0.2004
1749266325,0.19970000,11113.10000000,0.2004
1749266325,0.19960000,10635.50000000,0.2004
1749266325,0.19950000,9170.60000000,0.2004
1749266325,0.19940000,5694.00000000,0.2004
1749266325,0.19930000,12757.40000000,0.2004
1749266325,0.19920000,6814.80000000,0.2004
1749266325,0.19910000,5694.20000000,0.2004
1749266325,0.19900000,3115.90000000,0.2004
1749266325,0.19890000,5654.40000000,0.2004
1749266325,0.19880000,1567.70000000,0.2004
1749266325,0.19870000,1567.80000000,0.2004
1749266325,0.19860000,1567.80000000,0.2004
1749266325,0.19850000,41888.60000000,0.2004
1749266325,0.19840000,5206.40000000,0.2004
1749266325,0.19830000,1710.20000000,0.2004
1749266325,0.19820000,1567.90000000,0.2004
1749266325,0.19810000,1567.90000000,0.2004
1749266325,0.19800000,6448.80000000,0.2004
1749266325,0.19790000,802.60000000,0.2004
1749266325,0.19780000,4961.10000000,0.2004
1749266325,0.19770000,1785.10000000,0.2004
1749266325,0.19760000,1301.10000000,0.2004
1749266325,0.19750000,1129.80000000,0.2004
1749266325,0.19740000,1568.00000000,0.2004
1749266325,0.19730000,1494.90000000,0.2004
1749266325,0.19720000,1568.10000000,0.2004
1749266325,0.19710000,1068.10000000,0.2004
1749266325,0.19700000,1568.10000000,0.2004
1749266325,0.19670000,66174.50000000,0.2004
1749266325,0.19660000,701.30000000,0.2004
1749266325,0.19650000,152.60000000,0.2004
1749266325,0.19640000,3417.40000000,0.2004
1749266325,0.19620000,12884.50000000,0.2004
1749266325,0.19600000,15806.80000000,0.2004
1749266325,0.19590000,28.70000000,0.2004
1749266325,0.19530000,51.20000000,0.2004
1749266325,0.19500000,512.80000000,0.2004
1749266325,0.19490000,7619.20000000,0.2004
1749266325,0.19450000,1983.00000000,0.2004
1749266325,0.19410000,442.70000000,0.2004
1749266325,0.19400000,245.80000000,0.2004
1749266325,0.19330000,56.90000000,0.2004
1749266325,0.19310000,258.90000000,0.2004
1749266325,0.19300000,988.60000000,0.2004
1749266325,0.19260000,689.50000000,0.2004
1749266325,0.19230000,664.80000000,0.2004
1749266325,0.19220000,226.40000000,0.2004
1749266325,0.19190000,341.10000000,0.2004
1749266325,0.19160000,521.90000000,0.2004
1749266325,0.19150000,573.50000000,0.2004
1749266325,0.19110000,111.20000000,0.2004
1749266325,0.19060000,262.30000000,0.2004
1749266325,0.19040000,86.20000000,0.2004
1749266325,0.19030000,50.00000000,0.2004
1749266325,0.19010000,1408.40000000,0.2004
1749266325,0.19000000,11963.50000000,0.2004
1749266325,0.18960000,86.70000000,0.2004
1749266325,0.18930000,32.90000000,0.2004
1749266325,0.18920000,56.90000000,0.2004
1749266325,0.18910000,1977.00000000,0.2004
1749266325,0.18900000,1512.00000000,0.2004
1749266325,0.18890000,319.90000000,0.2004
1749266325,0.18880000,480.20000000,0.2004
1749266325,0.18870000,911.10000000,0.2004
1749266325,0.18850000,689.50000000,0.2004
1749266325,0.18840000,365.00000000,0.2004
1749266325,0.18820000,31.80000000,0.2004
1749266325,0.18810000,800.20000000,0.2004
1749266325,0.18800000,765.90000000,0.2004
1749266325,0.18760000,522.40000000,0.2004
1749266325,0.18750000,1031.30000000,0.2004
1749266325,0.18740000,2668.00000000,0.2004
1749266325,0.18700000,2713.90000000,0.2004
1749266325,0.18660000,35.40000000,0.2004
1749266325,0.18640000,125.40000000,0.2004
1749266325,0.18610000,2477.50000000,0.2004
1749266325,0.18600000,3264.10000000,0.2004
1749266325,0.18590000,325.10000000,0.2004
1749266325,0.18570000,58.70000000,0.2004
1749266325,0.18560000,163.80000000,0.2004
1749266325,0.18550000,161.70000000,0.2004
1749266325,0.18540000,48.00000000,0.2004
1749266325,0.18530000,104.60000000,0.2004
1749266325,0.18520000,27.70000000,0.2004
1749266325,0.18500000,11122.80000000,0.2004
1749266325,0.18490000,33.00000000,0.2004
1749266325,0.18470000,39.00000000,0.2004
1749266325,0.18440000,689.50000000,0.2004
1749266325,0.18400000,1388.70000000,0.2004
1749266325,0.18380000,65.30000000,0.2004
1749266325,0.18330000,109.10000000,0.2004
1749266325,0.18300000,330.20000000,0.2004
1749266325,0.18290000,64.00000000,0.2004
1749266635,0.20050000,2593.60000000,0.2006
1749266635,0.20040000,10994.70000000,0.2006
1749266635,0.20030000,18675.70000000,0.2006
1749266635,0.20020000,55841.30000000,0.2006
1749266635,0.20010000,43298.50000000,0.2006
1749266635,0.20000000,48193.90000000,0.2006
1749266635,0.19990000,39916.40000000,0.2006
1749266635,0.19980000,13314.70000000,0.2006
1749266635,0.19970000,16373.90000000,0.2006
1749266635,0.19960000,41942.90000000,0.2006
1749266635,0.19950000,13604.60000000,0.2006
1749266635,0.19940000,11112.70000000,0.2006
1749266635,0.19930000,5694.00000000,0.2006
1749266635,0.19920000,9970.00000000,0.2006
1749266635,0.19910000,5694.20000000,0.2006
1749266635,0.19900000,7202.60000000,0.2006
1749266635,0.19890000,5654.40000000,0.2006
1749266635,0.19880000,1567.70000000,0.2006
1749266635,0.19870000,1567.80000000,0.2006
1749266635,0.19860000,1567.80000000,0.2006
1749266635,0.19850000,41888.60000000,0.2006
1749266635,0.19840000,4185.00000000,0.2006
1749266635,0.19830000,1710.20000000,0.2006
1749266635,0.19820000,1567.90000000,0.2006
1749266635,0.19810000,1567.90000000,0.2006
1749266635,0.19800000,7098.80000000,0.2006
1749266635,0.19790000,1176.10000000,0.2006
1749266635,0.19780000,1567.90000000,0.2006
1749266635,0.19770000,1785.10000000,0.2006
1749266635,0.19760000,1301.10000000,0.2006
1749266635,0.19750000,1129.80000000,0.2006
1749266635,0.19740000,4968.10000000,0.2006
1749266635,0.19730000,1494.90000000,0.2006
1749266635,0.19720000,1568.10000000,0.2006
1749266635,0.19710000,1068.10000000,0.2006
1749266635,0.19700000,1568.10000000,0.2006
1749266635,0.19670000,66174.50000000,0.2006
1749266635,0.19660000,2231.30000000,0.2006
1749266635,0.19650000,152.60000000,0.2006
1749266635,0.19640000,4947.40000000,0.2006
1749266635,0.19630000,1616.50000000,0.2006
1749266635,0.19620000,14414.50000000,0.2006
1749266635,0.19600000,13783.90000000,0.2006
1749266635,0.19590000,28.70000000,0.2006
1749266635,0.19530000,51.20000000,0.2006
1749266635,0.19500000,512.80000000,0.2006
1749266635,0.19460000,7694.60000000,0.2006
1749266635,0.19450000,1983.00000000,0.2006
1749266635,0.19410000,442.70000000,0.2006
1749266635,0.19400000,245.80000000,0.2006
1749266635,0.19330000,56.90000000,0.2006
1749266635,0.19310000,258.90000000,0.2006
1749266635,0.19300000,51.90000000,0.2006
1749266635,0.19260000,689.50000000,0.2006
1749266635,0.19250000,939.10000000,0.2006
1749266635,0.19230000,664.80000000,0.2006
1749266635,0.19220000,226.40000000,0.2006
1749266635,0.19190000,341.10000000,0.2006
1749266635,0.19160000,521.90000000,0.2006
1749266635,0.19150000,573.50000000,0.2006
1749266635,0.19110000,111.20000000,0.2006
1749266635,0.19060000,262.30000000,0.2006
1749266635,0.19040000,86.20000000,0.2006
1749266635,0.19030000,50.00000000,0.2006
1749266635,0.19010000,1408.40000000,0.2006
1749266635,0.19000000,11963.50000000,0.2006
1749266635,0.18960000,86.70000000,0.2006
1749266635,0.18930000,32.90000000,0.2006
1749266635,0.18920000,56.90000000,0.2006
1749266635,0.18910000,1977.00000000,0.2006
1749266635,0.18900000,1512.00000000,0.2006
1749266635,0.18890000,319.90000000,0.2006
1749266635,0.18880000,480.20000000,0.2006
1749266635,0.18870000,911.10000000,0.2006
1749266635,0.18850000,689.50000000,0.2006
1749266635,0.18840000,365.00000000,0.2006
1749266635,0.18820000,31.80000000,0.2006
1749266635,0.18810000,800.20000000,0.2006
1749266635,0.18800000,765.90000000,0.2006
1749266635,0.18760000,522.40000000,0.2006
1749266635,0.18750000,1031.30000000,0.2006
1749266635,0.18740000,2668.00000000,0.2006
1749266635,0.18700000,2713.90000000,0.2006
1749266635,0.18660000,35.40000000,0.2006
1749266635,0.18640000,125.40000000,0.2006
1749266635,0.18610000,2477.50000000,0.2006
1749266635,0.18600000,3264.10000000,0.2006
1749266635,0.18590000,325.10000000,0.2006
1749266635,0.18570000,58.70000000,0.2006
1749266635,0.18560000,163.80000000,0.2006
1749266635,0.18550000,161.70000000,0.2006
1749266635,0.18540000,48.00000000,0.2006
1749266635,0.18530000,104.60000000,0.2006
1749266635,0.18520000,27.70000000,0.2006
1749266635,0.18500000,11122.80000000,0.2006
1749266635,0.18490000,33.00000000,0.2006
1749266635,0.18470000,39.00000000,0.2006
1749266635,0.18440000,689.50000000,0.2006
1749266635,0.18400000,1388.70000000,0.2006
1749266635,0.18380000,65.30000000,0.2006
1749266936,0.20070000,3609.60000000,0.2007
1749266936,0.20060000,21611.10000000,0.2007
1749266936,0.20050000,44832.60000000,0.2007
1749266936,0.20040000,43573.80000000,0.2007
1749266936,0.20030000,39267.90000000,0.2007
1749266936,0.20020000,30129.80000000,0.2007
1749266936,0.20010000,18607.10000000,0.2007
1749266936,0.20000000,22580.60000000,0.2007
1749266936,0.19990000,41859.00000000,0.2007
1749266936,0.19980000,6108.60000000,0.2007
1749266936,0.19970000,9324.70000000,0.2007
1749266936,0.19960000,8846.10000000,0.2007
1749266936,0.19950000,5124.60000000,0.2007
1749266936,0.19940000,5694.00000000,0.2007
1749266936,0.19930000,10649.10000000,0.2007
1749266936,0.19920000,6814.80000000,0.2007
1749266936,0.19910000,5694.20000000,0.2007
1749266936,0.19900000,14358.30000000,0.2007
1749266936,0.19890000,42262.40000000,0.2007
1749266936,0.19880000,1567.70000000,0.2007
1749266936,0.19870000,1567.80000000,0.2007
1749266936,0.19860000,1567.80000000,0.2007
1749266936,0.19850000,1567.80000000,0.2007
1749266936,0.19840000,1450.70000000,0.2007
1749266936,0.19830000,2083.10000000,0.2007
1749266936,0.19820000,1567.90000000,0.2007
1749266936,0.19810000,1567.90000000,0.2007
1749266936,0.19800000,9838.60000000,0.2007
1749266936,0.19790000,802.60000000,0.2007
1749266936,0.19780000,1567.90000000,0.2007
1749266936,0.19770000,1785.10000000,0.2007
1749266936,0.19760000,1301.10000000,0.2007
1749266936,0.19750000,1129.80000000,0.2007
1749266936,0.19740000,1568.00000000,0.2007
1749266936,0.19730000,1494.90000000,0.2007
1749266936,0.19720000,1568.10000000,0.2007
1749266936,0.19710000,65904.10000000,0.2007
1749266936,0.19680000,3410.40000000,0.2007
1749266936,0.19660000,701.30000000,0.2007
1749266936,0.19650000,152.60000000,0.2007
1749266936,0.19630000,1616.50000000,0.2007
1749266936,0.19620000,12884.50000000,0.2007
1749266936,0.19600000,13783.90000000,0.2007
1749266936,0.19590000,28.70000000,0.2007
1749266936,0.19530000,51.20000000,0.2007
1749266936,0.19520000,7607.50000000,0.2007
1749266936,0.19500000,512.80000000,0.2007
1749266936,0.19450000,1983.00000000,0.2007
1749266936,0.19410000,442.70000000,0.2007
1749266936,0.19400000,245.80000000,0.2007
1749266936,0.19330000,56.90000000,0.2007
1749266936,0.19310000,300.30000000,0.2007
1749266936,0.19300000,51.90000000,0.2007
1749266936,0.19260000,689.50000000,0.2007
1749266936,0.19250000,939.10000000,0.2007
1749266936,0.19230000,664.80000000,0.2007
1749266936,0.19220000,226.40000000,0.2007
1749266936,0.19190000,341.10000000,0.2007
1749266936,0.19160000,521.90000000,0.2007
1749266936,0.19150000,573.50000000,0.2007
1749266936,0.19110000,111.20000000,0.2007
1749266936,0.19060000,262.30000000,0.2007
1749266936,0.19040000,86.20000000,0.2007
1749266936,0.19030000,50.00000000,0.2007
1749266936,0.19010000,1408.40000000,0.2007
1749266936,0.19000000,11963.50000000,0.2007
1749266936,0.18960000,86.70000000,0.2007
1749266936,0.18930000,32.90000000,0.2007
1749266936,0.18920000,56.90000000,0.2007
1749266936,0.18910000,1977.00000000,0.2007
1749266936,0.18900000,1564.90000000,0.2007
1749266936,0.18890000,319.90000000,0.2007
1749266936,0.18880000,480.20000000,0.2007
1749266936,0.18870000,911.10000000,0.2007
1749266936,0.18850000,689.50000000,0.2007
1749266936,0.18840000,365.00000000,0.2007
1749266936,0.18820000,31.80000000,0.2007
1749266936,0.18810000,800.20000000,0.2007
1749266936,0.18800000,765.90000000,0.2007
1749266936,0.18760000,522.40000000,0.2007
1749266936,0.18750000,1031.30000000,0.2007
1749266936,0.18740000,2668.00000000,0.2007
1749266936,0.18700000,2713.90000000,0.2007
1749266936,0.18660000,35.40000000,0.2007
1749266936,0.18640000,125.40000000,0.2007
1749266936,0.18610000,2477.50000000,0.2007
1749266936,0.18600000,3264.10000000,0.2007
1749266936,0.18590000,325.10000000,0.2007
1749266936,0.18570000,58.70000000,0.2007
1749266936,0.18560000,163.80000000,0.2007
1749266936,0.18550000,161.70000000,0.2007
1749266936,0.18540000,48.00000000,0.2007
1749266936,0.18530000,104.60000000,0.2007
1749266936,0.18520000,27.70000000,0.2007
1749266936,0.18500000,11122.80000000,0.2007
1749266936,0.18490000,33.00000000,0.2007
1749266936,0.18470000,39.00000000,0.2007
1749266936,0.18440000,689.50000000,0.2007
1749266936,0.18400000,1388.70000000,0.2007
1749266936,0.18380000,65.30000000,0.2007
1749267238,0.20040000,2651.90000000,0.2005
1749267238,0.20030000,15739.60000000,0.2005
1749267238,0.20020000,37384.00000000,0.2005
1749267238,0.20010000,61704.90000000,0.2005
1749267238,0.20000000,64558.40000000,0.2005
1749267238,0.19990000,21922.50000000,0.2005
1749267238,0.19980000,21485.60000000,0.2005
1749267238,0.19970000,18883.80000000,0.2005
1749267238,0.19960000,43740.10000000,0.2005
1749267238,0.19950000,9170.40000000,0.2005
1749267238,0.19940000,11152.90000000,0.2005
1749267238,0.19930000,10393.20000000,0.2005
1749267238,0.19920000,9719.60000000,0.2005
1749267238,0.19910000,9324.90000000,0.2005
1749267238,0.19900000,6509.00000000,0.2005
1749267238,0.19890000,5654.40000000,0.2005
1749267238,0.19880000,1567.70000000,0.2005
1749267238,0.19870000,1567.80000000,0.2005
1749267238,0.19860000,8595.30000000,0.2005
1749267238,0.19850000,4949.00000000,0.2005
1749267238,0.19840000,34651.20000000,0.2005
1749267238,0.19830000,1710.20000000,0.2005
1749267238,0.19820000,1567.90000000,0.2005
1749267238,0.19810000,1567.90000000,0.2005
1749267238,0.19800000,6448.80000000,0.2005
1749267238,0.19790000,802.60000000,0.2005
1749267238,0.19780000,1567.90000000,0.2005
1749267238,0.19770000,2152.30000000,0.2005
1749267238,0.19760000,1301.10000000,0.2005
1749267238,0.19750000,4528.10000000,0.2005
1749267238,0.19740000,1568.00000000,0.2005
1749267238,0.19730000,1494.90000000,0.2005
1749267238,0.19720000,1568.10000000,0.2005
1749267238,0.19710000,1098.50000000,0.2005
1749267238,0.19680000,4940.40000000,0.2005
1749267238,0.19660000,66972.30000000,0.2005
1749267238,0.19650000,152.60000000,0.2005
1749267238,0.19630000,3146.50000000,0.2005
1749267238,0.19620000,12884.50000000,0.2005
1749267238,0.19600000,13783.90000000,0.2005
1749267238,0.19590000,28.70000000,0.2005
1749267238,0.19530000,51.20000000,0.2005
1749267238,0.19520000,7607.50000000,0.2005
1749267238,0.19500000,512.80000000,0.2005
1749267238,0.19450000,1983.00000000,0.2005
1749267238,0.19410000,442.70000000,0.2005
1749267238,0.19400000,245.80000000,0.2005
1749267238,0.19330000,56.90000000,0.2005
1749267238,0.19310000,300.30000000,0.2005
1749267238,0.19300000,51.90000000,0.2005
1749267238,0.19260000,689.50000000,0.2005
1749267238,0.19250000,939.10000000,0.2005
1749267238,0.19230000,664.80000000,0.2005
1749267238,0.19220000,226.40000000,0.2005
1749267238,0.19190000,341.10000000,0.2005
1749267238,0.19160000,521.90000000,0.2005
1749267238,0.19150000,573.50000000,0.2005
1749267238,0.19110000,111.20000000,0.2005
1749267238,0.19060000,262.30000000,0.2005
1749267238,0.19040000,86.20000000,0.2005
1749267238,0.19030000,50.00000000,0.2005
1749267238,0.19010000,1408.40000000,0.2005
1749267238,0.19000000,11963.50000000,0.2005
1749267238,0.18960000,86.70000000,0.2005
1749267238,0.18930000,32.90000000,0.2005
1749267238,0.18920000,56.90000000,0.2005
1749267238,0.18910000,1977.00000000,0.2005
1749267238,0.18900000,1564.90000000,0.2005
1749267238,0.18890000,319.90000000,0.2005
1749267238,0.18880000,480.20000000,0.2005
1749267238,0.18870000,911.10000000,0.2005
1749267238,0.18850000,689.50000000,0.2005
1749267238,0.18840000,365.00000000,0.2005
1749267238,0.18820000,31.80000000,0.2005
1749267238,0.18810000,800.20000000,0.2005
1749267238,0.18800000,765.90000000,0.2005
1749267238,0.18760000,522.40000000,0.2005
1749267238,0.18750000,1031.30000000,0.2005
1749267238,0.18740000,2668.00000000,0.2005
1749267238,0.18700000,2713.90000000,0.2005
1749267238,0.18660000,35.40000000,0.2005
1749267238,0.18640000,125.40000000,0.2005
1749267238,0.18610000,2477.50000000,0.2005
1749267238,0.18600000,3264.10000000,0.2005
1749267238,0.18590000,325.10000000,0.2005
1749267238,0.18570000,58.70000000,0.2005
1749267238,0.18560000,163.80000000,0.2005
1749267238,0.18550000,161.70000000,0.2005
1749267238,0.18540000,48.00000000,0.2005
1749267238,0.18530000,104.60000000,0.2005
1749267238,0.18520000,27.70000000,0.2005
1749267238,0.18500000,11122.80000000,0.2005
1749267238,0.18490000,33.00000000,0.2005
1749267238,0.18470000,39.00000000,0.2005
1749267238,0.18440000,689.50000000,0.2005
1749267238,0.18400000,1388.70000000,0.2005
1749267238,0.18380000,65.30000000,0.2005
1749267238,0.18330000,109.10000000,0.2005
1749267238,0.18300000,330.20000000,0.2005
1749267238,0.18290000,64.00000000,0.2005
1749267539,0.20050000,6127.10000000,0.2005
1749267539,0.20040000,33810.00000000,0.2005
1749267539,0.20030000,53433.50000000,0.2005
1749267539,0.20020000,54935.10000000,0.2005
1749267539,0.20010000,30031.70000000,0.2005
1749267539,0.20000000,45571.40000000,0.2005
1749267539,0.19990000,12160.70000000,0.2005
1749267539,0.19980000,11537.10000000,0.2005
1749267539,0.19970000,16264.20000000,0.2005
1749267539,0.19960000,55582.70000000,0.2005
1749267539,0.19950000,10192.70000000,0.2005
1749267539,0.19940000,6762.00000000,0.2005
1749267539,0.19930000,9324.70000000,0.2005
1749267539,0.19920000,6564.70000000,0.2005
1749267539,0.19910000,5694.20000000,0.2005
1749267539,0.19900000,6509.00000000,0.2005
1749267539,0.19890000,5654.40000000,0.2005
1749267539,0.19880000,1567.70000000,0.2005
1749267539,0.19870000,1567.80000000,0.2005
1749267539,0.19860000,8595.30000000,0.2005
1749267539,0.19850000,4949.00000000,0.2005
1749267539,0.19840000,34681.30000000,0.2005
1749267539,0.19830000,1710.20000000,0.2005
1749267539,0.19820000,1567.90000000,0.2005
1749267539,0.19810000,1567.90000000,0.2005
1749267539,0.19800000,6448.80000000,0.2005
1749267539,0.19790000,802.60000000,0.2005
1749267539,0.19780000,1567.90000000,0.2005
1749267539,0.19770000,2152.30000000,0.2005
1749267539,0.19760000,1301.10000000,0.2005
1749267539,0.19750000,4528.10000000,0.2005
1749267539,0.19740000,1568.00000000,0.2005
1749267539,0.19730000,1494.90000000,0.2005
1749267539,0.19720000,1568.10000000,0.2005
1749267539,0.19710000,1098.50000000,0.2005
1749267539,0.19680000,4940.40000000,0.2005
1749267539,0.19670000,30.10000000,0.2005
1749267539,0.19660000,66972.30000000,0.2005
1749267539,0.19650000,152.60000000,0.2005
1749267539,0.19630000,3146.50000000,0.2005
1749267539,0.19620000,12884.50000000,0.2005
1749267539,0.19600000,13783.90000000,0.2005
1749267539,0.19530000,51.20000000,0.2005
1749267539,0.19520000,7607.50000000,0.2005
1749267539,0.19500000,512.80000000,0.2005
1749267539,0.19450000,1983.00000000,0.2005
1749267539,0.19410000,442.70000000,0.2005
1749267539,0.19400000,245.80000000,0.2005
1749267539,0.19330000,56.90000000,0.2005
1749267539,0.19310000,300.30000000,0.2005
1749267539,0.19300000,51.90000000,0.2005
1749267539,0.19260000,689.50000000,0.2005
1749267539,0.19250000,939.10000000,0.2005
1749267539,0.19230000,664.80000000,0.2005
1749267539,0.19220000,226.40000000,0.2005
1749267539,0.19190000,341.10000000,0.2005
1749267539,0.19160000,521.90000000,0.2005
1749267539,0.19150000,573.50000000,0.2005
1749267539,0.19110000,111.20000000,0.2005
1749267539,0.19060000,262.30000000,0.2005
1749267539,0.19040000,86.20000000,0.2005
1749267539,0.19030000,50.00000000,0.2005
1749267539,0.19010000,1408.40000000,0.2005
1749267539,0.19000000,11963.50000000,0.2005
1749267539,0.18960000,86.70000000,0.2005
1749267539,0.18930000,32.90000000,0.2005
1749267539,0.18920000,56.90000000,0.2005
1749267539,0.18910000,1977.00000000,0.2005
1749267539,0.18900000,1564.90000000,0.2005
1749267539,0.18890000,319.90000000,0.2005
1749267539,0.18880000,480.20000000,0.2005
1749267539,0.18870000,911.10000000,0.2005
1749267539,0.18850000,689.50000000,0.2005
1749267539,0.18840000,365.00000000,0.2005
1749267539,0.18820000,31.80000000,0.2005
1749267539,0.18810000,800.20000000,0.2005
1749267539,0.18800000,765.90000000,0.2005
1749267539,0.18760000,522.40000000,0.2005
1749267539,0.18750000,1031.30000000,0.2005
1749267539,0.18740000,2668.00000000,0.2005
1749267539,0.18700000,2713.90000000,0.2005
1749267539,0.18660000,35.40000000,0.2005
1749267539,0.18640000,125.40000000,0.2005
1749267539,0.18610000,2477.50000000,0.2005
1749267539,0.18600000,3264.10000000,0.2005
1749267539,0.18590000,325.10000000,0.2005
1749267539,0.18570000,58.70000000,0.2005
1749267539,0.18560000,163.80000000,0.2005
1749267539,0.18550000,161.70000000,0.2005
1749267539,0.18540000,48.00000000,0.2005
1749267539,0.18530000,104.60000000,0.2005
1749267539,0.18520000,27.70000000,0.2005
1749267539,0.18500000,11122.80000000,0.2005
1749267539,0.18490000,33.00000000,0.2005
1749267539,0.18470000,39.00000000,0.2005
1749267539,0.18440000,689.50000000,0.2005
1749267539,0.18400000,1388.70000000,0.2005
1749267539,0.18380000,65.30000000,0.2005
1749267539,0.18330000,109.10000000,0.2005
1749267539,0.18300000,330.20000000,0.2005
1749267841,0.20080000,44134.30000000,0.2008
1749267841,0.20070000,60308.20000000,0.2008
1749267841,0.20060000,49418.30000000,0.2008
1749267841,0.20050000,37608.60000000,0.2008
1749267841,0.20040000,34163.50000000,0.2008
1749267841,0.20030000,23896.80000000,0.2008
1749267841,0.20020000,26139.70000000,0.2008
1749267841,0.20010000,11782.10000000,0.2008
1749267841,0.20000000,11119.10000000,0.2008
