timestamp,price,volume,current_price
1749258362,1697.00000000,2.54360000,1697.0
1749258362,1696.00000000,7.53580000,1697.0
1749258362,1695.00000000,27.93830000,1697.0
1749258362,1694.00000000,25.41030000,1697.0
1749258362,1693.00000000,14.89980000,1697.0
1749258362,1692.00000000,3.75050000,1697.0
1749258362,1691.00000000,2.55890000,1697.0
1749258362,1690.00000000,1.57800000,1697.0
1749258362,1689.00000000,1.95870000,1697.0
1749258362,1688.00000000,2.59760000,1697.0
1749258362,1687.00000000,3.33650000,1697.0
1749258362,1686.00000000,1.38570000,1697.0
1749258362,1685.00000000,3.32410000,1697.0
1749258362,1684.00000000,1.38240000,1697.0
1749258362,1683.00000000,2.03810000,1697.0
1749258362,1682.00000000,1.56630000,1697.0
1749258362,1681.00000000,0.73200000,1697.0
1749258362,1680.00000000,4.29590000,1697.0
1749258362,1679.00000000,0.63060000,1697.0
1749258362,1678.00000000,1.31870000,1697.0
1749258362,1677.00000000,0.97570000,1697.0
1749258362,1676.00000000,0.76080000,1697.0
1749258362,1675.00000000,0.04110000,1697.0
1749258362,1674.00000000,0.86680000,1697.0
1749258362,1673.00000000,0.31370000,1697.0
1749258362,1672.00000000,0.32930000,1697.0
1749258362,1671.00000000,0.86320000,1697.0
1749258362,1670.00000000,1.00750000,1697.0
1749258362,1669.00000000,0.02360000,1697.0
1749258362,1668.00000000,0.86760000,1697.0
1749258362,1667.00000000,0.04540000,1697.0
1749258362,1666.00000000,0.32200000,1697.0
1749258362,1665.00000000,0.07210000,1697.0
1749258362,1664.00000000,0.30200000,1697.0
1749258362,1663.00000000,0.02090000,1697.0
1749258362,1662.00000000,0.73590000,1697.0
1749258362,1661.00000000,0.01430000,1697.0
1749258362,1660.00000000,1.26970000,1697.0
1749258362,1659.00000000,0.59360000,1697.0
1749258362,1658.00000000,0.00590000,1697.0
1749258362,1657.00000000,0.02300000,1697.0
1749258362,1656.00000000,1.72140000,1697.0
1749258362,1655.00000000,0.41140000,1697.0
1749258362,1654.00000000,0.09610000,1697.0
1749258362,1653.00000000,2.77690000,1697.0
1749258362,1652.00000000,0.02780000,1697.0
1749258362,1651.00000000,0.02120000,1697.0
1749258362,1650.00000000,5.08560000,1697.0
1749258362,1649.00000000,0.01670000,1697.0
1749258362,1648.00000000,0.00590000,1697.0
1749258362,1647.00000000,0.67430000,1697.0
1749258362,1646.00000000,3.04350000,1697.0
1749258362,1645.00000000,0.02440000,1697.0
1749258362,1644.00000000,0.01810000,1697.0
1749258362,1643.00000000,0.00950000,1697.0
1749258362,1642.00000000,0.00590000,1697.0
1749258362,1641.00000000,0.00590000,1697.0
1749258362,1640.00000000,12.21840000,1697.0
1749258362,1639.00000000,0.01550000,1697.0
1749258362,1638.00000000,0.00590000,1697.0
1749258362,1637.00000000,0.19570000,1697.0
1749258362,1636.00000000,0.03530000,1697.0
1749258362,1635.00000000,0.02350000,1697.0
1749258362,1634.00000000,0.00590000,1697.0
1749258362,1633.00000000,0.28410000,1697.0
1749258362,1632.00000000,0.09260000,1697.0
1749258362,1631.00000000,0.02430000,1697.0
1749258362,1630.00000000,0.36490000,1697.0
1749258362,1629.00000000,0.00590000,1697.0
1749258362,1628.00000000,0.08200000,1697.0
1749258362,1627.00000000,0.35200000,1697.0
1749258362,1626.00000000,0.01150000,1697.0
1749258362,1625.00000000,4.01210000,1697.0
1749258362,1624.00000000,0.00590000,1697.0
1749258362,1623.00000000,0.00950000,1697.0
1749258362,1622.00000000,0.01910000,1697.0
1749258362,1621.00000000,0.01770000,1697.0
1749258362,1620.00000000,0.04260000,1697.0
1749258362,1619.00000000,0.01130000,1697.0
1749258362,1618.00000000,0.28840000,1697.0
1749258362,1617.00000000,0.00420000,1697.0
1749258362,1616.00000000,1.05190000,1697.0
1749258362,1615.00000000,0.03710000,1697.0
1749258362,1613.00000000,0.07050000,1697.0
1749258362,1612.00000000,0.00800000,1697.0
1749258362,1611.00000000,0.01770000,1697.0
1749258362,1610.00000000,0.50810000,1697.0
1749258362,1608.00000000,0.20000000,1697.0
1749258362,1607.00000000,0.00630000,1697.0
1749258362,1606.00000000,0.00800000,1697.0
1749258362,1605.00000000,1.02630000,1697.0
1749258362,1604.00000000,1.00630000,1697.0
1749258362,1603.00000000,0.56230000,1697.0
1749258362,1602.00000000,0.00360000,1697.0
1749258362,1601.00000000,0.54680000,1697.0
1749258362,1600.00000000,15.56140000,1697.0
1749258362,1599.00000000,0.02840000,1697.0
1749258362,1598.00000000,0.65120000,1697.0
1749258362,1596.00000000,0.06000000,1697.0
1749258362,1594.00000000,0.02250000,1697.0
1749258664,1699.00000000,1.21980000,1700.0
1749258664,1698.00000000,3.65620000,1700.0
1749258664,1697.00000000,31.40780000,1700.0
1749258664,1696.00000000,26.71360000,1700.0
1749258664,1695.00000000,13.37450000,1700.0
1749258664,1694.00000000,3.14780000,1700.0
1749258664,1693.00000000,2.62250000,1700.0
1749258664,1692.00000000,2.62460000,1700.0
1749258664,1691.00000000,1.50790000,1700.0
1749258664,1690.00000000,1.13310000,1700.0
1749258664,1689.00000000,3.41590000,1700.0
1749258664,1688.00000000,1.60040000,1700.0
1749258664,1687.00000000,3.51930000,1700.0
1749258664,1686.00000000,1.40040000,1700.0
1749258664,1685.00000000,2.24610000,1700.0
1749258664,1684.00000000,2.17850000,1700.0
1749258664,1683.00000000,1.88850000,1700.0
1749258664,1682.00000000,1.30380000,1700.0
1749258664,1681.00000000,0.73200000,1700.0
1749258664,1680.00000000,4.29590000,1700.0
1749258664,1679.00000000,1.71250000,1700.0
1749258664,1678.00000000,1.31870000,1700.0
1749258664,1677.00000000,0.97570000,1700.0
1749258664,1676.00000000,0.76080000,1700.0
1749258664,1675.00000000,0.04110000,1700.0
1749258664,1674.00000000,0.86680000,1700.0
1749258664,1673.00000000,0.31370000,1700.0
1749258664,1672.00000000,0.32930000,1700.0
1749258664,1671.00000000,0.86320000,1700.0
1749258664,1670.00000000,1.00750000,1700.0
1749258664,1669.00000000,0.16730000,1700.0
1749258664,1668.00000000,0.86760000,1700.0
1749258664,1667.00000000,0.04540000,1700.0
1749258664,1666.00000000,0.32200000,1700.0
1749258664,1665.00000000,0.07210000,1700.0
1749258664,1664.00000000,0.30200000,1700.0
1749258664,1663.00000000,0.02090000,1700.0
1749258664,1662.00000000,0.73590000,1700.0
1749258664,1661.00000000,0.01430000,1700.0
1749258664,1660.00000000,1.26970000,1700.0
1749258664,1659.00000000,0.59360000,1700.0
1749258664,1658.00000000,0.00590000,1700.0
1749258664,1657.00000000,0.02300000,1700.0
1749258664,1656.00000000,1.72140000,1700.0
1749258664,1655.00000000,0.41140000,1700.0
1749258664,1654.00000000,2.44470000,1700.0
1749258664,1653.00000000,0.42830000,1700.0
1749258664,1652.00000000,0.02780000,1700.0
1749258664,1651.00000000,0.02120000,1700.0
1749258664,1650.00000000,5.08560000,1700.0
1749258664,1649.00000000,0.01670000,1700.0
1749258664,1648.00000000,0.00590000,1700.0
1749258664,1647.00000000,0.67430000,1700.0
1749258664,1646.00000000,3.04350000,1700.0
1749258664,1645.00000000,0.02440000,1700.0
1749258664,1644.00000000,0.01810000,1700.0
1749258664,1643.00000000,0.00950000,1700.0
1749258664,1642.00000000,0.00590000,1700.0
1749258664,1641.00000000,0.00590000,1700.0
1749258664,1640.00000000,12.21840000,1700.0
1749258664,1639.00000000,0.01550000,1700.0
1749258664,1638.00000000,0.00590000,1700.0
1749258664,1637.00000000,0.19570000,1700.0
1749258664,1636.00000000,0.03530000,1700.0
1749258664,1635.00000000,0.02350000,1700.0
1749258664,1634.00000000,0.00590000,1700.0
1749258664,1633.00000000,0.28410000,1700.0
1749258664,1632.00000000,0.09260000,1700.0
1749258664,1631.00000000,0.02430000,1700.0
1749258664,1630.00000000,0.36490000,1700.0
1749258664,1629.00000000,0.00590000,1700.0
1749258664,1628.00000000,0.08200000,1700.0
1749258664,1627.00000000,0.35200000,1700.0
1749258664,1626.00000000,0.01150000,1700.0
1749258664,1625.00000000,4.01210000,1700.0
1749258664,1624.00000000,0.00590000,1700.0
1749258664,1623.00000000,0.00360000,1700.0
1749258664,1622.00000000,0.01320000,1700.0
1749258664,1621.00000000,0.01770000,1700.0
1749258664,1620.00000000,0.04260000,1700.0
1749258664,1619.00000000,0.01130000,1700.0
1749258664,1618.00000000,0.28840000,1700.0
1749258664,1617.00000000,0.00420000,1700.0
1749258664,1616.00000000,1.05190000,1700.0
1749258664,1615.00000000,0.03710000,1700.0
1749258664,1613.00000000,0.07670000,1700.0
1749258664,1612.00000000,0.00800000,1700.0
1749258664,1611.00000000,0.01770000,1700.0
1749258664,1610.00000000,0.50810000,1700.0
1749258664,1608.00000000,0.20000000,1700.0
1749258664,1607.00000000,0.00630000,1700.0
1749258664,1606.00000000,0.00800000,1700.0
1749258664,1605.00000000,1.02630000,1700.0
1749258664,1604.00000000,1.00000000,1700.0
1749258664,1603.00000000,0.56230000,1700.0
1749258664,1602.00000000,0.00360000,1700.0
1749258664,1601.00000000,0.54680000,1700.0
1749258664,1600.00000000,15.56140000,1700.0
1749258664,1599.00000000,0.02840000,1700.0
1749258664,1598.00000000,0.65120000,1700.0
1749258980,1704.00000000,4.14210000,1704.0
1749258980,1703.00000000,17.44810000,1704.0
1749258980,1702.00000000,33.86190000,1704.0
1749258980,1701.00000000,17.39180000,1704.0
1749258980,1700.00000000,5.83470000,1704.0
1749258980,1699.00000000,2.54110000,1704.0
1749258980,1698.00000000,1.42590000,1704.0
1749258980,1697.00000000,1.62290000,1704.0
1749258980,1696.00000000,2.72820000,1704.0
1749258980,1695.00000000,2.08680000,1704.0
1749258980,1694.00000000,2.96480000,1704.0
1749258980,1693.00000000,2.25230000,1704.0
1749258980,1692.00000000,1.93330000,1704.0
1749258980,1691.00000000,1.42850000,1704.0
1749258980,1690.00000000,1.67510000,1704.0
1749258980,1689.00000000,3.62710000,1704.0
1749258980,1688.00000000,0.75510000,1704.0
1749258980,1687.00000000,1.50710000,1704.0
1749258980,1686.00000000,1.20210000,1704.0
1749258980,1685.00000000,3.95940000,1704.0
1749258980,1684.00000000,1.32910000,1704.0
1749258980,1683.00000000,1.77480000,1704.0
1749258980,1682.00000000,1.84480000,1704.0
1749258980,1681.00000000,0.38690000,1704.0
1749258980,1680.00000000,1.25310000,1704.0
1749258980,1679.00000000,0.33660000,1704.0
1749258980,1678.00000000,0.59860000,1704.0
1749258980,1677.00000000,0.89900000,1704.0
1749258980,1676.00000000,0.53670000,1704.0
1749258980,1675.00000000,0.04110000,1704.0
1749258980,1674.00000000,0.86680000,1704.0
1749258980,1673.00000000,0.31370000,1704.0
1749258980,1672.00000000,0.32050000,1704.0
1749258980,1671.00000000,0.86320000,1704.0
1749258980,1670.00000000,1.00750000,1704.0
1749258980,1669.00000000,0.02360000,1704.0
1749258980,1668.00000000,0.86760000,1704.0
1749258980,1667.00000000,0.04540000,1704.0
1749258980,1666.00000000,0.31750000,1704.0
1749258980,1665.00000000,0.06760000,1704.0
1749258980,1664.00000000,0.29750000,1704.0
1749258980,1663.00000000,0.30890000,1704.0
1749258980,1662.00000000,0.73590000,1704.0
1749258980,1661.00000000,2.36290000,1704.0
1749258980,1660.00000000,1.26970000,1704.0
1749258980,1659.00000000,0.30560000,1704.0
1749258980,1658.00000000,0.00590000,1704.0
1749258980,1657.00000000,0.02300000,1704.0
1749258980,1656.00000000,1.43340000,1704.0
1749258980,1655.00000000,0.14150000,1704.0
1749258980,1654.00000000,0.68460000,1704.0
1749258980,1653.00000000,0.14030000,1704.0
1749258980,1652.00000000,0.00960000,1704.0
1749258980,1651.00000000,0.02120000,1704.0
1749258980,1650.00000000,5.08560000,1704.0
1749258980,1649.00000000,0.01670000,1704.0
1749258980,1648.00000000,0.00590000,1704.0
1749258980,1647.00000000,0.08580000,1704.0
1749258980,1646.00000000,3.04350000,1704.0
1749258980,1645.00000000,0.02440000,1704.0
1749258980,1644.00000000,0.01810000,1704.0
1749258980,1643.00000000,0.00950000,1704.0
1749258980,1642.00000000,0.00590000,1704.0
1749258980,1641.00000000,0.00590000,1704.0
1749258980,1640.00000000,12.21840000,1704.0
1749258980,1639.00000000,0.01550000,1704.0
1749258980,1638.00000000,0.00590000,1704.0
1749258980,1637.00000000,0.19570000,1704.0
1749258980,1636.00000000,0.03530000,1704.0
1749258980,1635.00000000,0.02350000,1704.0
1749258980,1634.00000000,0.00590000,1704.0
1749258980,1633.00000000,0.28410000,1704.0
1749258980,1632.00000000,0.09260000,1704.0
1749258980,1631.00000000,0.02430000,1704.0
1749258980,1630.00000000,0.36490000,1704.0
1749258980,1629.00000000,0.00590000,1704.0
1749258980,1628.00000000,0.07610000,1704.0
1749258980,1627.00000000,0.34610000,1704.0
1749258980,1626.00000000,0.00560000,1704.0
1749258980,1625.00000000,4.00620000,1704.0
1749258980,1623.00000000,0.00360000,1704.0
1749258980,1622.00000000,0.01320000,1704.0
1749258980,1621.00000000,0.01770000,1704.0
1749258980,1620.00000000,0.04260000,1704.0
1749258980,1619.00000000,0.01750000,1704.0
1749258980,1618.00000000,0.28840000,1704.0
1749258980,1617.00000000,0.00420000,1704.0
1749258980,1616.00000000,1.05190000,1704.0
1749258980,1615.00000000,0.03710000,1704.0
1749258980,1613.00000000,0.07670000,1704.0
1749258980,1612.00000000,0.00800000,1704.0
1749258980,1611.00000000,0.01770000,1704.0
1749258980,1610.00000000,0.50810000,1704.0
1749258980,1608.00000000,0.20000000,1704.0
1749258980,1606.00000000,0.00800000,1704.0
1749258980,1605.00000000,1.02630000,1704.0
1749258980,1604.00000000,1.00000000,1704.0
1749258980,1603.00000000,0.56230000,1704.0
1749258980,1602.00000000,0.00360000,1704.0
1749258980,1601.00000000,0.54680000,1704.0
