timestamp,price,volume,current_price
1749260749,1703.00000000,8.39980000,1704.0
1749260749,1702.00000000,17.08040000,1704.0
1749260749,1701.00000000,40.06100000,1704.0
1749260749,1700.00000000,14.04270000,1704.0
1749260749,1699.00000000,4.01110000,1704.0
1749260749,1698.00000000,2.91580000,1704.0
1749260749,1697.00000000,1.55060000,1704.0
1749260749,1696.00000000,1.98020000,1704.0
1749260749,1695.00000000,1.54210000,1704.0
1749260749,1694.00000000,2.56490000,1704.0
1749260749,1693.00000000,2.05930000,1704.0
1749260749,1692.00000000,1.55340000,1704.0
1749260749,1691.00000000,1.95990000,1704.0
1749260749,1690.00000000,8.45600000,1704.0
1749260749,1689.00000000,2.11370000,1704.0
1749260749,1688.00000000,1.86180000,1704.0
1749260749,1687.00000000,3.23310000,1704.0
1749260749,1686.00000000,1.30570000,1704.0
1749260749,1685.00000000,4.32080000,1704.0
1749260749,1684.00000000,0.75420000,1704.0
1749260749,1683.00000000,1.33510000,1704.0
1749260749,1682.00000000,1.56110000,1704.0
1749260749,1681.00000000,0.31040000,1704.0
1749260749,1680.00000000,1.48770000,1704.0
1749260749,1679.00000000,0.30320000,1704.0
1749260749,1678.00000000,0.59860000,1704.0
1749260749,1677.00000000,0.89900000,1704.0
1749260749,1676.00000000,0.39360000,1704.0
1749260749,1675.00000000,0.18430000,1704.0
1749260749,1674.00000000,0.86680000,1704.0
1749260749,1673.00000000,1.39950000,1704.0
1749260749,1672.00000000,0.32050000,1704.0
1749260749,1671.00000000,0.86320000,1704.0
1749260749,1670.00000000,1.02250000,1704.0
1749260749,1669.00000000,0.02360000,1704.0
1749260749,1668.00000000,0.86760000,1704.0
1749260749,1667.00000000,0.04540000,1704.0
1749260749,1666.00000000,0.31750000,1704.0
1749260749,1665.00000000,0.06760000,1704.0
1749260749,1664.00000000,0.29750000,1704.0
1749260749,1663.00000000,0.02090000,1704.0
1749260749,1662.00000000,3.08450000,1704.0
1749260749,1661.00000000,0.01430000,1704.0
1749260749,1660.00000000,1.28780000,1704.0
1749260749,1659.00000000,0.30560000,1704.0
1749260749,1658.00000000,0.00590000,1704.0
1749260749,1657.00000000,0.02300000,1704.0
1749260749,1656.00000000,1.43340000,1704.0
1749260749,1655.00000000,0.12700000,1704.0
1749260749,1654.00000000,0.09610000,1704.0
1749260749,1653.00000000,0.01730000,1704.0
1749260749,1652.00000000,0.59610000,1704.0
1749260749,1651.00000000,0.02120000,1704.0
1749260749,1650.00000000,4.19380000,1704.0
1749260749,1649.00000000,0.01670000,1704.0
1749260749,1648.00000000,0.00590000,1704.0
1749260749,1647.00000000,0.08580000,1704.0
1749260749,1646.00000000,3.04350000,1704.0
1749260749,1645.00000000,0.02440000,1704.0
1749260749,1644.00000000,0.01810000,1704.0
1749260749,1643.00000000,0.00950000,1704.0
1749260749,1642.00000000,0.00590000,1704.0
1749260749,1641.00000000,0.00590000,1704.0
1749260749,1640.00000000,12.21840000,1704.0
1749260749,1639.00000000,0.01550000,1704.0
1749260749,1638.00000000,0.00590000,1704.0
1749260749,1637.00000000,0.19570000,1704.0
1749260749,1636.00000000,0.03530000,1704.0
1749260749,1635.00000000,0.02350000,1704.0
1749260749,1634.00000000,0.00590000,1704.0
1749260749,1633.00000000,0.28410000,1704.0
1749260749,1632.00000000,0.09260000,1704.0
1749260749,1631.00000000,0.02430000,1704.0
1749260749,1630.00000000,0.36490000,1704.0
1749260749,1629.00000000,0.00590000,1704.0
1749260749,1628.00000000,0.08200000,1704.0
1749260749,1627.00000000,0.34610000,1704.0
1749260749,1626.00000000,0.00560000,1704.0
1749260749,1625.00000000,4.00620000,1704.0
1749260749,1623.00000000,0.00360000,1704.0
1749260749,1622.00000000,0.01320000,1704.0
1749260749,1621.00000000,0.01770000,1704.0
1749260749,1620.00000000,0.04260000,1704.0
1749260749,1619.00000000,0.01750000,1704.0
1749260749,1618.00000000,0.28840000,1704.0
1749260749,1617.00000000,0.01660000,1704.0
1749260749,1616.00000000,1.05810000,1704.0
1749260749,1615.00000000,0.02470000,1704.0
1749260749,1613.00000000,0.07050000,1704.0
1749260749,1612.00000000,0.00800000,1704.0
1749260749,1611.00000000,0.01770000,1704.0
1749260749,1610.00000000,0.50810000,1704.0
1749260749,1608.00000000,0.20000000,1704.0
1749260749,1606.00000000,0.65800000,1704.0
1749260749,1605.00000000,1.02630000,1704.0
1749260749,1604.00000000,1.00560000,1704.0
1749260749,1603.00000000,0.56230000,1704.0
1749260749,1602.00000000,0.00360000,1704.0
1749260749,1601.00000000,0.54680000,1704.0
1749260749,1600.00000000,15.56140000,1704.0
1749261069,1706.00000000,6.52920000,1706.0
1749261069,1705.00000000,33.01530000,1706.0
1749261069,1704.00000000,34.12060000,1706.0
1749261069,1703.00000000,6.86970000,1706.0
1749261069,1702.00000000,4.12550000,1706.0
1749261069,1701.00000000,3.34430000,1706.0
1749261069,1700.00000000,2.28380000,1706.0
1749261069,1699.00000000,1.38310000,1706.0
1749261069,1698.00000000,1.25170000,1706.0
1749261069,1697.00000000,1.53750000,1706.0
1749261069,1696.00000000,3.61050000,1706.0
1749261069,1695.00000000,1.69180000,1706.0
1749261069,1694.00000000,1.65040000,1706.0
1749261069,1693.00000000,2.25230000,1706.0
1749261069,1692.00000000,2.34570000,1706.0
1749261069,1691.00000000,3.46030000,1706.0
1749261069,1690.00000000,8.22270000,1706.0
1749261069,1689.00000000,1.87860000,1706.0
1749261069,1688.00000000,1.28770000,1706.0
1749261069,1687.00000000,1.31980000,1706.0
1749261069,1686.00000000,0.87830000,1706.0
1749261069,1685.00000000,4.32080000,1706.0
1749261069,1684.00000000,0.75420000,1706.0
1749261069,1683.00000000,1.33510000,1706.0
1749261069,1682.00000000,1.56110000,1706.0
1749261069,1681.00000000,0.31040000,1706.0
1749261069,1680.00000000,1.48770000,1706.0
1749261069,1679.00000000,0.30320000,1706.0
1749261069,1678.00000000,1.68110000,1706.0
1749261069,1677.00000000,0.89900000,1706.0
1749261069,1676.00000000,0.39360000,1706.0
1749261069,1675.00000000,0.04110000,1706.0
1749261069,1674.00000000,0.86680000,1706.0
1749261069,1673.00000000,0.31370000,1706.0
1749261069,1672.00000000,0.32050000,1706.0
1749261069,1671.00000000,0.86320000,1706.0
1749261069,1670.00000000,2.11020000,1706.0
1749261069,1669.00000000,0.02360000,1706.0
1749261069,1668.00000000,0.86760000,1706.0
1749261069,1667.00000000,0.04090000,1706.0
1749261069,1666.00000000,0.31750000,1706.0
1749261069,1665.00000000,0.06760000,1706.0
1749261069,1664.00000000,0.29750000,1706.0
1749261069,1663.00000000,0.02090000,1706.0
1749261069,1662.00000000,3.08450000,1706.0
1749261069,1661.00000000,0.03240000,1706.0
1749261069,1660.00000000,1.26970000,1706.0
1749261069,1659.00000000,0.30560000,1706.0
1749261069,1658.00000000,0.00590000,1706.0
1749261069,1657.00000000,0.02300000,1706.0
1749261069,1656.00000000,1.43340000,1706.0
1749261069,1655.00000000,0.12700000,1706.0
1749261069,1654.00000000,0.09610000,1706.0
1749261069,1653.00000000,0.01730000,1706.0
1749261069,1652.00000000,0.59610000,1706.0
1749261069,1651.00000000,0.02120000,1706.0
1749261069,1650.00000000,4.19380000,1706.0
1749261069,1649.00000000,0.01670000,1706.0
1749261069,1648.00000000,0.00590000,1706.0
1749261069,1647.00000000,0.08580000,1706.0
1749261069,1646.00000000,3.04350000,1706.0
1749261069,1645.00000000,0.02440000,1706.0
1749261069,1644.00000000,0.01810000,1706.0
1749261069,1643.00000000,0.00950000,1706.0
1749261069,1642.00000000,0.00590000,1706.0
1749261069,1641.00000000,0.00590000,1706.0
1749261069,1640.00000000,12.21840000,1706.0
1749261069,1639.00000000,0.01550000,1706.0
1749261069,1638.00000000,0.00590000,1706.0
1749261069,1637.00000000,0.19570000,1706.0
1749261069,1636.00000000,0.03530000,1706.0
1749261069,1635.00000000,0.02350000,1706.0
1749261069,1634.00000000,0.00590000,1706.0
1749261069,1633.00000000,0.28410000,1706.0
1749261069,1632.00000000,0.09260000,1706.0
1749261069,1631.00000000,0.02430000,1706.0
1749261069,1630.00000000,0.35900000,1706.0
1749261069,1628.00000000,0.07610000,1706.0
1749261069,1627.00000000,0.34610000,1706.0
1749261069,1626.00000000,0.00560000,1706.0
1749261069,1625.00000000,4.00620000,1706.0
1749261069,1623.00000000,0.00360000,1706.0
1749261069,1622.00000000,0.01320000,1706.0
1749261069,1621.00000000,0.01770000,1706.0
1749261069,1620.00000000,0.04260000,1706.0
1749261069,1619.00000000,0.01750000,1706.0
1749261069,1618.00000000,0.28840000,1706.0
1749261069,1617.00000000,0.01660000,1706.0
1749261069,1616.00000000,1.05810000,1706.0
1749261069,1615.00000000,0.02470000,1706.0
1749261069,1613.00000000,0.07050000,1706.0
1749261069,1612.00000000,0.00800000,1706.0
1749261069,1611.00000000,0.01770000,1706.0
1749261069,1610.00000000,0.50810000,1706.0
1749261069,1608.00000000,0.20000000,1706.0
1749261069,1606.00000000,0.65800000,1706.0
1749261069,1605.00000000,1.02630000,1706.0
1749261069,1604.00000000,1.00560000,1706.0
1749261069,1603.00000000,0.56230000,1706.0
1749261069,1602.00000000,0.00360000,1706.0
1749261378,1706.00000000,0.53830000,1706.0
1749261378,1705.00000000,10.50110000,1706.0
1749261378,1704.00000000,38.55270000,1706.0
1749261378,1703.00000000,23.87910000,1706.0
1749261378,1702.00000000,7.20060000,1706.0
1749261378,1701.00000000,2.32170000,1706.0
1749261378,1700.00000000,2.55710000,1706.0
1749261378,1699.00000000,1.48610000,1706.0
1749261378,1698.00000000,0.96430000,1706.0
1749261378,1697.00000000,1.53750000,1706.0
1749261378,1696.00000000,4.01660000,1706.0
1749261378,1695.00000000,1.96680000,1706.0
1749261378,1694.00000000,1.52440000,1706.0
1749261378,1693.00000000,2.25230000,1706.0
1749261378,1692.00000000,1.55310000,1706.0
1749261378,1691.00000000,2.94450000,1706.0
1749261378,1690.00000000,8.71740000,1706.0
1749261378,1689.00000000,4.78740000,1706.0
1749261378,1688.00000000,0.75510000,1706.0
1749261378,1687.00000000,1.31980000,1706.0
1749261378,1686.00000000,0.87830000,1706.0
1749261378,1685.00000000,1.58560000,1706.0
1749261378,1684.00000000,1.18380000,1706.0
1749261378,1683.00000000,1.64320000,1706.0
1749261378,1682.00000000,1.13100000,1706.0
1749261378,1681.00000000,0.31040000,1706.0
1749261378,1680.00000000,1.17910000,1706.0
1749261378,1679.00000000,0.30320000,1706.0
1749261378,1678.00000000,1.68110000,1706.0
1749261378,1677.00000000,0.89900000,1706.0
1749261378,1676.00000000,0.40840000,1706.0
1749261378,1675.00000000,0.04110000,1706.0
1749261378,1674.00000000,0.86680000,1706.0
1749261378,1673.00000000,0.31370000,1706.0
1749261378,1672.00000000,0.32050000,1706.0
1749261378,1671.00000000,0.86320000,1706.0
1749261378,1670.00000000,2.09520000,1706.0
1749261378,1669.00000000,0.02360000,1706.0
1749261378,1668.00000000,0.86760000,1706.0
1749261378,1667.00000000,0.04090000,1706.0
1749261378,1666.00000000,0.31750000,1706.0
1749261378,1665.00000000,0.06760000,1706.0
1749261378,1664.00000000,0.29750000,1706.0
1749261378,1663.00000000,2.38760000,1706.0
1749261378,1662.00000000,0.44790000,1706.0
1749261378,1661.00000000,0.01430000,1706.0
1749261378,1660.00000000,0.98170000,1706.0
1749261378,1659.00000000,0.30560000,1706.0
1749261378,1658.00000000,0.00590000,1706.0
1749261378,1657.00000000,0.02300000,1706.0
1749261378,1656.00000000,1.43340000,1706.0
1749261378,1655.00000000,0.71350000,1706.0
1749261378,1654.00000000,0.09610000,1706.0
1749261378,1653.00000000,0.01730000,1706.0
1749261378,1652.00000000,0.00960000,1706.0
1749261378,1651.00000000,0.02120000,1706.0
1749261378,1650.00000000,4.19380000,1706.0
1749261378,1649.00000000,0.01670000,1706.0
1749261378,1648.00000000,0.00590000,1706.0
1749261378,1647.00000000,0.08580000,1706.0
1749261378,1646.00000000,3.04350000,1706.0
1749261378,1645.00000000,0.02440000,1706.0
1749261378,1644.00000000,0.01810000,1706.0
1749261378,1643.00000000,0.00950000,1706.0
1749261378,1642.00000000,0.00590000,1706.0
1749261378,1641.00000000,0.00590000,1706.0
1749261378,1640.00000000,12.21840000,1706.0
1749261378,1639.00000000,0.01550000,1706.0
1749261378,1638.00000000,0.00590000,1706.0
1749261378,1637.00000000,0.19570000,1706.0
1749261378,1636.00000000,0.03530000,1706.0
1749261378,1635.00000000,0.02350000,1706.0
1749261378,1634.00000000,0.00590000,1706.0
1749261378,1633.00000000,0.28410000,1706.0
1749261378,1632.00000000,0.09260000,1706.0
1749261378,1631.00000000,0.02430000,1706.0
1749261378,1630.00000000,0.35900000,1706.0
1749261378,1628.00000000,0.07610000,1706.0
1749261378,1627.00000000,0.34610000,1706.0
1749261378,1626.00000000,0.00560000,1706.0
1749261378,1625.00000000,4.00620000,1706.0
1749261378,1623.00000000,0.00360000,1706.0
1749261378,1622.00000000,0.01320000,1706.0
1749261378,1621.00000000,0.01770000,1706.0
1749261378,1620.00000000,0.04260000,1706.0
1749261378,1619.00000000,0.01750000,1706.0
1749261378,1618.00000000,0.28840000,1706.0
1749261378,1617.00000000,0.01660000,1706.0
1749261378,1616.00000000,1.05810000,1706.0
1749261378,1615.00000000,0.02470000,1706.0
1749261378,1613.00000000,0.07050000,1706.0
1749261378,1612.00000000,0.00800000,1706.0
1749261378,1611.00000000,0.01770000,1706.0
1749261378,1610.00000000,0.50810000,1706.0
1749261378,1608.00000000,0.20000000,1706.0
1749261378,1606.00000000,0.65800000,1706.0
1749261378,1605.00000000,1.02630000,1706.0
1749261378,1604.00000000,1.00560000,1706.0
1749261378,1603.00000000,0.56230000,1706.0
1749261378,1602.00000000,0.00360000,1706.0
1749261680,1705.00000000,0.82790000,1705.0
1749261680,1704.00000000,5.77750000,1705.0
1749261680,1703.00000000,27.29680000,1705.0
1749261680,1702.00000000,29.11490000,1705.0
1749261680,1701.00000000,13.47380000,1705.0
1749261680,1700.00000000,3.48960000,1705.0
1749261680,1699.00000000,2.83490000,1705.0
1749261680,1698.00000000,1.25140000,1705.0
1749261680,1697.00000000,1.66400000,1705.0
1749261680,1696.00000000,2.08510000,1705.0
1749261680,1695.00000000,1.43650000,1705.0
1749261680,1694.00000000,3.10990000,1705.0
1749261680,1693.00000000,2.25230000,1705.0
1749261680,1692.00000000,1.55310000,1705.0
1749261680,1691.00000000,3.82700000,1705.0
1749261680,1690.00000000,7.92410000,1705.0
1749261680,1689.00000000,2.60400000,1705.0
1749261680,1688.00000000,1.28770000,1705.0
1749261680,1687.00000000,1.31980000,1705.0
1749261680,1686.00000000,0.87830000,1705.0
1749261680,1685.00000000,4.31440000,1705.0
1749261680,1684.00000000,1.18380000,1705.0
1749261680,1683.00000000,1.64320000,1705.0
1749261680,1682.00000000,1.13100000,1705.0
1749261680,1681.00000000,0.31040000,1705.0
1749261680,1680.00000000,1.17910000,1705.0
1749261680,1679.00000000,0.30320000,1705.0
1749261680,1678.00000000,0.59860000,1705.0
1749261680,1677.00000000,0.89900000,1705.0
1749261680,1676.00000000,0.39360000,1705.0
1749261680,1675.00000000,0.04110000,1705.0
1749261680,1674.00000000,1.95190000,1705.0
1749261680,1673.00000000,0.31370000,1705.0
1749261680,1672.00000000,0.32050000,1705.0
1749261680,1671.00000000,0.87810000,1705.0
1749261680,1670.00000000,2.09520000,1705.0
1749261680,1669.00000000,0.02360000,1705.0
1749261680,1668.00000000,0.86760000,1705.0
1749261680,1667.00000000,0.04090000,1705.0
1749261680,1666.00000000,0.31750000,1705.0
1749261680,1665.00000000,0.06760000,1705.0
1749261680,1664.00000000,0.00950000,1705.0
1749261680,1663.00000000,2.65750000,1705.0
1749261680,1662.00000000,0.73590000,1705.0
1749261680,1661.00000000,0.01430000,1705.0
1749261680,1660.00000000,0.98170000,1705.0
1749261680,1659.00000000,0.32370000,1705.0
1749261680,1658.00000000,0.00590000,1705.0
1749261680,1657.00000000,0.02300000,1705.0
1749261680,1656.00000000,1.43340000,1705.0
1749261680,1655.00000000,0.71350000,1705.0
1749261680,1654.00000000,0.09610000,1705.0
1749261680,1653.00000000,0.01730000,1705.0
1749261680,1652.00000000,0.00960000,1705.0
1749261680,1651.00000000,0.02120000,1705.0
1749261680,1650.00000000,4.19380000,1705.0
1749261680,1649.00000000,0.01670000,1705.0
1749261680,1648.00000000,0.00590000,1705.0
1749261680,1647.00000000,0.08580000,1705.0
1749261680,1646.00000000,3.04350000,1705.0
1749261680,1645.00000000,0.02440000,1705.0
1749261680,1644.00000000,0.01810000,1705.0
1749261680,1643.00000000,0.00950000,1705.0
1749261680,1642.00000000,0.00590000,1705.0
1749261680,1641.00000000,0.00590000,1705.0
1749261680,1640.00000000,12.21840000,1705.0
1749261680,1639.00000000,0.01550000,1705.0
1749261680,1638.00000000,0.00590000,1705.0
1749261680,1637.00000000,0.19570000,1705.0
1749261680,1636.00000000,0.03530000,1705.0
1749261680,1635.00000000,0.02350000,1705.0
1749261680,1634.00000000,0.00590000,1705.0
1749261680,1633.00000000,0.28410000,1705.0
1749261680,1632.00000000,0.09260000,1705.0
1749261680,1631.00000000,0.02430000,1705.0
1749261680,1630.00000000,0.36490000,1705.0
1749261680,1628.00000000,0.07610000,1705.0
1749261680,1627.00000000,0.34610000,1705.0
1749261680,1626.00000000,0.00560000,1705.0
1749261680,1625.00000000,4.00620000,1705.0
1749261680,1623.00000000,0.00360000,1705.0
1749261680,1622.00000000,0.01320000,1705.0
1749261680,1621.00000000,0.01770000,1705.0
1749261680,1620.00000000,0.04260000,1705.0
1749261680,1619.00000000,0.01750000,1705.0
1749261680,1618.00000000,0.28840000,1705.0
1749261680,1617.00000000,0.01660000,1705.0
1749261680,1616.00000000,1.05810000,1705.0
1749261680,1615.00000000,0.02470000,1705.0
1749261680,1613.00000000,0.07050000,1705.0
1749261680,1612.00000000,0.00800000,1705.0
1749261680,1611.00000000,0.01770000,1705.0
1749261680,1610.00000000,0.50810000,1705.0
1749261680,1608.00000000,0.20000000,1705.0
1749261680,1606.00000000,0.65800000,1705.0
1749261680,1605.00000000,1.02630000,1705.0
1749261680,1604.00000000,1.00560000,1705.0
1749261680,1603.00000000,0.56230000,1705.0
1749261680,1602.00000000,0.00360000,1705.0
1749261680,1601.00000000,0.54680000,1705.0
1749261987,1704.00000000,1.60250000,1704.0
1749261987,1703.00000000,6.46600000,1704.0
1749261987,1702.00000000,24.47610000,1704.0
1749261987,1701.00000000,26.38950000,1704.0
1749261987,1700.00000000,19.10600000,1704.0
1749261987,1699.00000000,3.26020000,1704.0
1749261987,1698.00000000,0.87460000,1704.0
1749261987,1697.00000000,2.95960000,1704.0
1749261987,1696.00000000,2.26710000,1704.0
1749261987,1695.00000000,1.54190000,1704.0
1749261987,1694.00000000,2.57090000,1704.0
1749261987,1693.00000000,2.06630000,1704.0
1749261987,1692.00000000,1.64210000,1704.0
1749261987,1691.00000000,1.96000000,1704.0
1749261987,1690.00000000,7.92410000,1704.0
1749261987,1689.00000000,3.39770000,1704.0
1749261987,1688.00000000,1.68990000,1704.0
1749261987,1687.00000000,2.92950000,1704.0
1749261987,1686.00000000,0.87830000,1704.0
1749261987,1685.00000000,4.31440000,1704.0
1749261987,1684.00000000,1.18380000,1704.0
1749261987,1683.00000000,1.64320000,1704.0
1749261987,1682.00000000,0.76480000,1704.0
1749261987,1681.00000000,0.31040000,1704.0
1749261987,1680.00000000,1.17910000,1704.0
1749261987,1679.00000000,0.67000000,1704.0
1749261987,1678.00000000,0.59860000,1704.0
1749261987,1677.00000000,0.89900000,1704.0
1749261987,1676.00000000,0.39360000,1704.0
1749261987,1675.00000000,0.04110000,1704.0
1749261987,1674.00000000,1.01010000,1704.0
1749261987,1673.00000000,0.31370000,1704.0
1749261987,1672.00000000,0.32050000,1704.0
1749261987,1671.00000000,1.96520000,1704.0
1749261987,1670.00000000,2.09520000,1704.0
1749261987,1669.00000000,0.02360000,1704.0
1749261987,1668.00000000,0.86760000,1704.0
1749261987,1667.00000000,0.04090000,1704.0
1749261987,1666.00000000,0.31750000,1704.0
1749261987,1665.00000000,0.06760000,1704.0
1749261987,1664.00000000,0.29750000,1704.0
1749261987,1663.00000000,0.02090000,1704.0
1749261987,1662.00000000,0.44790000,1704.0
1749261987,1661.00000000,0.01430000,1704.0
1749261987,1660.00000000,0.98170000,1704.0
1749261987,1659.00000000,0.32370000,1704.0
1749261987,1658.00000000,2.35450000,1704.0
1749261987,1657.00000000,0.02300000,1704.0
1749261987,1656.00000000,1.43340000,1704.0
1749261987,1655.00000000,0.12700000,1704.0
1749261987,1654.00000000,0.09610000,1704.0
1749261987,1653.00000000,0.01730000,1704.0
1749261987,1652.00000000,0.00960000,1704.0
1749261987,1651.00000000,0.02120000,1704.0
1749261987,1650.00000000,4.78030000,1704.0
1749261987,1649.00000000,0.01670000,1704.0
1749261987,1648.00000000,0.00590000,1704.0
1749261987,1647.00000000,0.08580000,1704.0
1749261987,1646.00000000,3.04350000,1704.0
1749261987,1645.00000000,0.02440000,1704.0
1749261987,1644.00000000,0.01810000,1704.0
1749261987,1643.00000000,0.00950000,1704.0
1749261987,1642.00000000,0.00590000,1704.0
1749261987,1641.00000000,0.00590000,1704.0
1749261987,1640.00000000,12.21840000,1704.0
1749261987,1639.00000000,0.01550000,1704.0
1749261987,1638.00000000,0.00590000,1704.0
1749261987,1637.00000000,0.19570000,1704.0
1749261987,1636.00000000,0.03530000,1704.0
1749261987,1635.00000000,0.02350000,1704.0
1749261987,1634.00000000,0.00590000,1704.0
1749261987,1633.00000000,0.28410000,1704.0
1749261987,1632.00000000,0.09260000,1704.0
1749261987,1631.00000000,0.02430000,1704.0
1749261987,1630.00000000,0.36490000,1704.0
1749261987,1629.00000000,0.00590000,1704.0
1749261987,1628.00000000,0.07610000,1704.0
1749261987,1627.00000000,0.34610000,1704.0
1749261987,1626.00000000,0.00560000,1704.0
1749261987,1625.00000000,4.00620000,1704.0
1749261987,1623.00000000,0.00360000,1704.0
1749261987,1622.00000000,0.01320000,1704.0
1749261987,1621.00000000,0.01770000,1704.0
1749261987,1620.00000000,0.04260000,1704.0
1749261987,1619.00000000,0.01750000,1704.0
1749261987,1618.00000000,0.28840000,1704.0
1749261987,1617.00000000,0.01660000,1704.0
1749261987,1616.00000000,1.05810000,1704.0
1749261987,1615.00000000,0.02470000,1704.0
1749261987,1613.00000000,0.07050000,1704.0
1749261987,1612.00000000,0.00800000,1704.0
1749261987,1611.00000000,0.01770000,1704.0
1749261987,1610.00000000,0.50810000,1704.0
1749261987,1608.00000000,0.20000000,1704.0
1749261987,1606.00000000,0.65800000,1704.0
1749261987,1605.00000000,1.02630000,1704.0
1749261987,1604.00000000,1.00560000,1704.0
1749261987,1603.00000000,0.56230000,1704.0
1749261987,1602.00000000,0.00360000,1704.0
1749261987,1601.00000000,0.54680000,1704.0
1749262289,1706.00000000,0.41130000,1706.0
1749262289,1705.00000000,5.89930000,1706.0
1749262289,1704.00000000,24.49220000,1706.0
1749262289,1703.00000000,32.46000000,1706.0
1749262289,1702.00000000,15.34980000,1706.0
1749262289,1701.00000000,4.06410000,1706.0
1749262289,1700.00000000,3.30310000,1706.0
1749262289,1699.00000000,2.02650000,1706.0
1749262289,1698.00000000,1.25140000,1706.0
1749262289,1697.00000000,1.76290000,1706.0
1749262289,1696.00000000,3.67650000,1706.0
1749262289,1695.00000000,1.96680000,1706.0
1749262289,1694.00000000,1.64960000,1706.0
1749262289,1693.00000000,1.94070000,1706.0
1749262289,1692.00000000,1.37590000,1706.0
1749262289,1691.00000000,2.75280000,1706.0
1749262289,1690.00000000,7.92410000,1706.0
1749262289,1689.00000000,1.87860000,1706.0
1749262289,1688.00000000,1.36660000,1706.0
1749262289,1687.00000000,2.82370000,1706.0
1749262289,1686.00000000,0.87830000,1706.0
1749262289,1685.00000000,4.31440000,1706.0
1749262289,1684.00000000,0.75420000,1706.0
1749262289,1683.00000000,1.76500000,1706.0
1749262289,1682.00000000,0.76480000,1706.0
1749262289,1681.00000000,0.61880000,1706.0
1749262289,1680.00000000,1.17910000,1706.0
1749262289,1679.00000000,0.67000000,1706.0
1749262289,1678.00000000,0.59860000,1706.0
1749262289,1677.00000000,0.89900000,1706.0
1749262289,1676.00000000,0.39360000,1706.0
1749262289,1675.00000000,1.12560000,1706.0
1749262289,1674.00000000,0.86680000,1706.0
1749262289,1673.00000000,0.31370000,1706.0
1749262289,1672.00000000,0.32050000,1706.0
1749262289,1671.00000000,0.87810000,1706.0
1749262289,1670.00000000,2.09520000,1706.0
1749262289,1669.00000000,0.02360000,1706.0
1749262289,1668.00000000,0.86760000,1706.0
1749262289,1667.00000000,0.04090000,1706.0
1749262289,1666.00000000,0.31750000,1706.0
1749262289,1665.00000000,0.06760000,1706.0
1749262289,1664.00000000,0.00950000,1706.0
1749262289,1663.00000000,0.02090000,1706.0
1749262289,1662.00000000,0.44790000,1706.0
1749262289,1661.00000000,0.03240000,1706.0
1749262289,1660.00000000,0.98170000,1706.0
1749262289,1659.00000000,0.30560000,1706.0
1749262289,1658.00000000,2.35450000,1706.0
1749262289,1657.00000000,0.02300000,1706.0
1749262289,1656.00000000,1.43340000,1706.0
1749262289,1655.00000000,0.12700000,1706.0
1749262289,1654.00000000,0.09610000,1706.0
1749262289,1653.00000000,0.01730000,1706.0
1749262289,1652.00000000,0.00960000,1706.0
1749262289,1651.00000000,0.02120000,1706.0
1749262289,1650.00000000,4.78030000,1706.0
1749262289,1649.00000000,0.01670000,1706.0
1749262289,1648.00000000,0.00590000,1706.0
1749262289,1647.00000000,0.08580000,1706.0
1749262289,1646.00000000,3.04350000,1706.0
1749262289,1645.00000000,0.02440000,1706.0
1749262289,1644.00000000,0.01810000,1706.0
1749262289,1643.00000000,0.00950000,1706.0
1749262289,1642.00000000,0.00590000,1706.0
1749262289,1641.00000000,0.00590000,1706.0
1749262289,1640.00000000,12.21840000,1706.0
1749262289,1639.00000000,0.01550000,1706.0
1749262289,1638.00000000,0.00590000,1706.0
1749262289,1637.00000000,0.19570000,1706.0
1749262289,1636.00000000,0.03530000,1706.0
1749262289,1635.00000000,0.02350000,1706.0
1749262289,1634.00000000,0.00590000,1706.0
1749262289,1633.00000000,0.28410000,1706.0
1749262289,1632.00000000,0.09260000,1706.0
1749262289,1631.00000000,0.02430000,1706.0
1749262289,1630.00000000,0.35900000,1706.0
1749262289,1628.00000000,0.07610000,1706.0
1749262289,1627.00000000,0.34610000,1706.0
1749262289,1626.00000000,0.00560000,1706.0
1749262289,1625.00000000,4.00620000,1706.0
1749262289,1623.00000000,0.00360000,1706.0
1749262289,1622.00000000,0.01320000,1706.0
1749262289,1621.00000000,0.01770000,1706.0
1749262289,1620.00000000,0.04260000,1706.0
1749262289,1619.00000000,0.01750000,1706.0
1749262289,1618.00000000,0.28840000,1706.0
1749262289,1617.00000000,0.01660000,1706.0
1749262289,1616.00000000,1.05810000,1706.0
1749262289,1615.00000000,0.02470000,1706.0
1749262289,1613.00000000,0.07050000,1706.0
1749262289,1612.00000000,0.00800000,1706.0
1749262289,1611.00000000,0.01770000,1706.0
1749262289,1610.00000000,0.50810000,1706.0
1749262289,1608.00000000,0.20000000,1706.0
1749262289,1606.00000000,0.65800000,1706.0
1749262289,1605.00000000,1.02630000,1706.0
1749262289,1604.00000000,1.00560000,1706.0
1749262289,1603.00000000,0.56230000,1706.0
1749262289,1602.00000000,0.00360000,1706.0
1749262590,1701.00000000,0.91430000,1701.0
1749262590,1700.00000000,14.90210000,1701.0
1749262590,1699.00000000,14.66560000,1701.0
1749262590,1698.00000000,8.34650000,1701.0
1749262590,1697.00000000,5.77550000,1701.0
1749262590,1696.00000000,3.31030000,1701.0
1749262590,1695.00000000,3.43420000,1701.0
1749262590,1694.00000000,1.70940000,1701.0
1749262590,1693.00000000,1.94220000,1701.0
1749262590,1692.00000000,2.24840000,1701.0
1749262590,1691.00000000,1.55510000,1701.0
1749262590,1690.00000000,8.06130000,1701.0
1749262590,1689.00000000,3.44100000,1701.0
1749262590,1688.00000000,1.98890000,1701.0
1749262590,1687.00000000,2.36980000,1701.0
1749262590,1686.00000000,2.29650000,1701.0
1749262590,1685.00000000,1.85240000,1701.0
1749262590,1684.00000000,1.28810000,1701.0
1749262590,1683.00000000,1.76500000,1701.0
1749262590,1682.00000000,0.79440000,1701.0
1749262590,1681.00000000,0.69530000,1701.0
1749262590,1680.00000000,1.45030000,1701.0
1749262590,1679.00000000,4.45060000,1701.0
1749262590,1678.00000000,0.59860000,1701.0
1749262590,1677.00000000,0.89900000,1701.0
1749262590,1676.00000000,0.40840000,1701.0
1749262590,1675.00000000,0.04110000,1701.0
1749262590,1674.00000000,0.86680000,1701.0
1749262590,1673.00000000,0.31370000,1701.0
1749262590,1672.00000000,0.32050000,1701.0
1749262590,1671.00000000,0.86320000,1701.0
1749262590,1670.00000000,2.09520000,1701.0
1749262590,1669.00000000,0.02360000,1701.0
1749262590,1668.00000000,0.86760000,1701.0
1749262590,1667.00000000,0.04090000,1701.0
1749262590,1666.00000000,0.31750000,1701.0
1749262590,1665.00000000,0.06760000,1701.0
1749262590,1664.00000000,0.29750000,1701.0
1749262590,1663.00000000,0.02090000,1701.0
1749262590,1662.00000000,0.73590000,1701.0
1749262590,1661.00000000,0.30230000,1701.0
1749262590,1660.00000000,1.26970000,1701.0
1749262590,1659.00000000,0.59360000,1701.0
1749262590,1658.00000000,0.00590000,1701.0
1749262590,1657.00000000,0.02300000,1701.0
1749262590,1656.00000000,1.45150000,1701.0
1749262590,1655.00000000,0.12700000,1701.0
1749262590,1654.00000000,2.44470000,1701.0
1749262590,1653.00000000,0.01730000,1701.0
1749262590,1652.00000000,0.00960000,1701.0
1749262590,1651.00000000,0.02120000,1701.0
1749262590,1650.00000000,4.19380000,1701.0
1749262590,1649.00000000,0.01670000,1701.0
1749262590,1648.00000000,0.00590000,1701.0
1749262590,1647.00000000,0.67230000,1701.0
1749262590,1646.00000000,3.04350000,1701.0
1749262590,1645.00000000,0.02440000,1701.0
1749262590,1644.00000000,0.01810000,1701.0
1749262590,1643.00000000,0.00950000,1701.0
1749262590,1642.00000000,0.00590000,1701.0
1749262590,1641.00000000,0.00590000,1701.0
1749262590,1640.00000000,12.21840000,1701.0
1749262590,1639.00000000,0.01550000,1701.0
1749262590,1638.00000000,0.00590000,1701.0
1749262590,1637.00000000,0.19570000,1701.0
1749262590,1636.00000000,0.03530000,1701.0
1749262590,1635.00000000,0.02350000,1701.0
1749262590,1634.00000000,0.00590000,1701.0
1749262590,1633.00000000,0.28410000,1701.0
1749262590,1632.00000000,0.09260000,1701.0
1749262590,1631.00000000,0.02430000,1701.0
1749262590,1630.00000000,0.36490000,1701.0
1749262590,1629.00000000,0.00590000,1701.0
1749262590,1628.00000000,0.08200000,1701.0
1749262590,1627.00000000,0.35200000,1701.0
1749262590,1626.00000000,0.01150000,1701.0
1749262590,1625.00000000,4.00620000,1701.0
1749262590,1623.00000000,0.00360000,1701.0
1749262590,1622.00000000,0.01320000,1701.0
1749262590,1621.00000000,0.01770000,1701.0
1749262590,1620.00000000,0.04260000,1701.0
1749262590,1619.00000000,0.01750000,1701.0
1749262590,1618.00000000,0.28840000,1701.0
1749262590,1617.00000000,0.01660000,1701.0
1749262590,1616.00000000,1.05810000,1701.0
1749262590,1615.00000000,0.02470000,1701.0
1749262590,1613.00000000,0.07050000,1701.0
1749262590,1612.00000000,0.00800000,1701.0
1749262590,1611.00000000,0.01770000,1701.0
1749262590,1610.00000000,0.50810000,1701.0
1749262590,1608.00000000,0.20000000,1701.0
1749262590,1606.00000000,0.65800000,1701.0
1749262590,1605.00000000,1.02630000,1701.0
1749262590,1604.00000000,1.00560000,1701.0
1749262590,1603.00000000,0.56230000,1701.0
1749262590,1602.00000000,0.00360000,1701.0
1749262590,1601.00000000,0.54680000,1701.0
1749262590,1600.00000000,15.56140000,1701.0
1749262590,1599.00000000,0.02840000,1701.0
1749262590,1598.00000000,0.65120000,1701.0
1749262896,1698.00000000,0.96300000,1698.0
1749262896,1697.00000000,6.75970000,1698.0
1749262896,1696.00000000,20.85730000,1698.0
1749262896,1695.00000000,13.47650000,1698.0
1749262896,1694.00000000,6.13680000,1698.0
1749262896,1693.00000000,4.05860000,1698.0
1749262896,1692.00000000,2.41810000,1698.0
1749262896,1691.00000000,2.13300000,1698.0
1749262896,1690.00000000,8.20490000,1698.0
1749262896,1689.00000000,1.76810000,1698.0
1749262896,1688.00000000,3.16210000,1698.0
1749262896,1687.00000000,3.75820000,1698.0
1749262896,1686.00000000,1.50590000,1698.0
1749262896,1685.00000000,1.94230000,1698.0
1749262896,1684.00000000,0.84410000,1698.0
1749262896,1683.00000000,2.38920000,1698.0
1749262896,1682.00000000,2.09630000,1698.0
1749262896,1681.00000000,1.23020000,1698.0
1749262896,1680.00000000,1.44670000,1698.0
1749262896,1679.00000000,2.93910000,1698.0
1749262896,1678.00000000,0.59860000,1698.0
1749262896,1677.00000000,0.89900000,1698.0
1749262896,1676.00000000,0.39360000,1698.0
1749262896,1675.00000000,1.41360000,1698.0
1749262896,1674.00000000,1.23470000,1698.0
1749262896,1673.00000000,0.31370000,1698.0
1749262896,1672.00000000,0.32050000,1698.0
1749262896,1671.00000000,0.86320000,1698.0
1749262896,1670.00000000,1.00750000,1698.0
1749262896,1669.00000000,0.02360000,1698.0
1749262896,1668.00000000,0.86760000,1698.0
1749262896,1667.00000000,0.04090000,1698.0
1749262896,1666.00000000,1.40780000,1698.0
1749262896,1665.00000000,0.06760000,1698.0
1749262896,1664.00000000,0.29750000,1698.0
1749262896,1663.00000000,0.02090000,1698.0
1749262896,1662.00000000,0.73590000,1698.0
1749262896,1661.00000000,0.30230000,1698.0
1749262896,1660.00000000,0.98170000,1698.0
1749262896,1659.00000000,0.30560000,1698.0
1749262896,1658.00000000,0.00590000,1698.0
1749262896,1657.00000000,0.02300000,1698.0
1749262896,1656.00000000,1.43340000,1698.0
1749262896,1655.00000000,0.12700000,1698.0
1749262896,1654.00000000,2.46290000,1698.0
1749262896,1653.00000000,0.01730000,1698.0
1749262896,1652.00000000,0.00960000,1698.0
1749262896,1651.00000000,0.02120000,1698.0
1749262896,1650.00000000,4.19380000,1698.0
1749262896,1649.00000000,0.01670000,1698.0
1749262896,1648.00000000,0.00590000,1698.0
1749262896,1647.00000000,0.67230000,1698.0
1749262896,1646.00000000,3.04350000,1698.0
1749262896,1645.00000000,0.02440000,1698.0
1749262896,1644.00000000,0.01810000,1698.0
1749262896,1643.00000000,0.00950000,1698.0
1749262896,1642.00000000,0.00590000,1698.0
1749262896,1641.00000000,0.00590000,1698.0
1749262896,1640.00000000,12.21840000,1698.0
1749262896,1639.00000000,0.01550000,1698.0
1749262896,1638.00000000,0.00590000,1698.0
1749262896,1637.00000000,0.19570000,1698.0
1749262896,1636.00000000,0.03530000,1698.0
1749262896,1635.00000000,0.02350000,1698.0
1749262896,1634.00000000,0.00590000,1698.0
1749262896,1633.00000000,0.28410000,1698.0
1749262896,1632.00000000,0.09260000,1698.0
1749262896,1631.00000000,0.02430000,1698.0
1749262896,1630.00000000,0.36490000,1698.0
1749262896,1629.00000000,0.00590000,1698.0
1749262896,1628.00000000,0.08200000,1698.0
1749262896,1627.00000000,0.35200000,1698.0
1749262896,1626.00000000,0.01150000,1698.0
1749262896,1625.00000000,4.01210000,1698.0
1749262896,1624.00000000,0.00590000,1698.0
1749262896,1623.00000000,0.00950000,1698.0
1749262896,1622.00000000,0.01320000,1698.0
1749262896,1621.00000000,0.01770000,1698.0
1749262896,1620.00000000,0.04260000,1698.0
1749262896,1619.00000000,0.01750000,1698.0
1749262896,1618.00000000,0.28840000,1698.0
1749262896,1617.00000000,0.01660000,1698.0
1749262896,1616.00000000,1.05810000,1698.0
1749262896,1615.00000000,0.02470000,1698.0
1749262896,1613.00000000,0.07050000,1698.0
1749262896,1612.00000000,0.00800000,1698.0
1749262896,1611.00000000,0.01770000,1698.0
1749262896,1610.00000000,0.50810000,1698.0
1749262896,1608.00000000,0.20000000,1698.0
1749262896,1606.00000000,0.65800000,1698.0
1749262896,1605.00000000,1.02630000,1698.0
1749262896,1604.00000000,1.00560000,1698.0
1749262896,1603.00000000,0.56230000,1698.0
1749262896,1602.00000000,0.00360000,1698.0
1749262896,1601.00000000,0.54680000,1698.0
1749262896,1600.00000000,15.56140000,1698.0
1749262896,1599.00000000,0.02840000,1698.0
1749262896,1598.00000000,0.65120000,1698.0
1749262896,1596.00000000,0.06000000,1698.0
1749262896,1594.00000000,0.02250000,1698.0
1749263198,1699.00000000,0.70640000,1699.0
1749263198,1698.00000000,1.86470000,1699.0
1749263198,1697.00000000,5.24480000,1699.0
1749263198,1696.00000000,3.24230000,1699.0
1749263198,1695.00000000,8.17120000,1699.0
1749263198,1694.00000000,1.74750000,1699.0
1749263198,1693.00000000,2.27730000,1699.0
1749263198,1692.00000000,2.50810000,1699.0
1749263198,1691.00000000,1.55550000,1699.0
1749263198,1690.00000000,1.52020000,1699.0
1749263198,1689.00000000,1.76810000,1699.0
1749263198,1688.00000000,3.66830000,1699.0
1749263198,1687.00000000,3.62380000,1699.0
1749263198,1686.00000000,1.50590000,1699.0
1749263198,1685.00000000,1.94230000,1699.0
1749263198,1684.00000000,0.84410000,1699.0
1749263198,1683.00000000,2.87520000,1699.0
1749263198,1682.00000000,2.09630000,1699.0
1749263198,1681.00000000,0.68650000,1699.0
1749263198,1680.00000000,1.44670000,1699.0
1749263198,1679.00000000,2.93910000,1699.0
1749263198,1678.00000000,0.59860000,1699.0
1749263198,1677.00000000,0.89900000,1699.0
1749263198,1676.00000000,0.39360000,1699.0
1749263198,1675.00000000,1.41360000,1699.0
1749263198,1674.00000000,1.24350000,1699.0
1749263198,1673.00000000,0.31370000,1699.0
1749263198,1672.00000000,0.32050000,1699.0
1749263198,1671.00000000,0.86320000,1699.0
1749263198,1670.00000000,1.00750000,1699.0
1749263198,1669.00000000,0.16730000,1699.0
1749263198,1668.00000000,0.86760000,1699.0
1749263198,1667.00000000,0.04090000,1699.0
1749263198,1666.00000000,1.40780000,1699.0
1749263198,1665.00000000,0.06760000,1699.0
1749263198,1664.00000000,0.29750000,1699.0
1749263198,1663.00000000,0.02090000,1699.0
1749263198,1662.00000000,0.73590000,1699.0
1749263198,1661.00000000,0.30230000,1699.0
1749263198,1660.00000000,1.26970000,1699.0
1749263198,1659.00000000,0.59360000,1699.0
1749263198,1658.00000000,0.00590000,1699.0
1749263198,1657.00000000,0.02300000,1699.0
1749263198,1656.00000000,1.72140000,1699.0
1749263198,1655.00000000,0.12700000,1699.0
1749263198,1654.00000000,0.09610000,1699.0
1749263198,1653.00000000,2.38410000,1699.0
1749263198,1652.00000000,0.00960000,1699.0
1749263198,1651.00000000,0.02120000,1699.0
1749263198,1650.00000000,4.19380000,1699.0
1749263198,1649.00000000,0.01670000,1699.0
1749263198,1648.00000000,0.00590000,1699.0
1749263198,1647.00000000,0.08580000,1699.0
1749263198,1646.00000000,3.63000000,1699.0
1749263198,1645.00000000,0.02440000,1699.0
1749263198,1644.00000000,0.01810000,1699.0
1749263198,1643.00000000,0.00950000,1699.0
1749263198,1642.00000000,0.00590000,1699.0
1749263198,1641.00000000,0.00590000,1699.0
1749263198,1640.00000000,12.21840000,1699.0
1749263198,1639.00000000,0.01550000,1699.0
1749263198,1638.00000000,0.00590000,1699.0
1749263198,1637.00000000,0.19570000,1699.0
1749263198,1636.00000000,0.03530000,1699.0
1749263198,1635.00000000,0.02350000,1699.0
1749263198,1634.00000000,0.00590000,1699.0
1749263198,1633.00000000,0.28410000,1699.0
1749263198,1632.00000000,0.09260000,1699.0
1749263198,1631.00000000,0.02430000,1699.0
1749263198,1630.00000000,0.36490000,1699.0
1749263198,1629.00000000,0.00590000,1699.0
1749263198,1628.00000000,0.08200000,1699.0
1749263198,1627.00000000,0.35200000,1699.0
1749263198,1626.00000000,0.01150000,1699.0
1749263198,1625.00000000,4.01210000,1699.0
1749263198,1624.00000000,0.00590000,1699.0
1749263198,1623.00000000,0.00360000,1699.0
1749263198,1622.00000000,0.01320000,1699.0
1749263198,1621.00000000,0.01770000,1699.0
1749263198,1620.00000000,0.04260000,1699.0
1749263198,1619.00000000,0.01750000,1699.0
1749263198,1618.00000000,0.28840000,1699.0
1749263198,1617.00000000,0.01660000,1699.0
1749263198,1616.00000000,1.05810000,1699.0
1749263198,1615.00000000,0.02470000,1699.0
1749263198,1613.00000000,0.07050000,1699.0
1749263198,1612.00000000,0.00800000,1699.0
1749263198,1611.00000000,0.01770000,1699.0
1749263198,1610.00000000,0.50810000,1699.0
1749263198,1608.00000000,0.20000000,1699.0
1749263198,1606.00000000,0.65800000,1699.0
1749263198,1605.00000000,1.02630000,1699.0
1749263198,1604.00000000,1.00560000,1699.0
1749263198,1603.00000000,0.56230000,1699.0
1749263198,1602.00000000,0.00360000,1699.0
1749263198,1601.00000000,0.54680000,1699.0
1749263198,1600.00000000,15.56140000,1699.0
1749263198,1599.00000000,0.02840000,1699.0
1749263198,1598.00000000,0.65120000,1699.0
1749263198,1596.00000000,0.06000000,1699.0
1749263504,1694.00000000,0.84410000,1695.0
1749263504,1693.00000000,2.62090000,1695.0
1749263504,1692.00000000,4.95440000,1695.0
1749263504,1691.00000000,1.94920000,1695.0
1749263504,1690.00000000,4.67600000,1695.0
1749263504,1689.00000000,4.46550000,1695.0
1749263504,1688.00000000,1.62600000,1695.0
1749263504,1687.00000000,4.80280000,1695.0
1749263504,1686.00000000,1.13230000,1695.0
1749263504,1685.00000000,2.23050000,1695.0
1749263504,1684.00000000,2.30610000,1695.0
1749263504,1683.00000000,2.25930000,1695.0
1749263504,1682.00000000,1.81780000,1695.0
1749263504,1681.00000000,0.92650000,1695.0
1749263504,1680.00000000,1.98190000,1695.0
1749263504,1679.00000000,0.94730000,1695.0
1749263504,1678.00000000,1.39750000,1695.0
1749263504,1677.00000000,1.33040000,1695.0
1749263504,1676.00000000,0.77970000,1695.0
1749263504,1675.00000000,3.01120000,1695.0
1749263504,1674.00000000,1.24350000,1695.0
1749263504,1673.00000000,0.31370000,1695.0
1749263504,1672.00000000,0.32050000,1695.0
1749263504,1671.00000000,0.86320000,1695.0
1749263504,1670.00000000,1.00750000,1695.0
1749263504,1669.00000000,0.02360000,1695.0
1749263504,1668.00000000,1.95660000,1695.0
1749263504,1667.00000000,0.04090000,1695.0
1749263504,1666.00000000,1.55180000,1695.0
1749263504,1665.00000000,0.06760000,1695.0
1749263504,1664.00000000,0.29750000,1695.0
1749263504,1663.00000000,0.02090000,1695.0
1749263504,1662.00000000,0.73590000,1695.0
1749263504,1661.00000000,0.30230000,1695.0
1749263504,1660.00000000,1.26970000,1695.0
1749263504,1659.00000000,0.59360000,1695.0
1749263504,1658.00000000,0.00590000,1695.0
1749263504,1657.00000000,0.02300000,1695.0
1749263504,1656.00000000,1.72140000,1695.0
1749263504,1655.00000000,0.43310000,1695.0
1749263504,1654.00000000,0.09610000,1695.0
1749263504,1653.00000000,2.65390000,1695.0
1749263504,1652.00000000,0.00960000,1695.0
1749263504,1651.00000000,0.02120000,1695.0
1749263504,1650.00000000,4.48180000,1695.0
1749263504,1649.00000000,0.01670000,1695.0
1749263504,1648.00000000,0.00590000,1695.0
1749263504,1647.00000000,0.37380000,1695.0
1749263504,1646.00000000,3.63000000,1695.0
1749263504,1645.00000000,0.02440000,1695.0
1749263504,1644.00000000,0.01810000,1695.0
1749263504,1643.00000000,0.00950000,1695.0
1749263504,1642.00000000,0.00590000,1695.0
1749263504,1641.00000000,0.00590000,1695.0
1749263504,1640.00000000,12.21840000,1695.0
1749263504,1639.00000000,0.01550000,1695.0
1749263504,1638.00000000,0.00590000,1695.0
1749263504,1637.00000000,0.19570000,1695.0
1749263504,1636.00000000,0.03530000,1695.0
1749263504,1635.00000000,0.02350000,1695.0
1749263504,1634.00000000,0.00590000,1695.0
1749263504,1633.00000000,0.28410000,1695.0
1749263504,1632.00000000,0.09260000,1695.0
1749263504,1631.00000000,0.02430000,1695.0
1749263504,1630.00000000,0.36490000,1695.0
1749263504,1629.00000000,0.00590000,1695.0
1749263504,1628.00000000,0.08200000,1695.0
1749263504,1627.00000000,0.35200000,1695.0
1749263504,1626.00000000,0.01150000,1695.0
1749263504,1625.00000000,4.01210000,1695.0
1749263504,1624.00000000,0.00590000,1695.0
1749263504,1623.00000000,0.00950000,1695.0
1749263504,1622.00000000,0.01910000,1695.0
1749263504,1621.00000000,0.02370000,1695.0
1749263504,1620.00000000,0.04860000,1695.0
1749263504,1619.00000000,0.02350000,1695.0
1749263504,1618.00000000,0.28840000,1695.0
1749263504,1617.00000000,0.01660000,1695.0
1749263504,1616.00000000,1.05810000,1695.0
1749263504,1615.00000000,0.02470000,1695.0
1749263504,1613.00000000,0.07050000,1695.0
1749263504,1612.00000000,0.00800000,1695.0
1749263504,1611.00000000,0.01770000,1695.0
1749263504,1610.00000000,0.50810000,1695.0
1749263504,1608.00000000,0.20000000,1695.0
1749263504,1606.00000000,0.65800000,1695.0
1749263504,1605.00000000,1.02630000,1695.0
1749263504,1604.00000000,1.00560000,1695.0
1749263504,1603.00000000,0.56230000,1695.0
1749263504,1602.00000000,0.00360000,1695.0
1749263504,1601.00000000,0.54680000,1695.0
1749263504,1600.00000000,15.56140000,1695.0
1749263504,1599.00000000,0.02840000,1695.0
1749263504,1598.00000000,0.65120000,1695.0
1749263504,1596.00000000,0.06000000,1695.0
1749263504,1594.00000000,0.02250000,1695.0
1749263504,1592.00000000,0.00360000,1695.0
1749263504,1591.00000000,0.15000000,1695.0
1749263504,1590.00000000,0.51820000,1695.0
1749263504,1589.00000000,0.06260000,1695.0
1749263811,1699.00000000,1.36600000,1699.0
1749263811,1698.00000000,2.07860000,1699.0
1749263811,1697.00000000,2.93960000,1699.0
1749263811,1696.00000000,4.45270000,1699.0
1749263811,1695.00000000,6.04580000,1699.0
1749263811,1694.00000000,2.44580000,1699.0
1749263811,1693.00000000,2.02380000,1699.0
1749263811,1692.00000000,3.45100000,1699.0
1749263811,1691.00000000,1.84200000,1699.0
1749263811,1690.00000000,1.03080000,1699.0
1749263811,1689.00000000,1.75010000,1699.0
1749263811,1688.00000000,3.05220000,1699.0
1749263811,1687.00000000,3.35700000,1699.0
1749263811,1686.00000000,1.50570000,1699.0
1749263811,1685.00000000,1.94680000,1699.0
1749263811,1684.00000000,0.84860000,1699.0
1749263811,1683.00000000,2.34230000,1699.0
1749263811,1682.00000000,2.52470000,1699.0
1749263811,1681.00000000,0.83640000,1699.0
1749263811,1680.00000000,2.09930000,1699.0
1749263811,1679.00000000,2.95730000,1699.0
1749263811,1678.00000000,0.59860000,1699.0
1749263811,1677.00000000,1.33040000,1699.0
1749263811,1676.00000000,0.70300000,1699.0
1749263811,1675.00000000,0.32910000,1699.0
1749263811,1674.00000000,1.24350000,1699.0
1749263811,1673.00000000,0.31370000,1699.0
1749263811,1672.00000000,0.32050000,1699.0
1749263811,1671.00000000,0.86320000,1699.0
1749263811,1670.00000000,1.00750000,1699.0
1749263811,1669.00000000,0.02360000,1699.0
1749263811,1668.00000000,1.95660000,1699.0
1749263811,1667.00000000,0.04090000,1699.0
1749263811,1666.00000000,1.40780000,1699.0
1749263811,1665.00000000,0.06760000,1699.0
1749263811,1664.00000000,0.29750000,1699.0
1749263811,1663.00000000,0.02090000,1699.0
1749263811,1662.00000000,0.73590000,1699.0
1749263811,1661.00000000,0.30230000,1699.0
1749263811,1660.00000000,1.26970000,1699.0
1749263811,1659.00000000,0.59360000,1699.0
1749263811,1658.00000000,0.00590000,1699.0
1749263811,1657.00000000,0.02300000,1699.0
1749263811,1656.00000000,1.72140000,1699.0
1749263811,1655.00000000,0.12700000,1699.0
1749263811,1654.00000000,0.09610000,1699.0
1749263811,1653.00000000,2.36590000,1699.0
1749263811,1652.00000000,0.02780000,1699.0
1749263811,1651.00000000,0.02120000,1699.0
1749263811,1650.00000000,4.19380000,1699.0
1749263811,1649.00000000,0.01670000,1699.0
1749263811,1648.00000000,0.00590000,1699.0
1749263811,1647.00000000,0.67230000,1699.0
1749263811,1646.00000000,3.04350000,1699.0
1749263811,1645.00000000,0.02440000,1699.0
1749263811,1644.00000000,0.01810000,1699.0
1749263811,1643.00000000,0.00950000,1699.0
1749263811,1642.00000000,0.00590000,1699.0
1749263811,1641.00000000,0.00590000,1699.0
1749263811,1640.00000000,12.21840000,1699.0
1749263811,1639.00000000,0.01550000,1699.0
1749263811,1638.00000000,0.00590000,1699.0
1749263811,1637.00000000,0.19570000,1699.0
1749263811,1636.00000000,0.03530000,1699.0
1749263811,1635.00000000,0.02350000,1699.0
1749263811,1634.00000000,0.00590000,1699.0
1749263811,1633.00000000,0.28410000,1699.0
1749263811,1632.00000000,0.09260000,1699.0
1749263811,1631.00000000,0.02430000,1699.0
1749263811,1630.00000000,0.36490000,1699.0
1749263811,1629.00000000,0.00590000,1699.0
1749263811,1628.00000000,0.08200000,1699.0
1749263811,1627.00000000,0.35200000,1699.0
1749263811,1626.00000000,0.01150000,1699.0
1749263811,1625.00000000,4.01210000,1699.0
1749263811,1624.00000000,0.00590000,1699.0
1749263811,1623.00000000,0.00360000,1699.0
1749263811,1622.00000000,0.01320000,1699.0
1749263811,1621.00000000,0.01770000,1699.0
1749263811,1620.00000000,0.04260000,1699.0
1749263811,1619.00000000,0.01750000,1699.0
1749263811,1618.00000000,0.28840000,1699.0
1749263811,1617.00000000,0.01660000,1699.0
1749263811,1616.00000000,1.05810000,1699.0
1749263811,1615.00000000,0.02470000,1699.0
1749263811,1613.00000000,0.07050000,1699.0
1749263811,1612.00000000,0.00800000,1699.0
1749263811,1611.00000000,0.01770000,1699.0
1749263811,1610.00000000,0.50810000,1699.0
1749263811,1608.00000000,0.20000000,1699.0
1749263811,1606.00000000,0.65800000,1699.0
1749263811,1605.00000000,1.02630000,1699.0
1749263811,1604.00000000,1.00560000,1699.0
1749263811,1603.00000000,0.56230000,1699.0
1749263811,1602.00000000,0.00360000,1699.0
1749263811,1601.00000000,0.54680000,1699.0
1749263811,1600.00000000,15.56140000,1699.0
1749263811,1599.00000000,0.02840000,1699.0
1749263811,1598.00000000,0.65120000,1699.0
1749263811,1596.00000000,0.06000000,1699.0
1749264113,1695.00000000,1.54990000,1695.0
1749264113,1694.00000000,2.67850000,1695.0
1749264113,1693.00000000,3.92860000,1695.0
1749264113,1692.00000000,5.61390000,1695.0
1749264113,1691.00000000,4.02720000,1695.0
1749264113,1690.00000000,3.06940000,1695.0
1749264113,1689.00000000,2.13200000,1695.0
1749264113,1688.00000000,1.35830000,1695.0
1749264113,1687.00000000,3.47280000,1695.0
1749264113,1686.00000000,2.95890000,1695.0
1749264113,1685.00000000,1.94680000,1695.0
1749264113,1684.00000000,0.84860000,1695.0
1749264113,1683.00000000,2.43230000,1695.0
1749264113,1682.00000000,1.81780000,1695.0
1749264113,1681.00000000,1.46130000,1695.0
1749264113,1680.00000000,2.32130000,1695.0
1749264113,1679.00000000,2.95730000,1695.0
1749264113,1678.00000000,1.17460000,1695.0
1749264113,1677.00000000,1.33040000,1695.0
1749264113,1676.00000000,0.70300000,1695.0
1749264113,1675.00000000,0.32910000,1695.0
1749264113,1674.00000000,1.24350000,1695.0
1749264113,1673.00000000,0.31370000,1695.0
1749264113,1672.00000000,0.32050000,1695.0
1749264113,1671.00000000,0.86320000,1695.0
1749264113,1670.00000000,1.00750000,1695.0
1749264113,1669.00000000,1.40000000,1695.0
1749264113,1668.00000000,0.86760000,1695.0
1749264113,1667.00000000,0.04090000,1695.0
1749264113,1666.00000000,1.40780000,1695.0
1749264113,1665.00000000,0.06760000,1695.0
1749264113,1664.00000000,0.29750000,1695.0
1749264113,1663.00000000,0.02090000,1695.0
1749264113,1662.00000000,0.73590000,1695.0
1749264113,1661.00000000,0.30230000,1695.0
1749264113,1660.00000000,1.26970000,1695.0
1749264113,1659.00000000,0.59360000,1695.0
1749264113,1658.00000000,0.00590000,1695.0
1749264113,1657.00000000,0.02300000,1695.0
1749264113,1656.00000000,1.72140000,1695.0
1749264113,1655.00000000,0.41500000,1695.0
1749264113,1654.00000000,0.09610000,1695.0
1749264113,1653.00000000,2.36590000,1695.0
1749264113,1652.00000000,0.02780000,1695.0
1749264113,1651.00000000,0.02120000,1695.0
1749264113,1650.00000000,4.19380000,1695.0
1749264113,1649.00000000,0.01670000,1695.0
1749264113,1648.00000000,0.00590000,1695.0
1749264113,1647.00000000,0.67230000,1695.0
1749264113,1646.00000000,3.04350000,1695.0
1749264113,1645.00000000,0.02440000,1695.0
1749264113,1644.00000000,0.01810000,1695.0
1749264113,1643.00000000,0.00950000,1695.0
1749264113,1642.00000000,0.00590000,1695.0
1749264113,1641.00000000,0.00590000,1695.0
1749264113,1640.00000000,12.21840000,1695.0
1749264113,1639.00000000,0.01550000,1695.0
1749264113,1638.00000000,0.00590000,1695.0
1749264113,1637.00000000,0.19570000,1695.0
1749264113,1636.00000000,0.03530000,1695.0
1749264113,1635.00000000,0.02350000,1695.0
1749264113,1634.00000000,0.00590000,1695.0
1749264113,1633.00000000,0.28410000,1695.0
1749264113,1632.00000000,0.09260000,1695.0
1749264113,1631.00000000,0.02430000,1695.0
1749264113,1630.00000000,0.36490000,1695.0
1749264113,1629.00000000,0.00590000,1695.0
1749264113,1628.00000000,0.08200000,1695.0
1749264113,1627.00000000,0.35200000,1695.0
1749264113,1626.00000000,0.01150000,1695.0
1749264113,1625.00000000,4.01210000,1695.0
1749264113,1624.00000000,0.00590000,1695.0
1749264113,1623.00000000,0.00950000,1695.0
1749264113,1622.00000000,0.01910000,1695.0
1749264113,1621.00000000,0.02370000,1695.0
1749264113,1620.00000000,0.04860000,1695.0
1749264113,1619.00000000,0.01750000,1695.0
1749264113,1618.00000000,0.28840000,1695.0
1749264113,1617.00000000,0.01660000,1695.0
1749264113,1616.00000000,1.05810000,1695.0
1749264113,1615.00000000,0.02470000,1695.0
1749264113,1613.00000000,0.07050000,1695.0
1749264113,1612.00000000,0.00800000,1695.0
1749264113,1611.00000000,0.01770000,1695.0
1749264113,1610.00000000,0.50810000,1695.0
1749264113,1608.00000000,0.20000000,1695.0
1749264113,1606.00000000,0.65800000,1695.0
1749264113,1605.00000000,1.02630000,1695.0
1749264113,1604.00000000,1.00560000,1695.0
1749264113,1603.00000000,0.56230000,1695.0
1749264113,1602.00000000,0.00360000,1695.0
1749264113,1601.00000000,0.54680000,1695.0
1749264113,1600.00000000,15.56140000,1695.0
1749264113,1599.00000000,0.02840000,1695.0
1749264113,1598.00000000,0.65120000,1695.0
1749264113,1596.00000000,0.06000000,1695.0
1749264113,1594.00000000,0.02250000,1695.0
1749264113,1592.00000000,0.00360000,1695.0
1749264113,1591.00000000,0.15000000,1695.0
1749264113,1590.00000000,0.51820000,1695.0
1749264419,1697.00000000,1.62800000,1697.0
1749264419,1696.00000000,2.54650000,1697.0
1749264419,1695.00000000,3.73570000,1697.0
1749264419,1694.00000000,6.06060000,1697.0
1749264419,1693.00000000,3.12430000,1697.0
1749264419,1692.00000000,3.48670000,1697.0
1749264419,1691.00000000,1.55550000,1697.0
1749264419,1690.00000000,2.56850000,1697.0
1749264419,1689.00000000,1.66010000,1697.0
1749264419,1688.00000000,1.24010000,1697.0
1749264419,1687.00000000,2.82300000,1697.0
1749264419,1686.00000000,2.52790000,1697.0
1749264419,1685.00000000,1.94680000,1697.0
1749264419,1684.00000000,0.84860000,1697.0
1749264419,1683.00000000,3.51160000,1697.0
1749264419,1682.00000000,2.52470000,1697.0
1749264419,1681.00000000,1.37120000,1697.0
1749264419,1680.00000000,1.52330000,1697.0
1749264419,1679.00000000,3.53330000,1697.0
1749264419,1678.00000000,0.59860000,1697.0
1749264419,1677.00000000,1.33040000,1697.0
1749264419,1676.00000000,0.70300000,1697.0
1749264419,1675.00000000,0.32910000,1697.0
1749264419,1674.00000000,1.24350000,1697.0
1749264419,1673.00000000,0.31370000,1697.0
1749264419,1672.00000000,0.32050000,1697.0
1749264419,1671.00000000,0.86320000,1697.0
1749264419,1670.00000000,1.00750000,1697.0
1749264419,1669.00000000,0.31160000,1697.0
1749264419,1668.00000000,0.86760000,1697.0
1749264419,1667.00000000,0.04090000,1697.0
1749264419,1666.00000000,0.31750000,1697.0
1749264419,1665.00000000,1.15860000,1697.0
1749264419,1664.00000000,0.29750000,1697.0
1749264419,1663.00000000,0.02090000,1697.0
1749264419,1662.00000000,1.82890000,1697.0
1749264419,1661.00000000,0.30230000,1697.0
1749264419,1660.00000000,1.26970000,1697.0
1749264419,1659.00000000,0.59360000,1697.0
1749264419,1658.00000000,0.00590000,1697.0
1749264419,1657.00000000,0.02300000,1697.0
1749264419,1656.00000000,1.72140000,1697.0
1749264419,1655.00000000,0.41500000,1697.0
1749264419,1654.00000000,0.09610000,1697.0
1749264419,1653.00000000,0.01730000,1697.0
1749264419,1652.00000000,0.02780000,1697.0
1749264419,1651.00000000,2.36980000,1697.0
1749264419,1650.00000000,4.19380000,1697.0
1749264419,1649.00000000,0.01670000,1697.0
1749264419,1648.00000000,0.00590000,1697.0
1749264419,1647.00000000,0.08580000,1697.0
1749264419,1646.00000000,3.04350000,1697.0
1749264419,1645.00000000,0.02440000,1697.0
1749264419,1644.00000000,0.60460000,1697.0
1749264419,1643.00000000,0.00950000,1697.0
1749264419,1642.00000000,0.00590000,1697.0
1749264419,1641.00000000,0.00590000,1697.0
1749264419,1640.00000000,12.21840000,1697.0
1749264419,1639.00000000,0.01550000,1697.0
1749264419,1638.00000000,0.00590000,1697.0
1749264419,1637.00000000,0.19570000,1697.0
1749264419,1636.00000000,0.03530000,1697.0
1749264419,1635.00000000,0.02350000,1697.0
1749264419,1634.00000000,0.00590000,1697.0
1749264419,1633.00000000,0.28410000,1697.0
1749264419,1632.00000000,0.09260000,1697.0
1749264419,1631.00000000,0.02430000,1697.0
1749264419,1630.00000000,0.36490000,1697.0
1749264419,1629.00000000,0.00590000,1697.0
1749264419,1628.00000000,0.08200000,1697.0
1749264419,1627.00000000,0.35200000,1697.0
1749264419,1626.00000000,0.01150000,1697.0
1749264419,1625.00000000,4.01210000,1697.0
1749264419,1624.00000000,0.00590000,1697.0
1749264419,1623.00000000,0.00950000,1697.0
1749264419,1622.00000000,0.01910000,1697.0
1749264419,1621.00000000,0.01770000,1697.0
1749264419,1620.00000000,0.04260000,1697.0
1749264419,1619.00000000,0.01130000,1697.0
1749264419,1618.00000000,0.28840000,1697.0
1749264419,1617.00000000,0.01660000,1697.0
1749264419,1616.00000000,1.05810000,1697.0
1749264419,1615.00000000,0.02470000,1697.0
1749264419,1613.00000000,0.07050000,1697.0
1749264419,1612.00000000,0.00800000,1697.0
1749264419,1611.00000000,0.02400000,1697.0
1749264419,1610.00000000,0.50810000,1697.0
1749264419,1608.00000000,0.20000000,1697.0
1749264419,1606.00000000,0.65800000,1697.0
1749264419,1605.00000000,1.02630000,1697.0
1749264419,1604.00000000,1.00560000,1697.0
1749264419,1603.00000000,0.56230000,1697.0
1749264419,1602.00000000,0.00360000,1697.0
1749264419,1601.00000000,0.54680000,1697.0
1749264419,1600.00000000,15.56140000,1697.0
1749264419,1599.00000000,0.02840000,1697.0
1749264419,1598.00000000,0.65120000,1697.0
1749264419,1596.00000000,0.06000000,1697.0
1749264419,1594.00000000,0.02250000,1697.0
1749264419,1592.00000000,0.00360000,1697.0
1749264721,1696.00000000,1.31360000,1697.0
1749264721,1695.00000000,2.37840000,1697.0
1749264721,1694.00000000,2.80770000,1697.0
1749264721,1693.00000000,5.15600000,1697.0
1749264721,1692.00000000,4.83040000,1697.0
1749264721,1691.00000000,2.25130000,1697.0
1749264721,1690.00000000,1.64330000,1697.0
1749264721,1689.00000000,1.64420000,1697.0
1749264721,1688.00000000,1.11940000,1697.0
1749264721,1687.00000000,2.92900000,1697.0
1749264721,1686.00000000,2.41560000,1697.0
1749264721,1685.00000000,1.94680000,1697.0
1749264721,1684.00000000,0.84860000,1697.0
1749264721,1683.00000000,3.51160000,1697.0
1749264721,1682.00000000,1.81780000,1697.0
1749264721,1681.00000000,1.37120000,1697.0
1749264721,1680.00000000,2.32130000,1697.0
1749264721,1679.00000000,3.53330000,1697.0
1749264721,1678.00000000,0.59860000,1697.0
1749264721,1677.00000000,1.33040000,1697.0
1749264721,1676.00000000,0.70300000,1697.0
1749264721,1675.00000000,0.32910000,1697.0
1749264721,1674.00000000,1.24350000,1697.0
1749264721,1673.00000000,0.31370000,1697.0
1749264721,1672.00000000,0.32050000,1697.0
1749264721,1671.00000000,0.86320000,1697.0
1749264721,1670.00000000,2.09520000,1697.0
1749264721,1669.00000000,0.31160000,1697.0
1749264721,1668.00000000,0.86760000,1697.0
1749264721,1667.00000000,0.04090000,1697.0
1749264721,1666.00000000,0.33250000,1697.0
1749264721,1665.00000000,0.06760000,1697.0
1749264721,1664.00000000,0.29750000,1697.0
1749264721,1663.00000000,0.02090000,1697.0
1749264721,1662.00000000,1.82890000,1697.0
1749264721,1661.00000000,0.30230000,1697.0
1749264721,1660.00000000,1.26970000,1697.0
1749264721,1659.00000000,0.59360000,1697.0
1749264721,1658.00000000,0.00590000,1697.0
1749264721,1657.00000000,0.02300000,1697.0
1749264721,1656.00000000,1.72140000,1697.0
1749264721,1655.00000000,0.41140000,1697.0
1749264721,1654.00000000,0.09610000,1697.0
1749264721,1653.00000000,0.01730000,1697.0
1749264721,1652.00000000,0.00960000,1697.0
1749264721,1651.00000000,2.36980000,1697.0
1749264721,1650.00000000,4.19380000,1697.0
1749264721,1649.00000000,0.01670000,1697.0
1749264721,1648.00000000,0.00590000,1697.0
1749264721,1647.00000000,0.08580000,1697.0
1749264721,1646.00000000,3.04350000,1697.0
1749264721,1645.00000000,0.02440000,1697.0
1749264721,1644.00000000,0.60460000,1697.0
1749264721,1643.00000000,0.00950000,1697.0
1749264721,1642.00000000,0.00590000,1697.0
1749264721,1641.00000000,0.00590000,1697.0
1749264721,1640.00000000,12.21840000,1697.0
1749264721,1639.00000000,0.01550000,1697.0
1749264721,1638.00000000,0.00590000,1697.0
1749264721,1637.00000000,0.19570000,1697.0
1749264721,1636.00000000,0.03530000,1697.0
1749264721,1635.00000000,0.02350000,1697.0
1749264721,1634.00000000,0.00590000,1697.0
1749264721,1633.00000000,0.28410000,1697.0
1749264721,1632.00000000,0.09260000,1697.0
1749264721,1631.00000000,0.02430000,1697.0
1749264721,1630.00000000,0.36490000,1697.0
1749264721,1629.00000000,0.00590000,1697.0
1749264721,1628.00000000,0.08200000,1697.0
1749264721,1627.00000000,0.35200000,1697.0
1749264721,1626.00000000,0.01150000,1697.0
1749264721,1625.00000000,4.01210000,1697.0
1749264721,1624.00000000,0.00590000,1697.0
1749264721,1623.00000000,0.00950000,1697.0
1749264721,1622.00000000,0.01910000,1697.0
1749264721,1621.00000000,0.02370000,1697.0
1749264721,1620.00000000,0.04260000,1697.0
1749264721,1619.00000000,0.01130000,1697.0
1749264721,1618.00000000,0.28840000,1697.0
1749264721,1617.00000000,0.01660000,1697.0
1749264721,1616.00000000,1.05810000,1697.0
1749264721,1615.00000000,0.02470000,1697.0
1749264721,1613.00000000,0.07050000,1697.0
1749264721,1612.00000000,0.00800000,1697.0
1749264721,1611.00000000,0.02400000,1697.0
1749264721,1610.00000000,0.50810000,1697.0
1749264721,1608.00000000,0.20000000,1697.0
1749264721,1606.00000000,0.65800000,1697.0
1749264721,1605.00000000,1.02630000,1697.0
1749264721,1604.00000000,1.00000000,1697.0
1749264721,1603.00000000,0.56230000,1697.0
1749264721,1602.00000000,0.00360000,1697.0
1749264721,1601.00000000,0.54680000,1697.0
1749264721,1600.00000000,15.56140000,1697.0
1749264721,1599.00000000,0.02840000,1697.0
1749264721,1598.00000000,0.65120000,1697.0
1749264721,1596.00000000,0.06000000,1697.0
1749264721,1594.00000000,0.02250000,1697.0
1749264721,1592.00000000,0.00360000,1697.0
1749264721,1591.00000000,0.15000000,1697.0
1749265023,1704.00000000,1.73370000,1704.0
1749265023,1703.00000000,2.53710000,1704.0
1749265023,1702.00000000,8.35710000,1704.0
1749265023,1701.00000000,4.53210000,1704.0
1749265023,1700.00000000,4.94480000,1704.0
1749265023,1699.00000000,2.17760000,1704.0
1749265023,1698.00000000,1.63490000,1704.0
1749265023,1697.00000000,3.40140000,1704.0
1749265023,1696.00000000,1.69250000,1704.0
1749265023,1695.00000000,1.98310000,1704.0
1749265023,1694.00000000,1.85350000,1704.0
1749265023,1693.00000000,2.61830000,1704.0
1749265023,1692.00000000,3.14780000,1704.0
1749265023,1691.00000000,1.96020000,1704.0
1749265023,1690.00000000,1.37700000,1704.0
1749265023,1689.00000000,1.95000000,1704.0
1749265023,1688.00000000,2.39940000,1704.0
1749265023,1687.00000000,2.70440000,1704.0
1749265023,1686.00000000,0.88280000,1704.0
1749265023,1685.00000000,2.16610000,1704.0
1749265023,1684.00000000,0.75870000,1704.0
1749265023,1683.00000000,4.21310000,1704.0
1749265023,1682.00000000,1.19490000,1704.0
1749265023,1681.00000000,0.61880000,1704.0
1749265023,1680.00000000,2.33690000,1704.0
1749265023,1679.00000000,0.67000000,1704.0
1749265023,1678.00000000,0.59860000,1704.0
1749265023,1677.00000000,0.89900000,1704.0
1749265023,1676.00000000,0.39360000,1704.0
1749265023,1675.00000000,0.32910000,1704.0
1749265023,1674.00000000,0.86680000,1704.0
1749265023,1673.00000000,0.31370000,1704.0
1749265023,1672.00000000,0.32050000,1704.0
1749265023,1671.00000000,0.87810000,1704.0
1749265023,1670.00000000,1.00750000,1704.0
1749265023,1669.00000000,0.31160000,1704.0
1749265023,1668.00000000,0.86760000,1704.0
1749265023,1667.00000000,1.13060000,1704.0
1749265023,1666.00000000,0.31750000,1704.0
1749265023,1665.00000000,0.06760000,1704.0
1749265023,1664.00000000,0.29750000,1704.0
1749265023,1663.00000000,0.02090000,1704.0
1749265023,1662.00000000,0.73590000,1704.0
1749265023,1661.00000000,0.01430000,1704.0
1749265023,1660.00000000,0.98170000,1704.0
1749265023,1659.00000000,0.30560000,1704.0
1749265023,1658.00000000,0.00590000,1704.0
1749265023,1657.00000000,2.38970000,1704.0
1749265023,1656.00000000,1.43340000,1704.0
1749265023,1655.00000000,0.12340000,1704.0
1749265023,1654.00000000,0.09610000,1704.0
1749265023,1653.00000000,0.01730000,1704.0
1749265023,1652.00000000,0.00960000,1704.0
1749265023,1651.00000000,0.02120000,1704.0
1749265023,1650.00000000,4.78030000,1704.0
1749265023,1649.00000000,0.01670000,1704.0
1749265023,1648.00000000,0.00590000,1704.0
1749265023,1647.00000000,0.08580000,1704.0
1749265023,1646.00000000,3.04350000,1704.0
1749265023,1645.00000000,0.02440000,1704.0
1749265023,1644.00000000,0.01810000,1704.0
1749265023,1643.00000000,0.00950000,1704.0
1749265023,1642.00000000,0.00590000,1704.0
1749265023,1641.00000000,0.00590000,1704.0
1749265023,1640.00000000,12.21840000,1704.0
1749265023,1639.00000000,0.01550000,1704.0
1749265023,1638.00000000,0.00590000,1704.0
1749265023,1637.00000000,0.19570000,1704.0
1749265023,1636.00000000,0.03530000,1704.0
1749265023,1635.00000000,0.02350000,1704.0
1749265023,1634.00000000,0.00590000,1704.0
1749265023,1633.00000000,0.28410000,1704.0
1749265023,1632.00000000,0.09260000,1704.0
1749265023,1631.00000000,0.02430000,1704.0
1749265023,1630.00000000,0.36490000,1704.0
1749265023,1629.00000000,0.00590000,1704.0
1749265023,1628.00000000,0.07610000,1704.0
1749265023,1627.00000000,0.34610000,1704.0
1749265023,1626.00000000,0.00560000,1704.0
1749265023,1625.00000000,4.00620000,1704.0
1749265023,1623.00000000,0.00360000,1704.0
1749265023,1622.00000000,0.01320000,1704.0
1749265023,1621.00000000,0.01770000,1704.0
1749265023,1620.00000000,0.04260000,1704.0
1749265023,1619.00000000,0.01130000,1704.0
1749265023,1618.00000000,0.28840000,1704.0
1749265023,1617.00000000,0.01660000,1704.0
1749265023,1616.00000000,1.05810000,1704.0
1749265023,1615.00000000,0.02470000,1704.0
1749265023,1613.00000000,0.07050000,1704.0
1749265023,1612.00000000,0.00800000,1704.0
1749265023,1611.00000000,0.02400000,1704.0
1749265023,1610.00000000,0.50810000,1704.0
1749265023,1608.00000000,0.20000000,1704.0
1749265023,1606.00000000,0.65800000,1704.0
1749265023,1605.00000000,1.02630000,1704.0
1749265023,1604.00000000,1.00000000,1704.0
1749265023,1603.00000000,0.56230000,1704.0
1749265023,1602.00000000,0.00360000,1704.0
1749265023,1601.00000000,0.54680000,1704.0
1749265324,1704.00000000,1.30880000,1703.0
1749265324,1703.00000000,1.44080000,1703.0
1749265324,1702.00000000,2.99840000,1703.0
1749265324,1701.00000000,4.72800000,1703.0
1749265324,1700.00000000,4.14370000,1703.0
1749265324,1699.00000000,2.53890000,1703.0
1749265324,1698.00000000,0.98300000,1703.0
1749265324,1697.00000000,3.51760000,1703.0
1749265324,1696.00000000,1.02720000,1703.0
1749265324,1695.00000000,1.75950000,1703.0
1749265324,1694.00000000,1.25300000,1703.0
1749265324,1693.00000000,3.02240000,1703.0
1749265324,1692.00000000,3.14540000,1703.0
1749265324,1691.00000000,2.13720000,1703.0
1749265324,1690.00000000,1.37700000,1703.0
1749265324,1689.00000000,2.67530000,1703.0
1749265324,1688.00000000,1.39600000,1703.0
1749265324,1687.00000000,1.74430000,1703.0
1749265324,1686.00000000,1.67790000,1703.0
1749265324,1685.00000000,2.48010000,1703.0
1749265324,1684.00000000,0.75420000,1703.0
1749265324,1683.00000000,4.04000000,1703.0
1749265324,1682.00000000,1.57970000,1703.0
1749265324,1681.00000000,0.31040000,1703.0
1749265324,1680.00000000,2.26030000,1703.0
1749265324,1679.00000000,0.67000000,1703.0
1749265324,1678.00000000,0.59860000,1703.0
1749265324,1677.00000000,0.89900000,1703.0
1749265324,1676.00000000,0.39360000,1703.0
1749265324,1675.00000000,0.32910000,1703.0
1749265324,1674.00000000,0.86680000,1703.0
1749265324,1673.00000000,0.31370000,1703.0
1749265324,1672.00000000,0.32050000,1703.0
1749265324,1671.00000000,0.87810000,1703.0
1749265324,1670.00000000,1.00750000,1703.0
1749265324,1669.00000000,0.31160000,1703.0
1749265324,1668.00000000,0.86760000,1703.0
1749265324,1667.00000000,1.13060000,1703.0
1749265324,1666.00000000,0.31750000,1703.0
1749265324,1665.00000000,0.06760000,1703.0
1749265324,1664.00000000,0.29750000,1703.0
1749265324,1663.00000000,0.02090000,1703.0
1749265324,1662.00000000,0.44790000,1703.0
1749265324,1661.00000000,0.01430000,1703.0
1749265324,1660.00000000,3.34470000,1703.0
1749265324,1659.00000000,0.30560000,1703.0
1749265324,1658.00000000,0.00590000,1703.0
1749265324,1657.00000000,0.02300000,1703.0
1749265324,1656.00000000,1.43340000,1703.0
1749265324,1655.00000000,0.12340000,1703.0
1749265324,1654.00000000,0.09610000,1703.0
1749265324,1653.00000000,0.01730000,1703.0
1749265324,1652.00000000,0.00960000,1703.0
1749265324,1651.00000000,0.02120000,1703.0
1749265324,1650.00000000,4.78030000,1703.0
1749265324,1649.00000000,0.01670000,1703.0
1749265324,1648.00000000,0.00590000,1703.0
1749265324,1647.00000000,0.08580000,1703.0
1749265324,1646.00000000,3.04350000,1703.0
1749265324,1645.00000000,0.02440000,1703.0
1749265324,1644.00000000,0.01810000,1703.0
1749265324,1643.00000000,0.00950000,1703.0
1749265324,1642.00000000,0.00590000,1703.0
1749265324,1641.00000000,0.00590000,1703.0
1749265324,1640.00000000,12.21840000,1703.0
1749265324,1639.00000000,0.01550000,1703.0
1749265324,1638.00000000,0.00590000,1703.0
1749265324,1637.00000000,0.19570000,1703.0
1749265324,1636.00000000,0.03530000,1703.0
1749265324,1635.00000000,0.02350000,1703.0
1749265324,1634.00000000,0.00590000,1703.0
1749265324,1633.00000000,0.28410000,1703.0
1749265324,1632.00000000,0.09260000,1703.0
1749265324,1631.00000000,0.02430000,1703.0
1749265324,1630.00000000,0.36490000,1703.0
1749265324,1629.00000000,0.00590000,1703.0
1749265324,1628.00000000,0.07610000,1703.0
1749265324,1627.00000000,0.34610000,1703.0
1749265324,1626.00000000,0.00560000,1703.0
1749265324,1625.00000000,4.00620000,1703.0
1749265324,1623.00000000,0.00360000,1703.0
1749265324,1622.00000000,0.01320000,1703.0
1749265324,1621.00000000,0.01770000,1703.0
1749265324,1620.00000000,0.04260000,1703.0
1749265324,1619.00000000,0.01130000,1703.0
1749265324,1618.00000000,0.28840000,1703.0
1749265324,1617.00000000,0.01660000,1703.0
1749265324,1616.00000000,1.05810000,1703.0
1749265324,1615.00000000,0.02470000,1703.0
1749265324,1613.00000000,0.07050000,1703.0
1749265324,1612.00000000,0.00800000,1703.0
1749265324,1611.00000000,0.02400000,1703.0
1749265324,1610.00000000,0.50810000,1703.0
1749265324,1608.00000000,0.20000000,1703.0
1749265324,1606.00000000,0.65800000,1703.0
1749265324,1605.00000000,1.02630000,1703.0
1749265324,1604.00000000,1.00000000,1703.0
1749265324,1603.00000000,0.56230000,1703.0
1749265324,1602.00000000,0.00360000,1703.0
1749265324,1601.00000000,0.54680000,1703.0
1749265626,1708.00000000,0.12400000,1708.0
1749265626,1707.00000000,2.50510000,1708.0
1749265626,1706.00000000,3.76280000,1708.0
1749265626,1705.00000000,8.61130000,1708.0
1749265626,1704.00000000,2.40230000,1708.0
1749265626,1703.00000000,5.30800000,1708.0
1749265626,1702.00000000,1.61920000,1708.0
1749265626,1701.00000000,2.03100000,1708.0
1749265626,1700.00000000,2.88540000,1708.0
1749265626,1699.00000000,1.82480000,1708.0
1749265626,1698.00000000,1.03430000,1708.0
1749265626,1697.00000000,3.00300000,1708.0
1749265626,1696.00000000,2.83150000,1708.0
1749265626,1695.00000000,2.21410000,1708.0
1749265626,1694.00000000,1.37920000,1708.0
1749265626,1693.00000000,1.94070000,1708.0
1749265626,1692.00000000,1.59760000,1708.0
1749265626,1691.00000000,2.31210000,1708.0
1749265626,1690.00000000,1.61310000,1708.0
1749265626,1689.00000000,2.05340000,1708.0
1749265626,1688.00000000,0.77370000,1708.0
1749265626,1687.00000000,4.84860000,1708.0
1749265626,1686.00000000,0.95460000,1708.0
1749265626,1685.00000000,2.39680000,1708.0
1749265626,1684.00000000,1.12000000,1708.0
1749265626,1683.00000000,1.33510000,1708.0
1749265626,1682.00000000,1.07310000,1708.0
1749265626,1681.00000000,0.31040000,1708.0
1749265626,1680.00000000,1.17910000,1708.0
1749265626,1679.00000000,0.30320000,1708.0
1749265626,1678.00000000,0.59860000,1708.0
1749265626,1677.00000000,0.89900000,1708.0
1749265626,1676.00000000,0.39360000,1708.0
1749265626,1675.00000000,0.32910000,1708.0
1749265626,1674.00000000,0.86680000,1708.0
1749265626,1673.00000000,1.39950000,1708.0
1749265626,1672.00000000,0.32050000,1708.0
1749265626,1671.00000000,0.87810000,1708.0
1749265626,1670.00000000,1.00750000,1708.0
1749265626,1669.00000000,0.02360000,1708.0
1749265626,1668.00000000,0.57960000,1708.0
1749265626,1667.00000000,0.04090000,1708.0
1749265626,1666.00000000,0.02950000,1708.0
1749265626,1665.00000000,0.06760000,1708.0
1749265626,1664.00000000,0.00950000,1708.0
1749265626,1663.00000000,0.02090000,1708.0
1749265626,1662.00000000,0.44790000,1708.0
1749265626,1661.00000000,0.01430000,1708.0
1749265626,1660.00000000,3.34470000,1708.0
1749265626,1659.00000000,0.30560000,1708.0
1749265626,1658.00000000,0.00590000,1708.0
1749265626,1657.00000000,0.02300000,1708.0
1749265626,1656.00000000,1.43340000,1708.0
1749265626,1655.00000000,0.12340000,1708.0
1749265626,1654.00000000,0.09610000,1708.0
1749265626,1653.00000000,0.60380000,1708.0
1749265626,1652.00000000,0.00960000,1708.0
1749265626,1651.00000000,0.02120000,1708.0
1749265626,1650.00000000,4.19380000,1708.0
1749265626,1649.00000000,0.01670000,1708.0
1749265626,1648.00000000,0.00590000,1708.0
1749265626,1647.00000000,0.08580000,1708.0
1749265626,1646.00000000,3.04350000,1708.0
1749265626,1645.00000000,0.02440000,1708.0
1749265626,1644.00000000,0.01810000,1708.0
1749265626,1643.00000000,0.00950000,1708.0
1749265626,1642.00000000,0.00590000,1708.0
1749265626,1641.00000000,0.00590000,1708.0
1749265626,1640.00000000,12.21840000,1708.0
1749265626,1639.00000000,0.01550000,1708.0
1749265626,1638.00000000,0.00590000,1708.0
1749265626,1637.00000000,0.19570000,1708.0
1749265626,1636.00000000,0.03530000,1708.0
1749265626,1635.00000000,0.02350000,1708.0
1749265626,1634.00000000,0.00590000,1708.0
1749265626,1633.00000000,0.28410000,1708.0
1749265626,1632.00000000,0.08670000,1708.0
1749265626,1631.00000000,0.01840000,1708.0
1749265626,1630.00000000,0.35900000,1708.0
1749265626,1628.00000000,0.07610000,1708.0
1749265626,1627.00000000,0.34610000,1708.0
1749265626,1626.00000000,0.00560000,1708.0
1749265626,1625.00000000,4.00620000,1708.0
1749265626,1623.00000000,0.00360000,1708.0
1749265626,1622.00000000,0.01320000,1708.0
1749265626,1621.00000000,0.01770000,1708.0
1749265626,1620.00000000,0.04260000,1708.0
1749265626,1619.00000000,0.01130000,1708.0
1749265626,1618.00000000,0.28840000,1708.0
1749265626,1617.00000000,0.01660000,1708.0
1749265626,1616.00000000,1.05810000,1708.0
1749265626,1615.00000000,0.02470000,1708.0
1749265626,1613.00000000,0.07050000,1708.0
1749265626,1612.00000000,0.00800000,1708.0
1749265626,1611.00000000,0.02400000,1708.0
1749265626,1610.00000000,0.50810000,1708.0
1749265626,1608.00000000,0.20000000,1708.0
1749265626,1606.00000000,0.65800000,1708.0
1749265626,1605.00000000,1.02630000,1708.0
1749265626,1604.00000000,1.00000000,1708.0
1749265927,1710.00000000,1.44250000,1710.0
1749265927,1709.00000000,2.88010000,1710.0
1749265927,1708.00000000,4.58290000,1710.0
1749265927,1707.00000000,8.05190000,1710.0
1749265927,1706.00000000,2.16110000,1710.0
1749265927,1705.00000000,5.44630000,1710.0
1749265927,1704.00000000,1.70640000,1710.0
1749265927,1703.00000000,3.45820000,1710.0
1749265927,1702.00000000,1.73710000,1710.0
1749265927,1701.00000000,1.54620000,1710.0
1749265927,1700.00000000,1.24280000,1710.0
1749265927,1699.00000000,1.69520000,1710.0
1749265927,1698.00000000,2.80870000,1710.0
1749265927,1697.00000000,3.31340000,1710.0
1749265927,1696.00000000,1.37930000,1710.0
1749265927,1695.00000000,2.21410000,1710.0
1749265927,1694.00000000,1.71480000,1710.0
1749265927,1693.00000000,2.64260000,1710.0
1749265927,1692.00000000,0.75510000,1710.0
1749265927,1691.00000000,4.81130000,1710.0
1749265927,1690.00000000,1.09720000,1710.0
1749265927,1689.00000000,1.62210000,1710.0
1749265927,1688.00000000,0.77790000,1710.0
1749265927,1687.00000000,2.16870000,1710.0
1749265927,1686.00000000,0.87830000,1710.0
1749265927,1685.00000000,2.70450000,1710.0
1749265927,1684.00000000,1.12000000,1710.0
1749265927,1683.00000000,1.33510000,1710.0
1749265927,1682.00000000,0.76480000,1710.0
1749265927,1681.00000000,0.30160000,1710.0
1749265927,1680.00000000,1.17910000,1710.0
1749265927,1679.00000000,0.30320000,1710.0
1749265927,1678.00000000,0.59860000,1710.0
1749265927,1677.00000000,0.91380000,1710.0
1749265927,1676.00000000,0.39360000,1710.0
1749265927,1675.00000000,0.32910000,1710.0
1749265927,1674.00000000,0.86680000,1710.0
1749265927,1673.00000000,1.39950000,1710.0
1749265927,1672.00000000,0.32050000,1710.0
1749265927,1671.00000000,0.57520000,1710.0
1749265927,1670.00000000,0.71950000,1710.0
1749265927,1669.00000000,0.01910000,1710.0
1749265927,1668.00000000,0.57510000,1710.0
1749265927,1667.00000000,0.04090000,1710.0
1749265927,1666.00000000,0.02950000,1710.0
1749265927,1665.00000000,0.06760000,1710.0
1749265927,1664.00000000,2.35440000,1710.0
1749265927,1663.00000000,0.03900000,1710.0
1749265927,1662.00000000,0.44790000,1710.0
1749265927,1661.00000000,0.01430000,1710.0
1749265927,1660.00000000,0.98170000,1710.0
1749265927,1659.00000000,0.89210000,1710.0
1749265927,1658.00000000,0.00590000,1710.0
1749265927,1657.00000000,0.02300000,1710.0
1749265927,1656.00000000,1.43340000,1710.0
1749265927,1655.00000000,0.12340000,1710.0
1749265927,1654.00000000,0.09610000,1710.0
1749265927,1653.00000000,0.01730000,1710.0
1749265927,1652.00000000,0.00960000,1710.0
1749265927,1651.00000000,0.02120000,1710.0
1749265927,1650.00000000,4.19380000,1710.0
1749265927,1649.00000000,0.01670000,1710.0
1749265927,1648.00000000,0.00590000,1710.0
1749265927,1647.00000000,0.08580000,1710.0
1749265927,1646.00000000,3.04350000,1710.0
1749265927,1645.00000000,0.02440000,1710.0
1749265927,1644.00000000,0.01810000,1710.0
1749265927,1643.00000000,0.00950000,1710.0
1749265927,1642.00000000,0.00590000,1710.0
1749265927,1641.00000000,0.00590000,1710.0
1749265927,1640.00000000,12.21840000,1710.0
1749265927,1639.00000000,0.01550000,1710.0
1749265927,1638.00000000,0.00590000,1710.0
1749265927,1637.00000000,0.19570000,1710.0
1749265927,1636.00000000,0.03530000,1710.0
1749265927,1635.00000000,0.02350000,1710.0
1749265927,1633.00000000,0.27820000,1710.0
1749265927,1632.00000000,0.08670000,1710.0
1749265927,1631.00000000,0.01840000,1710.0
1749265927,1630.00000000,0.35900000,1710.0
1749265927,1628.00000000,0.07610000,1710.0
1749265927,1627.00000000,0.34610000,1710.0
1749265927,1626.00000000,0.00560000,1710.0
1749265927,1625.00000000,4.00620000,1710.0
1749265927,1623.00000000,0.00360000,1710.0
1749265927,1622.00000000,0.01320000,1710.0
1749265927,1621.00000000,0.01770000,1710.0
1749265927,1620.00000000,0.04260000,1710.0
1749265927,1619.00000000,0.01130000,1710.0
1749265927,1618.00000000,0.28840000,1710.0
1749265927,1617.00000000,0.01660000,1710.0
1749265927,1616.00000000,1.05810000,1710.0
1749265927,1615.00000000,0.02470000,1710.0
1749265927,1613.00000000,0.07050000,1710.0
1749265927,1612.00000000,0.00800000,1710.0
1749265927,1611.00000000,0.02400000,1710.0
1749265927,1610.00000000,0.50810000,1710.0
1749265927,1608.00000000,0.20000000,1710.0
1749265927,1606.00000000,0.65800000,1710.0
1749265927,1605.00000000,1.02630000,1710.0
1749266229,1710.00000000,2.52450000,1711.0
1749266229,1709.00000000,3.67630000,1711.0
1749266229,1708.00000000,6.44500000,1711.0
1749266229,1707.00000000,3.33210000,1711.0
1749266229,1706.00000000,1.14740000,1711.0
1749266229,1705.00000000,5.03320000,1711.0
1749266229,1704.00000000,2.24900000,1711.0
1749266229,1703.00000000,1.54720000,1711.0
1749266229,1702.00000000,1.86110000,1711.0
1749266229,1701.00000000,3.02570000,1711.0
1749266229,1700.00000000,2.84870000,1711.0
1749266229,1699.00000000,2.08320000,1711.0
1749266229,1698.00000000,1.37410000,1711.0
1749266229,1697.00000000,2.24300000,1711.0
1749266229,1696.00000000,1.37880000,1711.0
1749266229,1695.00000000,2.91530000,1711.0
1749266229,1694.00000000,1.48220000,1711.0
1749266229,1693.00000000,1.31990000,1711.0
1749266229,1692.00000000,1.34710000,1711.0
1749266229,1691.00000000,4.03780000,1711.0
1749266229,1690.00000000,1.09270000,1711.0
1749266229,1689.00000000,2.39870000,1711.0
1749266229,1688.00000000,0.78670000,1711.0
1749266229,1687.00000000,2.47610000,1711.0
1749266229,1686.00000000,0.87830000,1711.0
1749266229,1685.00000000,1.31880000,1711.0
1749266229,1684.00000000,1.12000000,1711.0
1749266229,1683.00000000,1.33510000,1711.0
1749266229,1682.00000000,0.76480000,1711.0
1749266229,1681.00000000,0.30160000,1711.0
1749266229,1680.00000000,1.17910000,1711.0
1749266229,1679.00000000,0.30320000,1711.0
1749266229,1678.00000000,0.59860000,1711.0
1749266229,1677.00000000,1.99700000,1711.0
1749266229,1676.00000000,0.39360000,1711.0
1749266229,1675.00000000,0.32910000,1711.0
1749266229,1674.00000000,0.86680000,1711.0
1749266229,1673.00000000,0.02570000,1711.0
1749266229,1672.00000000,0.03250000,1711.0
1749266229,1671.00000000,0.57070000,1711.0
1749266229,1670.00000000,0.71500000,1711.0
1749266229,1669.00000000,0.01910000,1711.0
1749266229,1668.00000000,0.57510000,1711.0
1749266229,1667.00000000,0.04090000,1711.0
1749266229,1666.00000000,0.02950000,1711.0
1749266229,1665.00000000,0.08560000,1711.0
1749266229,1664.00000000,2.35440000,1711.0
1749266229,1663.00000000,0.02090000,1711.0
1749266229,1662.00000000,0.44790000,1711.0
1749266229,1661.00000000,0.01430000,1711.0
1749266229,1660.00000000,0.98170000,1711.0
1749266229,1659.00000000,0.89210000,1711.0
1749266229,1658.00000000,0.00590000,1711.0
1749266229,1657.00000000,0.02300000,1711.0
1749266229,1656.00000000,1.43340000,1711.0
1749266229,1655.00000000,0.12340000,1711.0
1749266229,1654.00000000,0.09610000,1711.0
1749266229,1653.00000000,0.01730000,1711.0
1749266229,1652.00000000,0.00960000,1711.0
1749266229,1651.00000000,0.02120000,1711.0
1749266229,1650.00000000,4.16350000,1711.0
1749266229,1649.00000000,0.08910000,1711.0
1749266229,1648.00000000,0.00590000,1711.0
1749266229,1647.00000000,0.08580000,1711.0
1749266229,1646.00000000,3.04350000,1711.0
1749266229,1645.00000000,0.02440000,1711.0
1749266229,1644.00000000,0.01810000,1711.0
1749266229,1643.00000000,0.00950000,1711.0
1749266229,1642.00000000,0.00590000,1711.0
1749266229,1641.00000000,0.00590000,1711.0
1749266229,1640.00000000,12.21840000,1711.0
1749266229,1639.00000000,0.01550000,1711.0
1749266229,1638.00000000,0.00590000,1711.0
1749266229,1637.00000000,0.19570000,1711.0
1749266229,1636.00000000,0.03530000,1711.0
1749266229,1635.00000000,0.02350000,1711.0
1749266229,1633.00000000,0.20450000,1711.0
1749266229,1632.00000000,0.08670000,1711.0
1749266229,1631.00000000,0.01840000,1711.0
1749266229,1630.00000000,0.06280000,1711.0
1749266229,1628.00000000,0.07610000,1711.0
1749266229,1627.00000000,0.34610000,1711.0
1749266229,1626.00000000,0.00560000,1711.0
1749266229,1625.00000000,4.00620000,1711.0
1749266229,1623.00000000,0.00360000,1711.0
1749266229,1622.00000000,0.01320000,1711.0
1749266229,1621.00000000,0.01770000,1711.0
1749266229,1620.00000000,0.04260000,1711.0
1749266229,1619.00000000,0.01130000,1711.0
1749266229,1618.00000000,0.28840000,1711.0
1749266229,1617.00000000,0.01660000,1711.0
1749266229,1616.00000000,1.05810000,1711.0
1749266229,1615.00000000,0.02470000,1711.0
1749266229,1613.00000000,0.07050000,1711.0
1749266229,1612.00000000,0.00800000,1711.0
1749266229,1611.00000000,0.02400000,1711.0
1749266229,1610.00000000,0.50810000,1711.0
1749266229,1608.00000000,0.20000000,1711.0
1749266229,1606.00000000,0.65800000,1711.0
1749266229,1605.00000000,1.02630000,1711.0
1749266530,1703.00000000,1.07790000,1704.0
1749266530,1702.00000000,3.84070000,1704.0
1749266530,1701.00000000,4.86890000,1704.0
1749266530,1700.00000000,6.27890000,1704.0
1749266530,1699.00000000,4.53120000,1704.0
1749266530,1698.00000000,1.24620000,1704.0
1749266530,1697.00000000,3.41220000,1704.0
1749266530,1696.00000000,1.28820000,1704.0
1749266530,1695.00000000,1.91980000,1704.0
1749266530,1694.00000000,1.05500000,1704.0
1749266530,1693.00000000,1.94050000,1704.0
1749266530,1692.00000000,2.81060000,1704.0
1749266530,1691.00000000,1.95910000,1704.0
1749266530,1690.00000000,1.63830000,1704.0
1749266530,1689.00000000,2.58120000,1704.0
1749266530,1688.00000000,1.40450000,1704.0
1749266530,1687.00000000,5.61860000,1704.0
1749266530,1686.00000000,1.84360000,1704.0
1749266530,1685.00000000,1.31880000,1704.0
1749266530,1684.00000000,1.12000000,1704.0
1749266530,1683.00000000,1.33510000,1704.0
1749266530,1682.00000000,1.07310000,1704.0
1749266530,1681.00000000,1.39100000,1704.0
1749266530,1680.00000000,1.17910000,1704.0
1749266530,1679.00000000,0.30320000,1704.0
1749266530,1678.00000000,0.59860000,1704.0
1749266530,1677.00000000,0.89900000,1704.0
1749266530,1676.00000000,0.39360000,1704.0
1749266530,1675.00000000,0.32910000,1704.0
1749266530,1674.00000000,0.86680000,1704.0
1749266530,1673.00000000,1.39950000,1704.0
1749266530,1672.00000000,0.03250000,1704.0
1749266530,1671.00000000,0.87360000,1704.0
1749266530,1670.00000000,1.00300000,1704.0
1749266530,1669.00000000,0.01910000,1704.0
1749266530,1668.00000000,0.86310000,1704.0
1749266530,1667.00000000,0.04090000,1704.0
1749266530,1666.00000000,0.31750000,1704.0
1749266530,1665.00000000,0.35560000,1704.0
1749266530,1664.00000000,0.00950000,1704.0
1749266530,1663.00000000,0.02090000,1704.0
1749266530,1662.00000000,0.44790000,1704.0
1749266530,1661.00000000,0.01430000,1704.0
1749266530,1660.00000000,3.34470000,1704.0
1749266530,1659.00000000,0.30560000,1704.0
1749266530,1658.00000000,0.00590000,1704.0
1749266530,1657.00000000,0.02300000,1704.0
1749266530,1656.00000000,1.43340000,1704.0
1749266530,1655.00000000,0.12340000,1704.0
1749266530,1654.00000000,0.68260000,1704.0
1749266530,1653.00000000,0.01730000,1704.0
1749266530,1652.00000000,0.00960000,1704.0
1749266530,1651.00000000,0.02120000,1704.0
1749266530,1650.00000000,4.16350000,1704.0
1749266530,1649.00000000,0.08910000,1704.0
1749266530,1648.00000000,0.00590000,1704.0
1749266530,1647.00000000,0.08580000,1704.0
1749266530,1646.00000000,3.04350000,1704.0
1749266530,1645.00000000,0.02440000,1704.0
1749266530,1644.00000000,0.01810000,1704.0
1749266530,1643.00000000,0.00950000,1704.0
1749266530,1642.00000000,0.00590000,1704.0
1749266530,1641.00000000,0.00590000,1704.0
1749266530,1640.00000000,12.21840000,1704.0
1749266530,1639.00000000,0.01550000,1704.0
1749266530,1638.00000000,0.00590000,1704.0
1749266530,1637.00000000,0.19570000,1704.0
1749266530,1636.00000000,0.03530000,1704.0
1749266530,1635.00000000,0.02350000,1704.0
1749266530,1634.00000000,0.00590000,1704.0
1749266530,1633.00000000,0.21040000,1704.0
1749266530,1632.00000000,0.09260000,1704.0
1749266530,1631.00000000,0.02430000,1704.0
1749266530,1630.00000000,0.06870000,1704.0
1749266530,1629.00000000,0.00590000,1704.0
1749266530,1628.00000000,0.08200000,1704.0
1749266530,1627.00000000,0.34610000,1704.0
1749266530,1626.00000000,0.00560000,1704.0
1749266530,1625.00000000,4.00620000,1704.0
1749266530,1623.00000000,0.00360000,1704.0
1749266530,1622.00000000,0.01320000,1704.0
1749266530,1621.00000000,0.01770000,1704.0
1749266530,1620.00000000,0.04260000,1704.0
1749266530,1619.00000000,0.01130000,1704.0
1749266530,1618.00000000,0.28840000,1704.0
1749266530,1617.00000000,0.01660000,1704.0
1749266530,1616.00000000,1.05810000,1704.0
1749266530,1615.00000000,0.02470000,1704.0
1749266530,1613.00000000,0.07050000,1704.0
1749266530,1612.00000000,0.00800000,1704.0
1749266530,1611.00000000,0.02400000,1704.0
1749266530,1610.00000000,0.50810000,1704.0
1749266530,1608.00000000,0.20000000,1704.0
1749266530,1606.00000000,0.65800000,1704.0
1749266530,1605.00000000,1.02630000,1704.0
1749266530,1604.00000000,1.00000000,1704.0
1749266530,1603.00000000,0.56230000,1704.0
1749266530,1602.00000000,0.00360000,1704.0
1749266530,1601.00000000,0.54680000,1704.0
1749266530,1600.00000000,15.56140000,1704.0
1749266832,1710.00000000,3.29290000,1709.0
1749266832,1709.00000000,3.25620000,1709.0
1749266832,1708.00000000,10.64870000,1709.0
1749266832,1707.00000000,17.41770000,1709.0
1749266832,1706.00000000,11.42520000,1709.0
1749266832,1705.00000000,5.64840000,1709.0
1749266832,1704.00000000,1.59160000,1709.0
1749266832,1703.00000000,3.81000000,1709.0
1749266832,1702.00000000,1.57460000,1709.0
1749266832,1701.00000000,1.77570000,1709.0
1749266832,1700.00000000,1.21320000,1709.0
1749266832,1699.00000000,1.73540000,1709.0
1749266832,1698.00000000,2.44960000,1709.0
1749266832,1697.00000000,3.31350000,1709.0
1749266832,1696.00000000,1.37880000,1709.0
1749266832,1695.00000000,2.21380000,1709.0
1749266832,1694.00000000,1.80420000,1709.0
1749266832,1693.00000000,2.64270000,1709.0
1749266832,1692.00000000,1.46350000,1709.0
1749266832,1691.00000000,1.33780000,1709.0
1749266832,1690.00000000,1.01660000,1709.0
1749266832,1689.00000000,1.62210000,1709.0
1749266832,1688.00000000,0.78210000,1709.0
1749266832,1687.00000000,5.99540000,1709.0
1749266832,1686.00000000,0.95460000,1709.0
1749266832,1685.00000000,2.39680000,1709.0
1749266832,1684.00000000,1.12000000,1709.0
1749266832,1683.00000000,1.33510000,1709.0
1749266832,1682.00000000,0.76480000,1709.0
1749266832,1681.00000000,0.31040000,1709.0
1749266832,1680.00000000,1.17910000,1709.0
1749266832,1679.00000000,0.30320000,1709.0
1749266832,1678.00000000,0.59860000,1709.0
1749266832,1677.00000000,0.89900000,1709.0
1749266832,1676.00000000,0.39360000,1709.0
1749266832,1675.00000000,0.32910000,1709.0
1749266832,1674.00000000,0.86680000,1709.0
1749266832,1673.00000000,1.39950000,1709.0
1749266832,1672.00000000,0.03250000,1709.0
1749266832,1671.00000000,0.85870000,1709.0
1749266832,1670.00000000,1.00300000,1709.0
1749266832,1669.00000000,0.01910000,1709.0
1749266832,1668.00000000,0.86310000,1709.0
1749266832,1667.00000000,0.04090000,1709.0
1749266832,1666.00000000,2.37440000,1709.0
1749266832,1665.00000000,0.06760000,1709.0
1749266832,1664.00000000,0.00950000,1709.0
1749266832,1663.00000000,0.02090000,1709.0
1749266832,1662.00000000,0.44790000,1709.0
1749266832,1661.00000000,0.01430000,1709.0
1749266832,1660.00000000,0.99980000,1709.0
1749266832,1659.00000000,0.30560000,1709.0
1749266832,1658.00000000,0.00590000,1709.0
1749266832,1657.00000000,0.02300000,1709.0
1749266832,1656.00000000,1.43340000,1709.0
1749266832,1655.00000000,0.12340000,1709.0
1749266832,1654.00000000,0.68260000,1709.0
1749266832,1653.00000000,0.01730000,1709.0
1749266832,1652.00000000,0.00960000,1709.0
1749266832,1651.00000000,0.02120000,1709.0
1749266832,1650.00000000,3.74120000,1709.0
1749266832,1649.00000000,0.08910000,1709.0
1749266832,1648.00000000,0.00590000,1709.0
1749266832,1647.00000000,0.08580000,1709.0
1749266832,1646.00000000,3.04350000,1709.0
1749266832,1645.00000000,0.02440000,1709.0
1749266832,1644.00000000,0.01810000,1709.0
1749266832,1643.00000000,0.00950000,1709.0
1749266832,1642.00000000,0.00590000,1709.0
1749266832,1641.00000000,0.00590000,1709.0
1749266832,1640.00000000,12.21840000,1709.0
1749266832,1639.00000000,0.01550000,1709.0
1749266832,1638.00000000,0.00590000,1709.0
1749266832,1637.00000000,0.19570000,1709.0
1749266832,1636.00000000,0.03530000,1709.0
1749266832,1635.00000000,0.02350000,1709.0
1749266832,1633.00000000,0.20450000,1709.0
1749266832,1632.00000000,0.08670000,1709.0
1749266832,1631.00000000,0.01840000,1709.0
1749266832,1630.00000000,0.06280000,1709.0
1749266832,1628.00000000,0.07610000,1709.0
1749266832,1627.00000000,0.34610000,1709.0
1749266832,1626.00000000,0.00560000,1709.0
1749266832,1625.00000000,4.00620000,1709.0
1749266832,1623.00000000,0.00360000,1709.0
1749266832,1622.00000000,0.01940000,1709.0
1749266832,1621.00000000,0.01770000,1709.0
1749266832,1620.00000000,0.04260000,1709.0
1749266832,1619.00000000,0.01130000,1709.0
1749266832,1618.00000000,0.28840000,1709.0
1749266832,1617.00000000,0.01040000,1709.0
1749266832,1616.00000000,1.05810000,1709.0
1749266832,1615.00000000,0.02470000,1709.0
1749266832,1613.00000000,0.07050000,1709.0
1749266832,1612.00000000,0.00800000,1709.0
1749266832,1611.00000000,0.02400000,1709.0
1749266832,1610.00000000,0.50810000,1709.0
1749266832,1608.00000000,0.20000000,1709.0
1749266832,1606.00000000,0.65800000,1709.0
1749266832,1605.00000000,1.02630000,1709.0
1749267134,1707.00000000,1.96440000,1707.0
1749267134,1706.00000000,20.19870000,1707.0
1749267134,1705.00000000,30.20100000,1707.0
1749267134,1704.00000000,18.25170000,1707.0
1749267134,1703.00000000,7.33520000,1707.0
1749267134,1702.00000000,1.50820000,1707.0
1749267134,1701.00000000,2.31980000,1707.0
1749267134,1700.00000000,3.21210000,1707.0
1749267134,1699.00000000,2.05520000,1707.0
1749267134,1698.00000000,1.01590000,1707.0
1749267134,1697.00000000,3.31350000,1707.0
1749267134,1696.00000000,2.83020000,1707.0
1749267134,1695.00000000,2.21380000,1707.0
1749267134,1694.00000000,1.80420000,1707.0
1749267134,1693.00000000,2.73230000,1707.0
1749267134,1692.00000000,1.46350000,1707.0
1749267134,1691.00000000,1.33780000,1707.0
1749267134,1690.00000000,1.09270000,1707.0
1749267134,1689.00000000,1.62210000,1707.0
1749267134,1688.00000000,0.78210000,1707.0
1749267134,1687.00000000,5.10640000,1707.0
1749267134,1686.00000000,0.87830000,1707.0
1749267134,1685.00000000,2.39680000,1707.0
1749267134,1684.00000000,1.12000000,1707.0
1749267134,1683.00000000,1.33510000,1707.0
1749267134,1682.00000000,0.76480000,1707.0
1749267134,1681.00000000,0.31040000,1707.0
1749267134,1680.00000000,1.17910000,1707.0
1749267134,1679.00000000,0.30320000,1707.0
1749267134,1678.00000000,0.59860000,1707.0
1749267134,1677.00000000,0.89900000,1707.0
1749267134,1676.00000000,0.39360000,1707.0
1749267134,1675.00000000,0.32910000,1707.0
1749267134,1674.00000000,0.86680000,1707.0
1749267134,1673.00000000,1.39950000,1707.0
1749267134,1672.00000000,0.03250000,1707.0
1749267134,1671.00000000,0.85870000,1707.0
1749267134,1670.00000000,0.71500000,1707.0
1749267134,1669.00000000,0.01910000,1707.0
1749267134,1668.00000000,0.57510000,1707.0
1749267134,1667.00000000,0.04090000,1707.0
1749267134,1666.00000000,2.37440000,1707.0
1749267134,1665.00000000,0.06760000,1707.0
1749267134,1664.00000000,0.00950000,1707.0
1749267134,1663.00000000,0.03900000,1707.0
1749267134,1662.00000000,0.44790000,1707.0
1749267134,1661.00000000,0.01430000,1707.0
1749267134,1660.00000000,0.98170000,1707.0
1749267134,1659.00000000,0.30560000,1707.0
1749267134,1658.00000000,0.00590000,1707.0
1749267134,1657.00000000,0.02300000,1707.0
1749267134,1656.00000000,2.01990000,1707.0
1749267134,1655.00000000,0.12340000,1707.0
1749267134,1654.00000000,0.09610000,1707.0
1749267134,1653.00000000,0.01730000,1707.0
1749267134,1652.00000000,0.00960000,1707.0
1749267134,1651.00000000,0.02120000,1707.0
1749267134,1650.00000000,3.74120000,1707.0
1749267134,1649.00000000,0.08910000,1707.0
1749267134,1648.00000000,0.00590000,1707.0
1749267134,1647.00000000,0.08580000,1707.0
1749267134,1646.00000000,3.04350000,1707.0
1749267134,1645.00000000,0.02440000,1707.0
1749267134,1644.00000000,0.01810000,1707.0
1749267134,1643.00000000,0.00950000,1707.0
1749267134,1642.00000000,0.00590000,1707.0
1749267134,1641.00000000,0.00590000,1707.0
1749267134,1640.00000000,12.21840000,1707.0
1749267134,1639.00000000,0.01550000,1707.0
1749267134,1638.00000000,0.00590000,1707.0
1749267134,1637.00000000,0.19570000,1707.0
1749267134,1636.00000000,0.03530000,1707.0
1749267134,1635.00000000,0.02350000,1707.0
1749267134,1634.00000000,0.00590000,1707.0
1749267134,1633.00000000,0.21040000,1707.0
1749267134,1632.00000000,0.09260000,1707.0
1749267134,1631.00000000,0.01840000,1707.0
1749267134,1630.00000000,0.06280000,1707.0
1749267134,1628.00000000,0.07610000,1707.0
1749267134,1627.00000000,0.34610000,1707.0
1749267134,1626.00000000,0.00560000,1707.0
1749267134,1625.00000000,4.00620000,1707.0
1749267134,1623.00000000,0.00360000,1707.0
1749267134,1622.00000000,0.01940000,1707.0
1749267134,1621.00000000,0.01770000,1707.0
1749267134,1620.00000000,0.04260000,1707.0
1749267134,1619.00000000,0.01130000,1707.0
1749267134,1618.00000000,0.28840000,1707.0
1749267134,1617.00000000,0.01040000,1707.0
1749267134,1616.00000000,1.05810000,1707.0
1749267134,1615.00000000,0.02470000,1707.0
1749267134,1613.00000000,0.07050000,1707.0
1749267134,1612.00000000,0.00800000,1707.0
1749267134,1611.00000000,0.02400000,1707.0
1749267134,1610.00000000,0.50810000,1707.0
1749267134,1608.00000000,0.20000000,1707.0
1749267134,1606.00000000,0.65800000,1707.0
1749267134,1605.00000000,1.02630000,1707.0
1749267134,1604.00000000,1.00000000,1707.0
1749267134,1603.00000000,0.56230000,1707.0
1749267435,1705.00000000,1.21920000,1706.0
1749267435,1704.00000000,7.83710000,1706.0
1749267435,1703.00000000,17.21250000,1706.0
1749267435,1702.00000000,17.29960000,1706.0
1749267435,1701.00000000,4.63750000,1706.0
1749267435,1700.00000000,3.66490000,1706.0
1749267435,1699.00000000,1.59740000,1706.0
1749267435,1698.00000000,1.97160000,1706.0
1749267435,1697.00000000,3.04080000,1706.0
1749267435,1696.00000000,1.16800000,1706.0
1749267435,1695.00000000,2.31900000,1706.0
1749267435,1694.00000000,2.81650000,1706.0
1749267435,1693.00000000,1.94050000,1706.0
1749267435,1692.00000000,1.55310000,1706.0
1749267435,1691.00000000,1.42750000,1706.0
1749267435,1690.00000000,1.62470000,1706.0
1749267435,1689.00000000,3.37490000,1706.0
1749267435,1688.00000000,0.78210000,1706.0
1749267435,1687.00000000,5.10640000,1706.0
1749267435,1686.00000000,0.87830000,1706.0
1749267435,1685.00000000,1.31880000,1706.0
1749267435,1684.00000000,1.12000000,1706.0
1749267435,1683.00000000,1.33510000,1706.0
1749267435,1682.00000000,0.76480000,1706.0
1749267435,1681.00000000,1.39100000,1706.0
1749267435,1680.00000000,1.17910000,1706.0
1749267435,1679.00000000,0.30320000,1706.0
1749267435,1678.00000000,0.59860000,1706.0
1749267435,1677.00000000,0.89900000,1706.0
1749267435,1676.00000000,0.39360000,1706.0
1749267435,1675.00000000,0.32910000,1706.0
1749267435,1674.00000000,0.86680000,1706.0
1749267435,1673.00000000,1.39950000,1706.0
1749267435,1672.00000000,0.03250000,1706.0
1749267435,1671.00000000,0.85870000,1706.0
1749267435,1670.00000000,1.00300000,1706.0
1749267435,1669.00000000,0.01910000,1706.0
1749267435,1668.00000000,0.86310000,1706.0
1749267435,1667.00000000,0.04090000,1706.0
1749267435,1666.00000000,0.31750000,1706.0
1749267435,1665.00000000,0.06760000,1706.0
1749267435,1664.00000000,0.00950000,1706.0
1749267435,1663.00000000,0.02090000,1706.0
1749267435,1662.00000000,0.44790000,1706.0
1749267435,1661.00000000,2.37730000,1706.0
1749267435,1660.00000000,0.98170000,1706.0
1749267435,1659.00000000,0.30560000,1706.0
1749267435,1658.00000000,0.00590000,1706.0
1749267435,1657.00000000,0.02300000,1706.0
1749267435,1656.00000000,2.01990000,1706.0
1749267435,1655.00000000,0.12340000,1706.0
1749267435,1654.00000000,0.09610000,1706.0
1749267435,1653.00000000,0.01730000,1706.0
1749267435,1652.00000000,0.00960000,1706.0
1749267435,1651.00000000,0.02120000,1706.0
1749267435,1650.00000000,3.74120000,1706.0
1749267435,1649.00000000,0.08910000,1706.0
1749267435,1648.00000000,0.00590000,1706.0
1749267435,1647.00000000,0.82650000,1706.0
1749267435,1646.00000000,3.04350000,1706.0
1749267435,1645.00000000,0.02440000,1706.0
1749267435,1644.00000000,0.01810000,1706.0
1749267435,1643.00000000,0.00950000,1706.0
1749267435,1642.00000000,0.00590000,1706.0
1749267435,1641.00000000,0.00590000,1706.0
1749267435,1640.00000000,12.21840000,1706.0
1749267435,1639.00000000,0.01550000,1706.0
1749267435,1638.00000000,0.00590000,1706.0
1749267435,1637.00000000,0.19570000,1706.0
1749267435,1636.00000000,0.03530000,1706.0
