timestamp,price,volume,current_price
1749258415,0.13840000,20236.30000000,0.1385
1749258415,0.13830000,66033.10000000,0.1385
1749258415,0.13820000,72331.10000000,0.1385
1749258415,0.13810000,54357.90000000,0.1385
1749258415,0.13800000,47718.00000000,0.1385
1749258415,0.13790000,61546.80000000,0.1385
1749258415,0.13780000,182593.10000000,0.1385
1749258415,0.13770000,24237.20000000,0.1385
1749258415,0.13760000,26688.30000000,0.1385
1749258415,0.13750000,26084.20000000,0.1385
1749258415,0.13740000,15117.60000000,0.1385
1749258415,0.13730000,19383.60000000,0.1385
1749258415,0.13720000,21961.20000000,0.1385
1749258415,0.13710000,198604.10000000,0.1385
1749258415,0.13700000,38063.80000000,0.1385
1749258415,0.13690000,17816.10000000,0.1385
1749258415,0.13680000,33914.40000000,0.1385
1749258415,0.13670000,38654.40000000,0.1385
1749258415,0.13660000,11616.60000000,0.1385
1749258415,0.13650000,8365.00000000,0.1385
1749258415,0.13640000,262371.90000000,0.1385
1749258415,0.13630000,69785.40000000,0.1385
1749258415,0.13620000,11955.90000000,0.1385
1749258415,0.13610000,8365.20000000,0.1385
1749258415,0.13600000,90005.70000000,0.1385
1749258415,0.13590000,275815.30000000,0.1385
1749258415,0.13580000,71956.00000000,0.1385
1749258415,0.13570000,53449.90000000,0.1385
1749258415,0.13560000,12660.90000000,0.1385
1749258415,0.13550000,5800.40000000,0.1385
1749258415,0.13540000,24848.60000000,0.1385
1749258415,0.13530000,5800.50000000,0.1385
1749258415,0.13520000,9391.30000000,0.1385
1749258415,0.13510000,21209.40000000,0.1385
1749258415,0.13500000,11465.30000000,0.1385
1749258415,0.13490000,5800.70000000,0.1385
1749258415,0.13480000,3646.30000000,0.1385
1749258415,0.13460000,3590.70000000,0.1385
1749258415,0.13440000,3590.70000000,0.1385
1749258415,0.13420000,3590.70000000,0.1385
1749258415,0.13400000,3590.70000000,0.1385
1749258415,0.13380000,3770.40000000,0.1385
1749258415,0.13360000,3590.70000000,0.1385
1749258415,0.13350000,81.90000000,0.1385
1749258415,0.13340000,11232.00000000,0.1385
1749258415,0.13330000,750.10000000,0.1385
1749258415,0.13320000,3590.70000000,0.1385
1749258415,0.13300000,354718.40000000,0.1385
1749258415,0.13280000,3590.70000000,0.1385
1749258415,0.13260000,3590.70000000,0.1385
1749258415,0.13230000,1134.80000000,0.1385
1749258415,0.13200000,172621.40000000,0.1385
1749258415,0.13180000,11081.10000000,0.1385
1749258415,0.13160000,237.90000000,0.1385
1749258415,0.13130000,1524.20000000,0.1385
1749258415,0.13120000,378777.10000000,0.1385
1749258415,0.13100000,9160.30000000,0.1385
1749258415,0.13050000,383.10000000,0.1385
1749258415,0.13040000,90.00000000,0.1385
1749258415,0.13030000,2380.20000000,0.1385
1749258415,0.13020000,500167.70000000,0.1385
1749258415,0.13000000,1207.30000000,0.1385
1749258415,0.12980000,77.10000000,0.1385
1749258415,0.12960000,2083.50000000,0.1385
1749258415,0.12910000,1300.00000000,0.1385
1749258415,0.12820000,375.50000000,0.1385
1749258415,0.12810000,40.00000000,0.1385
1749258415,0.12800000,125.90000000,0.1385
1749258415,0.12770000,3968.70000000,0.1385
1749258415,0.12700000,472.40000000,0.1385
1749258415,0.12670000,150.00000000,0.1385
1749258415,0.12560000,129.30000000,0.1385
1749258415,0.12540000,431.80000000,0.1385
1749258415,0.12500000,25672.80000000,0.1385
1749258415,0.12450000,600.00000000,0.1385
1749258415,0.12400000,80.60000000,0.1385
1749258415,0.12370000,403.00000000,0.1385
1749258415,0.12340000,81.60000000,0.1385
1749258415,0.12200000,368.80000000,0.1385
1749258415,0.12150000,164.70000000,0.1385
1749258415,0.12130000,41.30000000,0.1385
1749258415,0.12070000,526.10000000,0.1385
1749258415,0.12050000,82.90000000,0.1385
1749258415,0.12040000,473.20000000,0.1385
1749258415,0.12000000,1204.50000000,0.1385
1749258415,0.11970000,449.40000000,0.1385
1749258415,0.11840000,591.20000000,0.1385
1749258415,0.11750000,17021.20000000,0.1385
1749258415,0.11650000,800.00000000,0.1385
1749258415,0.11600000,498.10000000,0.1385
1749258415,0.11500000,1957.60000000,0.1385
1749258415,0.11360000,1150.80000000,0.1385
1749258415,0.11260000,815.60000000,0.1385
1749258415,0.11200000,803.50000000,0.1385
1749258415,0.11180000,71.60000000,0.1385
1749258415,0.11150000,201.80000000,0.1385
1749258415,0.11120000,45.30000000,0.1385
1749258415,0.11100000,226.00000000,0.1385
1749258415,0.11050000,45.50000000,0.1385
1749258415,0.11000000,3364.00000000,0.1385
1749258751,0.13860000,9080.60000000,0.1386
1749258751,0.13850000,30553.80000000,0.1386
1749258751,0.13840000,52450.20000000,0.1386
1749258751,0.13830000,63696.40000000,0.1386
1749258751,0.13820000,48984.40000000,0.1386
1749258751,0.13810000,26881.50000000,0.1386
1749258751,0.13800000,179361.30000000,0.1386
1749258751,0.13790000,57779.40000000,0.1386
1749258751,0.13780000,33043.40000000,0.1386
1749258751,0.13770000,27266.80000000,0.1386
1749258751,0.13760000,17301.20000000,0.1386
1749258751,0.13750000,16382.50000000,0.1386
1749258751,0.13740000,12190.50000000,0.1386
1749258751,0.13730000,205531.40000000,0.1386
1749258751,0.13720000,21961.20000000,0.1386
1749258751,0.13710000,23710.70000000,0.1386
1749258751,0.13700000,44429.20000000,0.1386
1749258751,0.13690000,48863.10000000,0.1386
1749258751,0.13680000,58557.10000000,0.1386
1749258751,0.13670000,267619.80000000,0.1386
1749258751,0.13660000,11616.60000000,0.1386
1749258751,0.13650000,18547.50000000,0.1386
1749258751,0.13640000,94787.40000000,0.1386
1749258751,0.13630000,9025.10000000,0.1386
1749258751,0.13620000,12136.40000000,0.1386
1749258751,0.13610000,80239.00000000,0.1386
1749258751,0.13600000,71955.90000000,0.1386
1749258751,0.13590000,241869.90000000,0.1386
1749258751,0.13580000,9391.00000000,0.1386
1749258751,0.13570000,5800.40000000,0.1386
1749258751,0.13560000,27672.80000000,0.1386
1749258751,0.13550000,5800.40000000,0.1386
1749258751,0.13540000,9391.20000000,0.1386
1749258751,0.13530000,5800.50000000,0.1386
1749258751,0.13520000,9391.30000000,0.1386
1749258751,0.13510000,5800.60000000,0.1386
1749258751,0.13500000,11465.30000000,0.1386
1749258751,0.13490000,21127.50000000,0.1386
1749258751,0.13480000,3646.30000000,0.1386
1749258751,0.13460000,3590.70000000,0.1386
1749258751,0.13440000,3590.70000000,0.1386
1749258751,0.13420000,11301.90000000,0.1386
1749258751,0.13400000,3590.70000000,0.1386
1749258751,0.13380000,3770.40000000,0.1386
1749258751,0.13360000,3590.70000000,0.1386
1749258751,0.13350000,81.90000000,0.1386
1749258751,0.13340000,3590.70000000,0.1386
1749258751,0.13330000,750.10000000,0.1386
1749258751,0.13320000,3590.70000000,0.1386
1749258751,0.13300000,354718.40000000,0.1386
1749258751,0.13290000,7642.80000000,0.1386
1749258751,0.13280000,3590.70000000,0.1386
1749258751,0.13260000,3590.70000000,0.1386
1749258751,0.13230000,1134.80000000,0.1386
1749258751,0.13200000,165217.10000000,0.1386
1749258751,0.13160000,237.90000000,0.1386
1749258751,0.13150000,129.30000000,0.1386
1749258751,0.13130000,1524.20000000,0.1386
1749258751,0.13120000,378777.10000000,0.1386
1749258751,0.13100000,9160.30000000,0.1386
1749258751,0.13050000,383.10000000,0.1386
1749258751,0.13040000,90.00000000,0.1386
1749258751,0.13030000,2380.20000000,0.1386
1749258751,0.13020000,500167.70000000,0.1386
1749258751,0.13000000,1207.30000000,0.1386
1749258751,0.12980000,77.10000000,0.1386
1749258751,0.12960000,2083.50000000,0.1386
1749258751,0.12910000,1300.00000000,0.1386
1749258751,0.12820000,375.50000000,0.1386
1749258751,0.12810000,40.00000000,0.1386
1749258751,0.12800000,125.90000000,0.1386
1749258751,0.12770000,3968.70000000,0.1386
1749258751,0.12700000,472.40000000,0.1386
1749258751,0.12670000,150.00000000,0.1386
1749258751,0.12560000,129.30000000,0.1386
1749258751,0.12540000,431.80000000,0.1386
1749258751,0.12500000,25672.80000000,0.1386
1749258751,0.12450000,600.00000000,0.1386
1749258751,0.12400000,80.60000000,0.1386
1749258751,0.12370000,403.00000000,0.1386
1749258751,0.12340000,81.60000000,0.1386
1749258751,0.12200000,368.80000000,0.1386
1749258751,0.12150000,164.70000000,0.1386
1749258751,0.12130000,41.30000000,0.1386
1749258751,0.12070000,526.10000000,0.1386
1749258751,0.12050000,82.90000000,0.1386
1749258751,0.12040000,473.50000000,0.1386
1749258751,0.12000000,1204.50000000,0.1386
1749258751,0.11970000,449.40000000,0.1386
1749258751,0.11840000,591.20000000,0.1386
1749258751,0.11750000,17021.20000000,0.1386
1749258751,0.11650000,800.00000000,0.1386
1749258751,0.11600000,498.10000000,0.1386
1749258751,0.11500000,1957.60000000,0.1386
1749258751,0.11360000,1150.80000000,0.1386
1749258751,0.11260000,815.60000000,0.1386
1749258751,0.11200000,803.50000000,0.1386
1749258751,0.11180000,71.60000000,0.1386
1749258751,0.11150000,201.80000000,0.1386
1749258751,0.11120000,45.30000000,0.1386
1749259053,0.13810000,20247.30000000,0.1382
1749259053,0.13800000,72829.20000000,0.1382
1749259053,0.13790000,37972.80000000,0.1382
1749259053,0.13780000,41551.50000000,0.1382
1749259053,0.13770000,21501.60000000,0.1382
1749259053,0.13760000,21709.00000000,0.1382
1749259053,0.13750000,184976.10000000,0.1382
1749259053,0.13740000,29254.70000000,0.1382
1749259053,0.13730000,18865.80000000,0.1382
1749259053,0.13720000,14402.70000000,0.1382
1749259053,0.13710000,18558.20000000,0.1382
1749259053,0.13700000,12322.60000000,0.1382
1749259053,0.13690000,200482.90000000,0.1382
1749259053,0.13680000,12136.10000000,0.1382
1749259053,0.13670000,23231.40000000,0.1382
1749259053,0.13660000,11616.60000000,0.1382
1749259053,0.13650000,71536.50000000,0.1382
1749259053,0.13640000,120858.20000000,0.1382
1749259053,0.13630000,9025.10000000,0.1382
1749259053,0.13620000,283470.90000000,0.1382
1749259053,0.13610000,70239.00000000,0.1382
1749259053,0.13600000,11955.90000000,0.1382
1749259053,0.13590000,45464.20000000,0.1382
1749259053,0.13580000,11956.00000000,0.1382
1749259053,0.13570000,215055.20000000,0.1382
1749259053,0.13560000,86967.60000000,0.1382
1749259053,0.13550000,5800.40000000,0.1382
1749259053,0.13540000,9391.20000000,0.1382
1749259053,0.13530000,5980.90000000,0.1382
1749259053,0.13520000,15349.10000000,0.1382
1749259053,0.13510000,5800.60000000,0.1382
1749259053,0.13500000,11646.10000000,0.1382
1749259053,0.13490000,15382.40000000,0.1382
1749259053,0.13480000,3590.70000000,0.1382
1749259053,0.13460000,3590.70000000,0.1382
1749259053,0.13440000,3590.70000000,0.1382
1749259053,0.13420000,11301.90000000,0.1382
1749259053,0.13400000,3590.70000000,0.1382
1749259053,0.13380000,3770.40000000,0.1382
1749259053,0.13360000,3590.70000000,0.1382
1749259053,0.13350000,81.90000000,0.1382
1749259053,0.13340000,3590.70000000,0.1382
1749259053,0.13330000,750.10000000,0.1382
1749259053,0.13320000,3590.70000000,0.1382
1749259053,0.13300000,354718.40000000,0.1382
1749259053,0.13290000,7642.80000000,0.1382
1749259053,0.13280000,3590.70000000,0.1382
1749259053,0.13260000,3590.70000000,0.1382
1749259053,0.13230000,12247.40000000,0.1382
1749259053,0.13200000,165217.10000000,0.1382
1749259053,0.13160000,237.90000000,0.1382
1749259053,0.13150000,129.30000000,0.1382
1749259053,0.13130000,1524.20000000,0.1382
1749259053,0.13120000,378777.10000000,0.1382
1749259053,0.13100000,9160.30000000,0.1382
1749259053,0.13050000,383.10000000,0.1382
1749259053,0.13040000,90.00000000,0.1382
1749259053,0.13030000,2380.20000000,0.1382
1749259053,0.13020000,500167.70000000,0.1382
1749259053,0.13000000,1161.80000000,0.1382
1749259053,0.12980000,77.10000000,0.1382
1749259053,0.12960000,2083.50000000,0.1382
1749259053,0.12910000,1300.00000000,0.1382
1749259053,0.12820000,375.50000000,0.1382
1749259053,0.12810000,40.00000000,0.1382
1749259053,0.12800000,125.90000000,0.1382
1749259053,0.12770000,3968.70000000,0.1382
1749259053,0.12700000,472.40000000,0.1382
1749259053,0.12670000,150.00000000,0.1382
1749259053,0.12560000,129.30000000,0.1382
1749259053,0.12540000,431.80000000,0.1382
1749259053,0.12500000,25720.10000000,0.1382
1749259053,0.12450000,600.00000000,0.1382
1749259053,0.12400000,80.60000000,0.1382
1749259053,0.12370000,403.00000000,0.1382
1749259053,0.12340000,81.60000000,0.1382
1749259053,0.12200000,368.80000000,0.1382
1749259053,0.12150000,164.70000000,0.1382
1749259053,0.12130000,41.30000000,0.1382
1749259053,0.12070000,526.10000000,0.1382
1749259053,0.12050000,82.90000000,0.1382
1749259053,0.12020000,474.20000000,0.1382
1749259053,0.12000000,1204.50000000,0.1382
1749259053,0.11970000,449.40000000,0.1382
1749259053,0.11840000,591.20000000,0.1382
1749259053,0.11750000,17021.20000000,0.1382
1749259053,0.11650000,800.00000000,0.1382
1749259053,0.11600000,498.10000000,0.1382
1749259053,0.11500000,1957.60000000,0.1382
1749259053,0.11360000,1150.80000000,0.1382
1749259053,0.11260000,815.60000000,0.1382
1749259053,0.11200000,803.50000000,0.1382
1749259053,0.11180000,71.60000000,0.1382
1749259053,0.11150000,201.80000000,0.1382
1749259053,0.11120000,45.30000000,0.1382
1749259053,0.11100000,226.00000000,0.1382
1749259053,0.11050000,45.50000000,0.1382
1749259053,0.11000000,3364.00000000,0.1382
1749259053,0.10970000,98.60000000,0.1382
1749259053,0.10950000,913.20000000,0.1382
