timestamp,price,volume,current_price
1749254651,0.13670000,17293.70000000,0.1368
1749254651,0.13660000,27739.50000000,0.1368
1749254651,0.13650000,32531.70000000,0.1368
1749254651,0.13640000,26711.60000000,0.1368
1749254651,0.13630000,32800.20000000,0.1368
1749254651,0.13620000,171535.60000000,0.1368
1749254651,0.13610000,16479.00000000,0.1368
1749254651,0.13600000,24654.00000000,0.1368
1749254651,0.13590000,47921.60000000,0.1368
1749254651,0.13580000,22757.30000000,0.1368
1749254651,0.13570000,10489.90000000,0.1368
1749254651,0.13560000,14825.50000000,0.1368
1749254651,0.13550000,201983.30000000,0.1368
1749254651,0.13540000,12205.10000000,0.1368
1749254651,0.13530000,8365.50000000,0.1368
1749254651,0.13520000,12907.90000000,0.1368
1749254651,0.13510000,244135.70000000,0.1368
1749254651,0.13500000,11956.30000000,0.1368
1749254651,0.13490000,88184.40000000,0.1368
1749254651,0.13480000,22625.90000000,0.1368
1749254651,0.13470000,70589.00000000,0.1368
1749254651,0.13460000,11956.50000000,0.1368
1749254651,0.13450000,84860.00000000,0.1368
1749254651,0.13440000,11956.60000000,0.1368
1749254651,0.13430000,207079.90000000,0.1368
1749254651,0.13420000,119721.80000000,0.1368
1749254651,0.13410000,81215.50000000,0.1368
1749254651,0.13400000,15416.80000000,0.1368
1749254651,0.13390000,5800.60000000,0.1368
1749254651,0.13380000,9571.00000000,0.1368
1749254651,0.13370000,5800.60000000,0.1368
1749254651,0.13360000,9391.30000000,0.1368
1749254651,0.13350000,55.50000000,0.1368
1749254651,0.13340000,14372.20000000,0.1368
1749254651,0.13330000,750.10000000,0.1368
1749254651,0.13320000,3590.70000000,0.1368
1749254651,0.13300000,354718.40000000,0.1368
1749254651,0.13290000,15390.60000000,0.1368
1749254651,0.13280000,4210.20000000,0.1368
1749254651,0.13260000,3590.70000000,0.1368
1749254651,0.13240000,3590.70000000,0.1368
1749254651,0.13230000,1134.80000000,0.1368
1749254651,0.13220000,41.20000000,0.1368
1749254651,0.13200000,165217.10000000,0.1368
1749254651,0.13190000,7536.50000000,0.1368
1749254651,0.13160000,237.90000000,0.1368
1749254651,0.13130000,1524.20000000,0.1368
1749254651,0.13120000,378777.10000000,0.1368
1749254651,0.13100000,9160.30000000,0.1368
1749254651,0.13060000,18445.10000000,0.1368
1749254651,0.13050000,383.10000000,0.1368
1749254651,0.13040000,90.00000000,0.1368
1749254651,0.13030000,2303.40000000,0.1368
1749254651,0.13020000,500298.30000000,0.1368
1749254651,0.13000000,1240.20000000,0.1368
1749254651,0.12960000,2160.70000000,0.1368
1749254651,0.12910000,1300.00000000,0.1368
1749254651,0.12820000,375.50000000,0.1368
1749254651,0.12810000,40.00000000,0.1368
1749254651,0.12800000,125.90000000,0.1368
1749254651,0.12770000,3968.70000000,0.1368
1749254651,0.12700000,472.40000000,0.1368
1749254651,0.12670000,150.00000000,0.1368
1749254651,0.12560000,129.30000000,0.1368
1749254651,0.12540000,431.80000000,0.1368
1749254651,0.12500000,25672.80000000,0.1368
1749254651,0.12450000,600.00000000,0.1368
1749254651,0.12400000,80.60000000,0.1368
1749254651,0.12370000,403.00000000,0.1368
1749254651,0.12340000,81.60000000,0.1368
1749254651,0.12200000,368.80000000,0.1368
1749254651,0.12150000,164.70000000,0.1368
1749254651,0.12130000,41.30000000,0.1368
1749254651,0.12070000,526.10000000,0.1368
1749254651,0.12050000,82.90000000,0.1368
1749254651,0.12000000,1204.50000000,0.1368
1749254651,0.11990000,475.20000000,0.1368
1749254651,0.11970000,449.40000000,0.1368
1749254651,0.11840000,591.20000000,0.1368
1749254651,0.11750000,17021.20000000,0.1368
1749254651,0.11650000,800.00000000,0.1368
1749254651,0.11600000,498.10000000,0.1368
1749254651,0.11500000,1957.60000000,0.1368
1749254651,0.11360000,1150.80000000,0.1368
1749254651,0.11260000,815.60000000,0.1368
1749254651,0.11180000,71.60000000,0.1368
1749254651,0.11170000,805.70000000,0.1368
1749254651,0.11150000,201.80000000,0.1368
1749254651,0.11120000,45.30000000,0.1368
1749254651,0.11100000,226.00000000,0.1368
1749254651,0.11050000,45.50000000,0.1368
1749254651,0.11000000,3364.00000000,0.1368
1749254651,0.10970000,98.60000000,0.1368
1749254651,0.10950000,913.20000000,0.1368
1749254651,0.10890000,918.20000000,0.1368
1749254651,0.10830000,266.90000000,0.1368
1749254651,0.10700000,46.80000000,0.1368
1749254651,0.10640000,965.90000000,0.1368
1749254651,0.10300000,1927.00000000,0.1368
1749254651,0.10240000,146.00000000,0.1368
1749254974,0.13680000,70436.30000000,0.1368
1749254974,0.13670000,54681.30000000,0.1368
1749254974,0.13660000,80165.10000000,0.1368
1749254974,0.13650000,57914.10000000,0.1368
1749254974,0.13640000,39663.50000000,0.1368
1749254974,0.13630000,18713.10000000,0.1368
1749254974,0.13620000,172316.80000000,0.1368
1749254974,0.13610000,19490.50000000,0.1368
1749254974,0.13600000,35587.90000000,0.1368
1749254974,0.13590000,19175.30000000,0.1368
1749254974,0.13580000,17586.00000000,0.1368
1749254974,0.13570000,10489.90000000,0.1368
1749254974,0.13560000,13330.20000000,0.1368
1749254974,0.13550000,201105.50000000,0.1368
1749254974,0.13540000,11956.20000000,0.1368
1749254974,0.13530000,23136.20000000,0.1368
1749254974,0.13520000,35062.90000000,0.1368
1749254974,0.13510000,207196.00000000,0.1368
1749254974,0.13500000,11956.30000000,0.1368
1749254974,0.13490000,88184.40000000,0.1368
1749254974,0.13480000,84307.80000000,0.1368
1749254974,0.13470000,8365.80000000,0.1368
1749254974,0.13460000,11956.50000000,0.1368
1749254974,0.13450000,84860.00000000,0.1368
1749254974,0.13440000,21956.60000000,0.1368
1749254974,0.13430000,327404.20000000,0.1368
1749254974,0.13420000,49397.50000000,0.1368
1749254974,0.13410000,21215.50000000,0.1368
1749254974,0.13400000,15416.80000000,0.1368
1749254974,0.13390000,5800.60000000,0.1368
1749254974,0.13380000,9571.00000000,0.1368
1749254974,0.13370000,16012.10000000,0.1368
1749254974,0.13360000,9391.30000000,0.1368
1749254974,0.13350000,55.50000000,0.1368
1749254974,0.13340000,3590.70000000,0.1368
1749254974,0.13330000,750.10000000,0.1368
1749254974,0.13320000,3590.70000000,0.1368
1749254974,0.13300000,354718.40000000,0.1368
1749254974,0.13290000,15390.60000000,0.1368
1749254974,0.13280000,4210.20000000,0.1368
1749254974,0.13260000,3590.70000000,0.1368
1749254974,0.13240000,3590.70000000,0.1368
1749254974,0.13230000,1134.80000000,0.1368
1749254974,0.13220000,41.20000000,0.1368
1749254974,0.13200000,165217.10000000,0.1368
1749254974,0.13190000,7536.50000000,0.1368
1749254974,0.13160000,237.90000000,0.1368
1749254974,0.13130000,1524.20000000,0.1368
1749254974,0.13120000,378777.10000000,0.1368
1749254974,0.13100000,9160.30000000,0.1368
1749254974,0.13060000,18445.10000000,0.1368
1749254974,0.13050000,383.10000000,0.1368
1749254974,0.13040000,90.00000000,0.1368
1749254974,0.13030000,2303.40000000,0.1368
1749254974,0.13020000,500298.30000000,0.1368
1749254974,0.13000000,1240.20000000,0.1368
1749254974,0.12960000,2160.70000000,0.1368
1749254974,0.12910000,1300.00000000,0.1368
1749254974,0.12820000,375.50000000,0.1368
1749254974,0.12810000,40.00000000,0.1368
1749254974,0.12800000,125.90000000,0.1368
1749254974,0.12770000,3968.70000000,0.1368
1749254974,0.12700000,472.40000000,0.1368
1749254974,0.12670000,150.00000000,0.1368
1749254974,0.12560000,129.30000000,0.1368
1749254974,0.12540000,431.80000000,0.1368
1749254974,0.12500000,25672.80000000,0.1368
1749254974,0.12450000,600.00000000,0.1368
1749254974,0.12400000,80.60000000,0.1368
1749254974,0.12370000,403.00000000,0.1368
1749254974,0.12340000,81.60000000,0.1368
1749254974,0.12200000,368.80000000,0.1368
1749254974,0.12150000,164.70000000,0.1368
1749254974,0.12130000,41.30000000,0.1368
1749254974,0.12070000,526.10000000,0.1368
1749254974,0.12050000,82.90000000,0.1368
1749254974,0.12000000,1204.50000000,0.1368
1749254974,0.11990000,475.40000000,0.1368
1749254974,0.11970000,449.40000000,0.1368
1749254974,0.11840000,591.20000000,0.1368
1749254974,0.11750000,17021.20000000,0.1368
1749254974,0.11650000,800.00000000,0.1368
1749254974,0.11600000,498.10000000,0.1368
1749254974,0.11500000,1957.60000000,0.1368
1749254974,0.11360000,1150.80000000,0.1368
1749254974,0.11260000,815.60000000,0.1368
1749254974,0.11200000,803.50000000,0.1368
1749254974,0.11180000,71.60000000,0.1368
1749254974,0.11150000,201.80000000,0.1368
1749254974,0.11120000,45.30000000,0.1368
1749254974,0.11100000,226.00000000,0.1368
1749254974,0.11050000,45.50000000,0.1368
1749254974,0.11000000,3364.00000000,0.1368
1749254974,0.10970000,98.60000000,0.1368
1749254974,0.10950000,913.20000000,0.1368
1749254974,0.10890000,918.20000000,0.1368
1749254974,0.10830000,266.90000000,0.1368
1749254974,0.10700000,46.80000000,0.1368
1749254974,0.10640000,965.90000000,0.1368
1749254974,0.10300000,1927.00000000,0.1368
