timestamp,price,volume,current_price
1749258242,2.34700000,173.30000000,2.348
1749258242,2.34600000,7142.00000000,2.348
1749258242,2.34500000,9415.70000000,2.348
1749258242,2.34400000,25592.80000000,2.348
1749258242,2.34300000,13982.70000000,2.348
1749258242,2.34200000,20944.50000000,2.348
1749258242,2.34100000,10734.50000000,2.348
1749258242,2.34000000,11280.40000000,2.348
1749258242,2.33900000,3418.20000000,2.348
1749258242,2.33800000,9627.80000000,2.348
1749258242,2.33700000,3037.20000000,2.348
1749258242,2.33600000,11128.10000000,2.348
1749258242,2.33500000,1838.00000000,2.348
1749258242,2.33400000,3370.60000000,2.348
1749258242,2.33300000,10458.20000000,2.348
1749258242,2.33200000,2166.30000000,2.348
1749258242,2.33100000,1413.30000000,2.348
1749258242,2.33000000,508.40000000,2.348
1749258242,2.32900000,7743.90000000,2.348
1749258242,2.32800000,11139.90000000,2.348
1749258242,2.32700000,19448.20000000,2.348
1749258242,2.32600000,1133.00000000,2.348
1749258242,2.32500000,1882.40000000,2.348
1749258242,2.32400000,1162.50000000,2.348
1749258242,2.32300000,1451.70000000,2.348
1749258242,2.32200000,505.70000000,2.348
1749258242,2.32100000,1803.30000000,2.348
1749258242,2.32000000,1212.40000000,2.348
1749258242,2.31900000,3167.10000000,2.348
1749258242,2.31800000,1945.40000000,2.348
1749258242,2.31700000,8337.00000000,2.348
1749258242,2.31600000,3209.00000000,2.348
1749258242,2.31500000,1508.60000000,2.348
1749258242,2.31400000,1649.70000000,2.348
1749258242,2.31300000,787.80000000,2.348
1749258242,2.31200000,684.30000000,2.348
1749258242,2.31100000,900.20000000,2.348
1749258242,2.31000000,1964.60000000,2.348
1749258242,2.30900000,727.90000000,2.348
1749258242,2.30800000,718.70000000,2.348
1749258242,2.30700000,705.80000000,2.348
1749258242,2.30600000,1538.50000000,2.348
1749258242,2.30500000,215.30000000,2.348
1749258242,2.30400000,164.80000000,2.348
1749258242,2.30300000,19.80000000,2.348
1749258242,2.30200000,31221.50000000,2.348
1749258242,2.30100000,29.10000000,2.348
1749258242,2.30000000,508.90000000,2.348
1749258242,2.29900000,1690.90000000,2.348
1749258242,2.29800000,343.60000000,2.348
1749258242,2.29700000,56.70000000,2.348
1749258242,2.29600000,220.70000000,2.348
1749258242,2.29500000,66.90000000,2.348
1749258242,2.29400000,141.90000000,2.348
1749258242,2.29300000,51.70000000,2.348
1749258242,2.29200000,34.80000000,2.348
1749258242,2.29100000,1017.70000000,2.348
1749258242,2.29000000,14220.40000000,2.348
1749258242,2.28900000,412.50000000,2.348
1749258242,2.28800000,7.10000000,2.348
1749258242,2.28700000,56.90000000,2.348
1749258242,2.28600000,15.40000000,2.348
1749258242,2.28500000,62.50000000,2.348
1749258242,2.28400000,29.40000000,2.348
1749258242,2.28300000,74.40000000,2.348
1749258242,2.28200000,295.20000000,2.348
1749258242,2.28100000,110.20000000,2.348
1749258242,2.28000000,13335.10000000,2.348
1749258242,2.27900000,297.20000000,2.348
1749258242,2.27800000,47.90000000,2.348
1749258242,2.27700000,52.40000000,2.348
1749258242,2.27600000,79.40000000,2.348
1749258242,2.27500000,68.90000000,2.348
1749258242,2.27400000,81.10000000,2.348
1749258242,2.27300000,331.30000000,2.348
1749258242,2.27200000,34.70000000,2.348
1749258242,2.27100000,7.60000000,2.348
1749258242,2.27000000,771.00000000,2.348
1749258242,2.26900000,879.90000000,2.348
1749258242,2.26800000,21.00000000,2.348
1749258242,2.26700000,17.10000000,2.348
1749258242,2.26600000,7.60000000,2.348
1749258242,2.26500000,31.60000000,2.348
1749258242,2.26400000,138.80000000,2.348
1749258242,2.26300000,3.80000000,2.348
1749258242,2.26200000,139.20000000,2.348
1749258242,2.26100000,226.60000000,2.348
1749258242,2.26000000,311.50000000,2.348
1749258242,2.25900000,45.80000000,2.348
1749258242,2.25800000,15.70000000,2.348
1749258242,2.25700000,46.50000000,2.348
1749258242,2.25600000,35.40000000,2.348
1749258242,2.25500000,122.20000000,2.348
1749258242,2.25400000,81.30000000,2.348
1749258242,2.25300000,29.40000000,2.348
1749258242,2.25200000,97.90000000,2.348
1749258242,2.25000000,2278.20000000,2.348
1749258242,2.24900000,70.40000000,2.348
1749258242,2.24800000,12.30000000,2.348
1749258242,2.24700000,36.80000000,2.348
1749258549,2.34800000,2707.30000000,2.349
1749258549,2.34700000,8711.50000000,2.349
1749258549,2.34600000,18154.70000000,2.349
1749258549,2.34500000,17951.20000000,2.349
1749258549,2.34400000,7389.20000000,2.349
1749258549,2.34300000,24213.20000000,2.349
1749258549,2.34200000,13827.10000000,2.349
1749258549,2.34100000,7907.10000000,2.349
1749258549,2.34000000,4551.90000000,2.349
1749258549,2.33900000,2047.70000000,2.349
1749258549,2.33800000,9947.50000000,2.349
1749258549,2.33700000,10750.80000000,2.349
1749258549,2.33600000,3724.40000000,2.349
1749258549,2.33500000,4858.70000000,2.349
1749258549,2.33400000,3360.30000000,2.349
1749258549,2.33300000,10848.90000000,2.349
1749258549,2.33200000,1727.20000000,2.349
1749258549,2.33100000,1697.30000000,2.349
1749258549,2.33000000,1172.80000000,2.349
1749258549,2.32900000,4988.40000000,2.349
1749258549,2.32800000,20100.20000000,2.349
1749258549,2.32700000,3848.20000000,2.349
1749258549,2.32600000,1133.00000000,2.349
1749258549,2.32500000,1842.70000000,2.349
1749258549,2.32400000,1162.50000000,2.349
1749258549,2.32300000,4171.40000000,2.349
1749258549,2.32200000,8268.40000000,2.349
1749258549,2.32100000,2556.00000000,2.349
1749258549,2.32000000,1663.10000000,2.349
1749258549,2.31900000,3167.10000000,2.349
1749258549,2.31800000,1121.60000000,2.349
1749258549,2.31700000,1176.90000000,2.349
1749258549,2.31600000,3165.90000000,2.349
1749258549,2.31500000,1508.60000000,2.349
1749258549,2.31400000,1594.40000000,2.349
1749258549,2.31300000,684.10000000,2.349
1749258549,2.31200000,684.30000000,2.349
1749258549,2.31100000,225.20000000,2.349
1749258549,2.31000000,1289.60000000,2.349
1749258549,2.30900000,52.90000000,2.349
1749258549,2.30800000,43.70000000,2.349
1749258549,2.30700000,30.80000000,2.349
1749258549,2.30600000,777.10000000,2.349
1749258549,2.30500000,172.00000000,2.349
1749258549,2.30400000,31321.50000000,2.349
1749258549,2.30300000,19.80000000,2.349
1749258549,2.30200000,24.90000000,2.349
1749258549,2.30100000,29.10000000,2.349
1749258549,2.30000000,736.80000000,2.349
1749258549,2.29900000,1690.90000000,2.349
1749258549,2.29800000,118.80000000,2.349
1749258549,2.29700000,56.70000000,2.349
1749258549,2.29600000,220.70000000,2.349
1749258549,2.29500000,66.90000000,2.349
1749258549,2.29400000,13974.10000000,2.349
1749258549,2.29300000,8.20000000,2.349
1749258549,2.29200000,34.80000000,2.349
1749258549,2.29100000,1017.70000000,2.349
1749258549,2.29000000,284.40000000,2.349
1749258549,2.28900000,412.50000000,2.349
1749258549,2.28800000,7.10000000,2.349
1749258549,2.28700000,56.90000000,2.349
1749258549,2.28600000,15.40000000,2.349
1749258549,2.28500000,62.50000000,2.349
1749258549,2.28400000,29.40000000,2.349
1749258549,2.28300000,30.70000000,2.349
1749258549,2.28200000,207.80000000,2.349
1749258549,2.28100000,110.20000000,2.349
1749258549,2.28000000,13335.10000000,2.349
1749258549,2.27900000,297.20000000,2.349
1749258549,2.27800000,51.50000000,2.349
1749258549,2.27700000,52.40000000,2.349
1749258549,2.27600000,79.40000000,2.349
1749258549,2.27500000,68.90000000,2.349
1749258549,2.27400000,81.10000000,2.349
1749258549,2.27300000,331.30000000,2.349
1749258549,2.27200000,30.40000000,2.349
1749258549,2.27100000,7.60000000,2.349
1749258549,2.27000000,771.00000000,2.349
1749258549,2.26900000,879.90000000,2.349
1749258549,2.26800000,21.00000000,2.349
1749258549,2.26700000,17.10000000,2.349
1749258549,2.26600000,7.60000000,2.349
1749258549,2.26500000,31.60000000,2.349
1749258549,2.26400000,138.80000000,2.349
1749258549,2.26300000,3.80000000,2.349
1749258549,2.26200000,139.20000000,2.349
1749258549,2.26100000,226.60000000,2.349
1749258549,2.26000000,311.50000000,2.349
1749258549,2.25900000,45.80000000,2.349
1749258549,2.25800000,15.70000000,2.349
1749258549,2.25700000,46.50000000,2.349
1749258549,2.25600000,35.40000000,2.349
1749258549,2.25500000,126.00000000,2.349
1749258549,2.25400000,81.30000000,2.349
1749258549,2.25300000,29.40000000,2.349
1749258549,2.25200000,97.90000000,2.349
1749258549,2.25000000,2278.20000000,2.349
1749258549,2.24900000,70.40000000,2.349
1749258549,2.24800000,12.30000000,2.349
1749258864,2.35300000,606.60000000,2.353
1749258864,2.35200000,8106.50000000,2.353
1749258864,2.35100000,12480.50000000,2.353
1749258864,2.35000000,11766.10000000,2.353
1749258864,2.34900000,19710.60000000,2.353
1749258864,2.34800000,20408.50000000,2.353
1749258864,2.34700000,12374.20000000,2.353
1749258864,2.34600000,5691.50000000,2.353
1749258864,2.34500000,4683.10000000,2.353
1749258864,2.34400000,2058.00000000,2.353
1749258864,2.34300000,7115.00000000,2.353
1749258864,2.34200000,13847.30000000,2.353
1749258864,2.34100000,10272.40000000,2.353
1749258864,2.34000000,4633.00000000,2.353
1749258864,2.33900000,2045.30000000,2.353
1749258864,2.33800000,7403.10000000,2.353
1749258864,2.33700000,11694.60000000,2.353
1749258864,2.33600000,3816.80000000,2.353
1749258864,2.33500000,2445.40000000,2.353
1749258864,2.33400000,3103.90000000,2.353
1749258864,2.33300000,1458.20000000,2.353
1749258864,2.33200000,5590.60000000,2.353
1749258864,2.33100000,17297.30000000,2.353
1749258864,2.33000000,1172.80000000,2.353
1749258864,2.32900000,1128.70000000,2.353
1749258864,2.32800000,4510.80000000,2.353
1749258864,2.32700000,3848.20000000,2.353
1749258864,2.32600000,1868.30000000,2.353
1749258864,2.32500000,3852.60000000,2.353
1749258864,2.32400000,1173.10000000,2.353
1749258864,2.32300000,4171.40000000,2.353
1749258864,2.32200000,8268.40000000,2.353
1749258864,2.32100000,2599.00000000,2.353
1749258864,2.32000000,1631.10000000,2.353
1749258864,2.31900000,459.80000000,2.353
1749258864,2.31800000,2393.70000000,2.353
1749258864,2.31700000,501.90000000,2.353
1749258864,2.31600000,506.90000000,2.353
1749258864,2.31500000,790.90000000,2.353
1749258864,2.31400000,180.30000000,2.353
1749258864,2.31300000,52.20000000,2.353
1749258864,2.31200000,9.30000000,2.353
1749258864,2.31100000,225.20000000,2.353
1749258864,2.31000000,1289.60000000,2.353
1749258864,2.30900000,52.90000000,2.353
1749258864,2.30800000,43.70000000,2.353
1749258864,2.30700000,32217.40000000,2.353
1749258864,2.30600000,999.70000000,2.353
1749258864,2.30500000,172.00000000,2.353
1749258864,2.30400000,121.50000000,2.353
1749258864,2.30300000,19.80000000,2.353
1749258864,2.30200000,24.90000000,2.353
1749258864,2.30100000,29.10000000,2.353
1749258864,2.30000000,508.90000000,2.353
1749258864,2.29900000,1690.90000000,2.353
1749258864,2.29800000,118.80000000,2.353
1749258864,2.29700000,56.70000000,2.353
1749258864,2.29600000,220.70000000,2.353
1749258864,2.29500000,66.90000000,2.353
1749258864,2.29400000,13974.10000000,2.353
1749258864,2.29300000,8.20000000,2.353
1749258864,2.29200000,34.80000000,2.353
1749258864,2.29100000,53.30000000,2.353
1749258864,2.29000000,284.40000000,2.353
1749258864,2.28900000,9.10000000,2.353
1749258864,2.28800000,7.10000000,2.353
1749258864,2.28700000,56.90000000,2.353
1749258864,2.28600000,15.40000000,2.353
1749258864,2.28500000,62.50000000,2.353
1749258864,2.28400000,29.40000000,2.353
1749258864,2.28300000,30.70000000,2.353
1749258864,2.28200000,770.00000000,2.353
1749258864,2.28100000,110.20000000,2.353
1749258864,2.28000000,13335.10000000,2.353
1749258864,2.27900000,297.20000000,2.353
1749258864,2.27800000,51.50000000,2.353
1749258864,2.27700000,48.10000000,2.353
1749258864,2.27600000,75.10000000,2.353
1749258864,2.27500000,64.60000000,2.353
1749258864,2.27400000,76.80000000,2.353
1749258864,2.27300000,327.00000000,2.353
1749258864,2.27200000,30.40000000,2.353
1749258864,2.27100000,7.60000000,2.353
1749258864,2.27000000,771.00000000,2.353
1749258864,2.26900000,879.90000000,2.353
1749258864,2.26800000,21.00000000,2.353
1749258864,2.26700000,17.10000000,2.353
1749258864,2.26600000,7.60000000,2.353
1749258864,2.26500000,31.60000000,2.353
1749258864,2.26400000,138.80000000,2.353
1749258864,2.26300000,3.80000000,2.353
1749258864,2.26200000,139.20000000,2.353
1749258864,2.26100000,226.60000000,2.353
1749258864,2.26000000,311.50000000,2.353
1749258864,2.25900000,45.80000000,2.353
1749258864,2.25800000,15.70000000,2.353
1749258864,2.25700000,46.50000000,2.353
1749258864,2.25600000,35.40000000,2.353
1749258864,2.25500000,126.00000000,2.353
1749258864,2.25400000,81.30000000,2.353
1749259166,2.34700000,289.70000000,2.347
1749259166,2.34600000,6279.10000000,2.347
1749259166,2.34500000,12155.50000000,2.347
1749259166,2.34400000,11572.20000000,2.347
1749259166,2.34300000,17832.60000000,2.347
1749259166,2.34200000,7893.30000000,2.347
1749259166,2.34100000,25127.60000000,2.347
1749259166,2.34000000,6673.00000000,2.347
1749259166,2.33900000,6539.00000000,2.347
1749259166,2.33800000,2792.80000000,2.347
1749259166,2.33700000,11444.20000000,2.347
1749259166,2.33600000,3151.90000000,2.347
1749259166,2.33500000,9974.20000000,2.347
1749259166,2.33400000,7302.60000000,2.347
1749259166,2.33300000,11569.10000000,2.347
1749259166,2.33200000,13565.60000000,2.347
1749259166,2.33100000,3477.20000000,2.347
1749259166,2.33000000,1127.60000000,2.347
1749259166,2.32900000,2006.50000000,2.347
1749259166,2.32800000,5775.40000000,2.347
1749259166,2.32700000,4986.00000000,2.347
1749259166,2.32600000,16775.50000000,2.347
1749259166,2.32500000,1787.40000000,2.347
1749259166,2.32400000,1909.00000000,2.347
1749259166,2.32300000,1451.70000000,2.347
1749259166,2.32200000,4551.20000000,2.347
1749259166,2.32100000,2232.30000000,2.347
1749259166,2.32000000,1686.50000000,2.347
1749259166,2.31900000,1134.80000000,2.347
1749259166,2.31800000,14953.00000000,2.347
1749259166,2.31700000,1176.90000000,2.347
1749259166,2.31600000,1174.30000000,2.347
1749259166,2.31500000,1473.70000000,2.347
1749259166,2.31400000,1673.70000000,2.347
1749259166,2.31300000,9.10000000,2.347
1749259166,2.31200000,19.90000000,2.347
1749259166,2.31100000,225.20000000,2.347
1749259166,2.31000000,1289.60000000,2.347
1749259166,2.30900000,10.10000000,2.347
1749259166,2.30800000,43.70000000,2.347
1749259166,2.30700000,1017.40000000,2.347
1749259166,2.30600000,777.10000000,2.347
1749259166,2.30500000,148.20000000,2.347
1749259166,2.30400000,81.00000000,2.347
1749259166,2.30300000,19.80000000,2.347
1749259166,2.30200000,31224.90000000,2.347
1749259166,2.30100000,29.10000000,2.347
1749259166,2.30000000,508.90000000,2.347
1749259166,2.29900000,1946.50000000,2.347
1749259166,2.29800000,118.80000000,2.347
1749259166,2.29700000,67.50000000,2.347
1749259166,2.29600000,233.70000000,2.347
1749259166,2.29500000,23.80000000,2.347
1749259166,2.29400000,54.50000000,2.347
1749259166,2.29300000,8.20000000,2.347
1749259166,2.29200000,34.80000000,2.347
1749259166,2.29100000,53.30000000,2.347
1749259166,2.29000000,14282.80000000,2.347
1749259166,2.28900000,9.10000000,2.347
1749259166,2.28800000,7.10000000,2.347
1749259166,2.28700000,56.90000000,2.347
1749259166,2.28600000,15.40000000,2.347
1749259166,2.28500000,105.80000000,2.347
1749259166,2.28400000,29.40000000,2.347
1749259166,2.28300000,30.70000000,2.347
1749259166,2.28200000,770.00000000,2.347
1749259166,2.28100000,110.20000000,2.347
1749259166,2.28000000,13335.10000000,2.347
1749259166,2.27900000,297.20000000,2.347
1749259166,2.27800000,51.50000000,2.347
1749259166,2.27700000,52.40000000,2.347
1749259166,2.27600000,79.40000000,2.347
1749259166,2.27500000,68.90000000,2.347
1749259166,2.27400000,81.10000000,2.347
1749259166,2.27300000,331.30000000,2.347
1749259166,2.27200000,34.70000000,2.347
1749259166,2.27100000,4.70000000,2.347
1749259166,2.27000000,771.00000000,2.347
1749259166,2.26900000,879.90000000,2.347
1749259166,2.26800000,21.00000000,2.347
1749259166,2.26700000,17.10000000,2.347
1749259166,2.26600000,11.10000000,2.347
1749259166,2.26500000,31.60000000,2.347
1749259166,2.26400000,138.80000000,2.347
1749259166,2.26300000,3.80000000,2.347
1749259166,2.26200000,139.20000000,2.347
1749259166,2.26100000,226.60000000,2.347
1749259166,2.26000000,311.50000000,2.347
1749259166,2.25900000,45.80000000,2.347
1749259166,2.25800000,15.70000000,2.347
1749259166,2.25700000,46.50000000,2.347
1749259166,2.25600000,35.40000000,2.347
1749259166,2.25500000,126.00000000,2.347
1749259166,2.25400000,81.30000000,2.347
1749259166,2.25300000,29.40000000,2.347
1749259166,2.25200000,97.90000000,2.347
1749259166,2.25000000,3958.60000000,2.347
1749259166,2.24900000,70.40000000,2.347
1749259166,2.24800000,12.30000000,2.347
1749259166,2.24700000,36.80000000,2.347
