timestamp,price,volume,current_price
1749260665,2.33800000,2819.60000000,2.338
1749260665,2.33700000,8562.30000000,2.338
1749260665,2.33600000,9198.70000000,2.338
1749260665,2.33500000,18889.60000000,2.338
1749260665,2.33400000,20483.00000000,2.338
1749260665,2.33300000,9916.70000000,2.338
1749260665,2.33200000,26149.80000000,2.338
1749260665,2.33100000,4139.90000000,2.338
1749260665,2.33000000,6566.70000000,2.338
1749260665,2.32900000,6160.80000000,2.338
1749260665,2.32800000,11118.80000000,2.338
1749260665,2.32700000,4293.10000000,2.338
1749260665,2.32600000,12322.80000000,2.338
1749260665,2.32500000,3522.50000000,2.338
1749260665,2.32400000,2489.20000000,2.338
1749260665,2.32300000,14354.20000000,2.338
1749260665,2.32200000,3471.00000000,2.338
1749260665,2.32100000,3111.90000000,2.338
1749260665,2.32000000,1620.50000000,2.338
1749260665,2.31900000,1649.80000000,2.338
1749260665,2.31800000,16721.60000000,2.338
1749260665,2.31700000,5261.40000000,2.338
1749260665,2.31600000,1667.40000000,2.338
1749260665,2.31500000,1112.70000000,2.338
1749260665,2.31400000,914.20000000,2.338
1749260665,2.31300000,1213.10000000,2.338
1749260665,2.31200000,687.60000000,2.338
1749260665,2.31100000,900.20000000,2.338
1749260665,2.31000000,4205.00000000,2.338
1749260665,2.30900000,685.10000000,2.338
1749260665,2.30800000,1459.70000000,2.338
1749260665,2.30700000,4188.50000000,2.338
1749260665,2.30600000,8234.00000000,2.338
1749260665,2.30500000,1102.40000000,2.338
1749260665,2.30400000,363.30000000,2.338
1749260665,2.30300000,1972.50000000,2.338
1749260665,2.30200000,34.90000000,2.338
1749260665,2.30100000,761.80000000,2.338
1749260665,2.30000000,1572.70000000,2.338
1749260665,2.29900000,234.30000000,2.338
1749260665,2.29800000,2868.10000000,2.338
1749260665,2.29700000,2497.00000000,2.338
1749260665,2.29600000,233.90000000,2.338
1749260665,2.29500000,800.20000000,2.338
1749260665,2.29400000,54.50000000,2.338
1749260665,2.29300000,31208.20000000,2.338
1749260665,2.29200000,1011.80000000,2.338
1749260665,2.29100000,10.10000000,2.338
1749260665,2.29000000,284.40000000,2.338
1749260665,2.28900000,261.80000000,2.338
1749260665,2.28800000,7.10000000,2.338
1749260665,2.28700000,56.90000000,2.338
1749260665,2.28600000,28.50000000,2.338
1749260665,2.28500000,62.50000000,2.338
1749260665,2.28400000,29.40000000,2.338
1749260665,2.28300000,30.70000000,2.338
1749260665,2.28200000,770.00000000,2.338
1749260665,2.28100000,197.30000000,2.338
1749260665,2.28000000,13335.10000000,2.338
1749260665,2.27900000,297.20000000,2.338
1749260665,2.27800000,14079.80000000,2.338
1749260665,2.27700000,9.00000000,2.338
1749260665,2.27600000,79.40000000,2.338
1749260665,2.27500000,68.90000000,2.338
1749260665,2.27400000,81.10000000,2.338
1749260665,2.27300000,331.30000000,2.338
1749260665,2.27200000,34.70000000,2.338
1749260665,2.27100000,9.00000000,2.338
1749260665,2.27000000,775.30000000,2.338
1749260665,2.26900000,884.20000000,2.338
1749260665,2.26800000,25.30000000,2.338
1749260665,2.26700000,21.40000000,2.338
1749260665,2.26600000,15.40000000,2.338
1749260665,2.26500000,79.60000000,2.338
1749260665,2.26400000,143.10000000,2.338
1749260665,2.26300000,8.10000000,2.338
1749260665,2.26200000,7.20000000,2.338
1749260665,2.26100000,226.60000000,2.338
1749260665,2.26000000,311.50000000,2.338
1749260665,2.25900000,45.80000000,2.338
1749260665,2.25800000,15.70000000,2.338
1749260665,2.25700000,46.50000000,2.338
1749260665,2.25600000,35.40000000,2.338
1749260665,2.25500000,126.00000000,2.338
1749260665,2.25400000,81.30000000,2.338
1749260665,2.25300000,29.40000000,2.338
1749260665,2.25200000,97.90000000,2.338
1749260665,2.25000000,2278.20000000,2.338
1749260665,2.24900000,70.40000000,2.338
1749260665,2.24800000,12.30000000,2.338
1749260665,2.24700000,36.80000000,2.338
1749260665,2.24600000,23.80000000,2.338
1749260665,2.24500000,10208.00000000,2.338
1749260665,2.24400000,217.40000000,2.338
1749260665,2.24300000,451.30000000,2.338
1749260665,2.24200000,424.60000000,2.338
1749260665,2.24100000,94.60000000,2.338
1749260665,2.24000000,3004.50000000,2.338
1749260665,2.23900000,149.50000000,2.338
1749260665,2.23800000,1168.70000000,2.338
1749260967,2.34300000,4619.30000000,2.343
1749260967,2.34200000,7178.40000000,2.343
1749260967,2.34100000,11335.70000000,2.343
1749260967,2.34000000,14351.10000000,2.343
1749260967,2.33900000,20557.00000000,2.343
1749260967,2.33800000,11457.90000000,2.343
1749260967,2.33700000,24419.10000000,2.343
1749260967,2.33600000,7368.20000000,2.343
1749260967,2.33500000,6344.80000000,2.343
1749260967,2.33400000,12245.00000000,2.343
1749260967,2.33300000,6079.30000000,2.343
1749260967,2.33200000,2134.30000000,2.343
1749260967,2.33100000,13936.90000000,2.343
1749260967,2.33000000,2454.40000000,2.343
1749260967,2.32900000,11584.60000000,2.343
1749260967,2.32800000,5417.90000000,2.343
1749260967,2.32700000,1533.20000000,2.343
1749260967,2.32600000,1513.40000000,2.343
1749260967,2.32500000,2087.00000000,2.343
1749260967,2.32400000,1162.50000000,2.343
1749260967,2.32300000,1451.70000000,2.343
1749260967,2.32200000,17349.10000000,2.343
1749260967,2.32100000,8366.20000000,2.343
1749260967,2.32000000,1620.50000000,2.343
1749260967,2.31900000,1622.50000000,2.343
1749260967,2.31800000,1121.60000000,2.343
1749260967,2.31700000,1176.90000000,2.343
1749260967,2.31600000,8270.20000000,2.343
1749260967,2.31500000,1421.10000000,2.343
1749260967,2.31400000,3644.60000000,2.343
1749260967,2.31300000,12.40000000,2.343
1749260967,2.31200000,730.40000000,2.343
1749260967,2.31100000,900.20000000,2.343
1749260967,2.31000000,2716.30000000,2.343
1749260967,2.30900000,10.10000000,2.343
1749260967,2.30800000,43.70000000,2.343
1749260967,2.30700000,1988.90000000,2.343
1749260967,2.30600000,3177.70000000,2.343
1749260967,2.30500000,964.20000000,2.343
1749260967,2.30400000,81.00000000,2.343
1749260967,2.30300000,19.80000000,2.343
1749260967,2.30200000,139.10000000,2.343
1749260967,2.30100000,9.10000000,2.343
1749260967,2.30000000,1570.30000000,2.343
1749260967,2.29900000,2939.00000000,2.343
1749260967,2.29800000,161.80000000,2.343
1749260967,2.29700000,31257.80000000,2.343
1749260967,2.29600000,1213.50000000,2.343
1749260967,2.29500000,23.80000000,2.343
1749260967,2.29400000,54.50000000,2.343
1749260967,2.29300000,8.20000000,2.343
1749260967,2.29200000,255.80000000,2.343
1749260967,2.29100000,10.10000000,2.343
1749260967,2.29000000,284.40000000,2.343
1749260967,2.28900000,9.10000000,2.343
1749260967,2.28800000,7.10000000,2.343
1749260967,2.28700000,56.90000000,2.343
1749260967,2.28600000,15.40000000,2.343
1749260967,2.28500000,62.50000000,2.343
1749260967,2.28400000,13998.10000000,2.343
1749260967,2.28300000,30.70000000,2.343
1749260967,2.28200000,770.00000000,2.343
1749260967,2.28100000,197.30000000,2.343
1749260967,2.28000000,13335.10000000,2.343
1749260967,2.27900000,297.20000000,2.343
1749260967,2.27800000,94.90000000,2.343
1749260967,2.27700000,9.00000000,2.343
1749260967,2.27600000,79.40000000,2.343
1749260967,2.27500000,68.90000000,2.343
1749260967,2.27400000,81.10000000,2.343
1749260967,2.27300000,331.30000000,2.343
1749260967,2.27200000,34.70000000,2.343
1749260967,2.27100000,9.00000000,2.343
1749260967,2.27000000,775.30000000,2.343
1749260967,2.26900000,884.20000000,2.343
1749260967,2.26800000,25.30000000,2.343
1749260967,2.26700000,17.10000000,2.343
1749260967,2.26600000,11.10000000,2.343
1749260967,2.26500000,31.60000000,2.343
1749260967,2.26400000,138.80000000,2.343
1749260967,2.26300000,3.80000000,2.343
1749260967,2.26200000,139.20000000,2.343
1749260967,2.26100000,226.60000000,2.343
1749260967,2.26000000,311.50000000,2.343
1749260967,2.25900000,45.80000000,2.343
1749260967,2.25800000,15.70000000,2.343
1749260967,2.25700000,46.50000000,2.343
1749260967,2.25600000,35.40000000,2.343
1749260967,2.25500000,126.00000000,2.343
1749260967,2.25400000,81.30000000,2.343
1749260967,2.25300000,29.40000000,2.343
1749260967,2.25200000,97.90000000,2.343
1749260967,2.25000000,2278.20000000,2.343
1749260967,2.24900000,70.40000000,2.343
1749260967,2.24800000,12.30000000,2.343
1749260967,2.24700000,36.80000000,2.343
1749260967,2.24600000,23.80000000,2.343
1749260967,2.24500000,10208.00000000,2.343
1749260967,2.24400000,217.40000000,2.343
1749260967,2.24300000,451.30000000,2.343
1749261269,2.33900000,838.00000000,2.339
1749261269,2.33800000,6779.90000000,2.339
1749261269,2.33700000,13180.90000000,2.339
1749261269,2.33600000,19899.80000000,2.339
1749261269,2.33500000,13338.80000000,2.339
1749261269,2.33400000,23351.10000000,2.339
1749261269,2.33300000,14503.10000000,2.339
1749261269,2.33200000,7275.70000000,2.339
1749261269,2.33100000,3817.30000000,2.339
1749261269,2.33000000,9620.30000000,2.339
1749261269,2.32900000,3014.00000000,2.339
1749261269,2.32800000,13260.50000000,2.339
1749261269,2.32700000,4567.90000000,2.339
1749261269,2.32600000,2042.10000000,2.339
1749261269,2.32500000,10656.90000000,2.339
1749261269,2.32400000,1961.70000000,2.339
1749261269,2.32300000,1451.70000000,2.339
1749261269,2.32200000,2136.90000000,2.339
1749261269,2.32100000,6073.10000000,2.339
1749261269,2.32000000,10620.50000000,2.339
1749261269,2.31900000,1622.50000000,2.339
1749261269,2.31800000,16764.60000000,2.339
1749261269,2.31700000,1408.40000000,2.339
1749261269,2.31600000,4618.80000000,2.339
1749261269,2.31500000,682.70000000,2.339
1749261269,2.31400000,2895.00000000,2.339
1749261269,2.31300000,12.40000000,2.339
1749261269,2.31200000,687.60000000,2.339
1749261269,2.31100000,8009.00000000,2.339
1749261269,2.31000000,2759.50000000,2.339
1749261269,2.30900000,921.00000000,2.339
1749261269,2.30800000,1701.10000000,2.339
1749261269,2.30700000,3372.20000000,2.339
1749261269,2.30600000,3852.70000000,2.339
1749261269,2.30500000,974.20000000,2.339
1749261269,2.30400000,81.00000000,2.339
1749261269,2.30300000,19.80000000,2.339
1749261269,2.30200000,139.10000000,2.339
1749261269,2.30100000,9.10000000,2.339
1749261269,2.30000000,1616.10000000,2.339
1749261269,2.29900000,2939.00000000,2.339
1749261269,2.29800000,118.80000000,2.339
1749261269,2.29700000,31257.80000000,2.339
1749261269,2.29600000,1213.50000000,2.339
1749261269,2.29500000,23.80000000,2.339
1749261269,2.29400000,54.50000000,2.339
1749261269,2.29300000,8.20000000,2.339
1749261269,2.29200000,34.80000000,2.339
1749261269,2.29100000,10.10000000,2.339
1749261269,2.29000000,284.40000000,2.339
1749261269,2.28900000,236.90000000,2.339
1749261269,2.28800000,7.10000000,2.339
1749261269,2.28700000,56.90000000,2.339
1749261269,2.28600000,15.40000000,2.339
1749261269,2.28500000,62.50000000,2.339
1749261269,2.28400000,13998.10000000,2.339
1749261269,2.28300000,30.70000000,2.339
1749261269,2.28200000,770.00000000,2.339
1749261269,2.28100000,124.70000000,2.339
1749261269,2.28000000,13335.10000000,2.339
1749261269,2.27900000,297.20000000,2.339
1749261269,2.27800000,94.90000000,2.339
1749261269,2.27700000,9.00000000,2.339
1749261269,2.27600000,79.40000000,2.339
1749261269,2.27500000,68.90000000,2.339
1749261269,2.27400000,81.10000000,2.339
1749261269,2.27300000,331.30000000,2.339
1749261269,2.27200000,34.70000000,2.339
1749261269,2.27100000,9.00000000,2.339
1749261269,2.27000000,775.30000000,2.339
1749261269,2.26900000,884.20000000,2.339
1749261269,2.26800000,25.30000000,2.339
1749261269,2.26700000,21.40000000,2.339
1749261269,2.26600000,15.40000000,2.339
1749261269,2.26500000,35.90000000,2.339
1749261269,2.26400000,143.10000000,2.339
1749261269,2.26300000,3.80000000,2.339
1749261269,2.26200000,139.20000000,2.339
1749261269,2.26100000,226.60000000,2.339
1749261269,2.26000000,311.50000000,2.339
1749261269,2.25900000,45.80000000,2.339
1749261269,2.25800000,15.70000000,2.339
1749261269,2.25700000,46.50000000,2.339
1749261269,2.25600000,35.40000000,2.339
1749261269,2.25500000,126.00000000,2.339
1749261269,2.25400000,81.30000000,2.339
1749261269,2.25300000,29.40000000,2.339
1749261269,2.25200000,97.90000000,2.339
1749261269,2.25000000,2278.20000000,2.339
1749261269,2.24900000,70.40000000,2.339
1749261269,2.24800000,12.30000000,2.339
1749261269,2.24700000,36.80000000,2.339
1749261269,2.24600000,23.80000000,2.339
1749261269,2.24500000,10208.00000000,2.339
1749261269,2.24400000,217.40000000,2.339
1749261269,2.24300000,451.30000000,2.339
1749261269,2.24200000,424.60000000,2.339
1749261269,2.24100000,94.60000000,2.339
1749261269,2.24000000,3004.50000000,2.339
1749261269,2.23900000,17.50000000,2.339
1749261570,2.33900000,5365.70000000,2.34
1749261570,2.33800000,7731.40000000,2.34
1749261570,2.33700000,11924.20000000,2.34
1749261570,2.33600000,13943.50000000,2.34
1749261570,2.33500000,22460.40000000,2.34
1749261570,2.33400000,26717.50000000,2.34
1749261570,2.33300000,16947.20000000,2.34
1749261570,2.33200000,4207.80000000,2.34
1749261570,2.33100000,3807.20000000,2.34
1749261570,2.33000000,4564.90000000,2.34
1749261570,2.32900000,7084.60000000,2.34
1749261570,2.32800000,13263.80000000,2.34
1749261570,2.32700000,6909.40000000,2.34
1749261570,2.32600000,2042.00000000,2.34
1749261570,2.32500000,1805.40000000,2.34
1749261570,2.32400000,11882.20000000,2.34
1749261570,2.32300000,2760.00000000,2.34
1749261570,2.32200000,1663.60000000,2.34
1749261570,2.32100000,6073.10000000,2.34
1749261570,2.32000000,2063.30000000,2.34
1749261570,2.31900000,17222.50000000,2.34
1749261570,2.31800000,1121.60000000,2.34
1749261570,2.31700000,2315.30000000,2.34
1749261570,2.31600000,4618.80000000,2.34
1749261570,2.31500000,926.20000000,2.34
1749261570,2.31400000,3168.10000000,2.34
1749261570,2.31300000,12.40000000,2.34
1749261570,2.31200000,687.60000000,2.34
1749261570,2.31100000,8237.00000000,2.34
1749261570,2.31000000,3280.70000000,2.34
1749261570,2.30900000,921.00000000,2.34
1749261570,2.30800000,1988.00000000,2.34
1749261570,2.30700000,3372.20000000,2.34
1749261570,2.30600000,1113.00000000,2.34
1749261570,2.30500000,964.20000000,2.34
1749261570,2.30400000,167.60000000,2.34
1749261570,2.30300000,2763.10000000,2.34
1749261570,2.30200000,39.90000000,2.34
1749261570,2.30100000,9.10000000,2.34
1749261570,2.30000000,1718.00000000,2.34
1749261570,2.29900000,2939.00000000,2.34
1749261570,2.29800000,118.80000000,2.34
1749261570,2.29700000,57.80000000,2.34
1749261570,2.29600000,32413.50000000,2.34
1749261570,2.29500000,23.80000000,2.34
1749261570,2.29400000,54.50000000,2.34
1749261570,2.29300000,51.70000000,2.34
1749261570,2.29200000,34.80000000,2.34
1749261570,2.29100000,10.10000000,2.34
1749261570,2.29000000,284.40000000,2.34
1749261570,2.28900000,9.10000000,2.34
1749261570,2.28800000,219.70000000,2.34
1749261570,2.28700000,56.90000000,2.34
1749261570,2.28600000,15.40000000,2.34
1749261570,2.28500000,62.50000000,2.34
1749261570,2.28400000,29.40000000,2.34
1749261570,2.28300000,14065.00000000,2.34
1749261570,2.28200000,770.00000000,2.34
1749261570,2.28100000,124.70000000,2.34
1749261570,2.28000000,13378.80000000,2.34
1749261570,2.27900000,297.20000000,2.34
1749261570,2.27800000,94.90000000,2.34
1749261570,2.27700000,9.00000000,2.34
1749261570,2.27600000,79.40000000,2.34
1749261570,2.27500000,68.90000000,2.34
1749261570,2.27400000,81.10000000,2.34
1749261570,2.27300000,331.30000000,2.34
1749261570,2.27200000,34.70000000,2.34
1749261570,2.27100000,9.00000000,2.34
1749261570,2.27000000,775.30000000,2.34
1749261570,2.26900000,884.20000000,2.34
1749261570,2.26800000,25.30000000,2.34
1749261570,2.26700000,21.40000000,2.34
1749261570,2.26600000,15.40000000,2.34
1749261570,2.26500000,35.90000000,2.34
1749261570,2.26400000,143.10000000,2.34
1749261570,2.26300000,3.80000000,2.34
1749261570,2.26200000,139.20000000,2.34
1749261570,2.26100000,226.60000000,2.34
1749261570,2.26000000,311.50000000,2.34
1749261570,2.25900000,45.80000000,2.34
1749261570,2.25800000,15.70000000,2.34
1749261570,2.25700000,46.50000000,2.34
1749261570,2.25600000,35.40000000,2.34
1749261570,2.25500000,126.00000000,2.34
1749261570,2.25400000,81.30000000,2.34
1749261570,2.25300000,29.40000000,2.34
1749261570,2.25200000,97.90000000,2.34
1749261570,2.25000000,2278.20000000,2.34
1749261570,2.24900000,70.40000000,2.34
1749261570,2.24800000,12.30000000,2.34
1749261570,2.24700000,36.80000000,2.34
1749261570,2.24600000,23.80000000,2.34
1749261570,2.24500000,10208.00000000,2.34
1749261570,2.24400000,217.40000000,2.34
1749261570,2.24300000,451.30000000,2.34
1749261570,2.24200000,424.60000000,2.34
1749261570,2.24100000,94.60000000,2.34
1749261570,2.24000000,3004.50000000,2.34
1749261570,2.23900000,17.50000000,2.34
1749261876,2.33800000,446.40000000,2.338
1749261876,2.33700000,7348.80000000,2.338
1749261876,2.33600000,11993.50000000,2.338
1749261876,2.33500000,12318.50000000,2.338
1749261876,2.33400000,23387.50000000,2.338
1749261876,2.33300000,20127.40000000,2.338
1749261876,2.33200000,7148.40000000,2.338
1749261876,2.33100000,15411.10000000,2.338
1749261876,2.33000000,6589.30000000,2.338
1749261876,2.32900000,9331.80000000,2.338
1749261876,2.32800000,5673.20000000,2.338
1749261876,2.32700000,15742.00000000,2.338
1749261876,2.32600000,2223.70000000,2.338
1749261876,2.32500000,11686.50000000,2.338
1749261876,2.32400000,2487.90000000,2.338
1749261876,2.32300000,11764.50000000,2.338
1749261876,2.32200000,2197.40000000,2.338
1749261876,2.32100000,6051.70000000,2.338
1749261876,2.32000000,2063.30000000,2.338
1749261876,2.31900000,2053.70000000,2.338
1749261876,2.31800000,16721.60000000,2.338
1749261876,2.31700000,2040.80000000,2.338
1749261876,2.31600000,1650.70000000,2.338
1749261876,2.31500000,1356.20000000,2.338
1749261876,2.31400000,2882.10000000,2.338
1749261876,2.31300000,523.70000000,2.338
1749261876,2.31200000,730.70000000,2.338
1749261876,2.31100000,3921.70000000,2.338
1749261876,2.31000000,10605.40000000,2.338
1749261876,2.30900000,921.00000000,2.338
1749261876,2.30800000,2262.20000000,2.338
1749261876,2.30700000,3372.20000000,2.338
1749261876,2.30600000,1340.20000000,2.338
1749261876,2.30500000,1094.70000000,2.338
1749261876,2.30400000,799.30000000,2.338
1749261876,2.30300000,19.80000000,2.338
1749261876,2.30200000,39.90000000,2.338
1749261876,2.30100000,9.10000000,2.338
1749261876,2.30000000,1613.70000000,2.338
1749261876,2.29900000,190.90000000,2.338
1749261876,2.29800000,2868.10000000,2.338
1749261876,2.29700000,55.80000000,2.338
1749261876,2.29600000,32415.90000000,2.338
1749261876,2.29500000,67.20000000,2.338
1749261876,2.29400000,54.50000000,2.338
1749261876,2.29300000,2763.50000000,2.338
1749261876,2.29200000,34.80000000,2.338
1749261876,2.29100000,10.10000000,2.338
1749261876,2.29000000,505.90000000,2.338
1749261876,2.28900000,9.10000000,2.338
1749261876,2.28800000,7.10000000,2.338
1749261876,2.28700000,56.90000000,2.338
1749261876,2.28600000,15.40000000,2.338
1749261876,2.28500000,62.50000000,2.338
1749261876,2.28400000,29.40000000,2.338
1749261876,2.28300000,30.70000000,2.338
1749261876,2.28200000,770.00000000,2.338
1749261876,2.28100000,124.70000000,2.338
1749261876,2.28000000,13378.80000000,2.338
1749261876,2.27900000,297.20000000,2.338
1749261876,2.27800000,14070.90000000,2.338
1749261876,2.27700000,9.00000000,2.338
1749261876,2.27600000,79.40000000,2.338
1749261876,2.27500000,68.90000000,2.338
1749261876,2.27400000,81.10000000,2.338
1749261876,2.27300000,331.30000000,2.338
1749261876,2.27200000,34.70000000,2.338
1749261876,2.27100000,9.00000000,2.338
1749261876,2.27000000,775.30000000,2.338
1749261876,2.26900000,884.20000000,2.338
1749261876,2.26800000,25.30000000,2.338
1749261876,2.26700000,21.40000000,2.338
1749261876,2.26600000,59.00000000,2.338
1749261876,2.26500000,35.90000000,2.338
1749261876,2.26400000,143.10000000,2.338
1749261876,2.26300000,8.10000000,2.338
1749261876,2.26200000,139.20000000,2.338
1749261876,2.26100000,226.60000000,2.338
1749261876,2.26000000,311.50000000,2.338
1749261876,2.25900000,45.80000000,2.338
1749261876,2.25800000,15.70000000,2.338
1749261876,2.25700000,46.50000000,2.338
1749261876,2.25600000,35.40000000,2.338
1749261876,2.25500000,126.00000000,2.338
1749261876,2.25400000,81.30000000,2.338
1749261876,2.25300000,29.40000000,2.338
1749261876,2.25200000,97.90000000,2.338
1749261876,2.25000000,2357.30000000,2.338
1749261876,2.24900000,70.40000000,2.338
1749261876,2.24800000,12.30000000,2.338
1749261876,2.24700000,36.80000000,2.338
1749261876,2.24600000,23.80000000,2.338
1749261876,2.24500000,10208.00000000,2.338
1749261876,2.24400000,217.40000000,2.338
1749261876,2.24300000,451.30000000,2.338
1749261876,2.24200000,424.60000000,2.338
1749261876,2.24100000,94.60000000,2.338
1749261876,2.24000000,3004.50000000,2.338
1749261876,2.23900000,17.50000000,2.338
1749261876,2.23800000,1168.70000000,2.338
1749262178,2.33800000,664.20000000,2.338
1749262178,2.33700000,5957.60000000,2.338
1749262178,2.33600000,10172.70000000,2.338
1749262178,2.33500000,21730.30000000,2.338
1749262178,2.33400000,21994.60000000,2.338
1749262178,2.33300000,13779.90000000,2.338
1749262178,2.33200000,22296.80000000,2.338
1749262178,2.33100000,12169.00000000,2.338
1749262178,2.33000000,5895.10000000,2.338
1749262178,2.32900000,5593.00000000,2.338
1749262178,2.32800000,6636.30000000,2.338
1749262178,2.32700000,12116.30000000,2.338
1749262178,2.32600000,13156.70000000,2.338
1749262178,2.32500000,2778.00000000,2.338
1749262178,2.32400000,2086.30000000,2.338
1749262178,2.32300000,5839.00000000,2.338
1749262178,2.32200000,11240.10000000,2.338
1749262178,2.32100000,6454.60000000,2.338
1749262178,2.32000000,2063.30000000,2.338
1749262178,2.31900000,2053.70000000,2.338
1749262178,2.31800000,1121.60000000,2.338
1749262178,2.31700000,1469.10000000,2.338
1749262178,2.31600000,17250.70000000,2.338
1749262178,2.31500000,1155.80000000,2.338
1749262178,2.31400000,2882.10000000,2.338
1749262178,2.31300000,1155.60000000,2.338
1749262178,2.31200000,687.60000000,2.338
1749262178,2.31100000,3921.70000000,2.338
1749262178,2.31000000,4746.70000000,2.338
1749262178,2.30900000,929.20000000,2.338
1749262178,2.30800000,1236.60000000,2.338
1749262178,2.30700000,3372.20000000,2.338
1749262178,2.30600000,1340.20000000,2.338
1749262178,2.30500000,1094.70000000,2.338
1749262178,2.30400000,7880.00000000,2.338
1749262178,2.30300000,256.30000000,2.338
1749262178,2.30200000,279.10000000,2.338
1749262178,2.30100000,741.60000000,2.338
1749262178,2.30000000,1616.30000000,2.338
1749262178,2.29900000,190.90000000,2.338
1749262178,2.29800000,118.80000000,2.338
1749262178,2.29700000,55.80000000,2.338
1749262178,2.29600000,1192.10000000,2.338
1749262178,2.29500000,23.80000000,2.338
1749262178,2.29400000,98.00000000,2.338
1749262178,2.29300000,36718.80000000,2.338
1749262178,2.29200000,34.80000000,2.338
1749262178,2.29100000,10.10000000,2.338
1749262178,2.29000000,505.90000000,2.338
1749262178,2.28900000,20.00000000,2.338
1749262178,2.28800000,7.10000000,2.338
1749262178,2.28700000,56.90000000,2.338
1749262178,2.28600000,28.50000000,2.338
1749262178,2.28500000,62.50000000,2.338
1749262178,2.28400000,29.40000000,2.338
1749262178,2.28300000,30.70000000,2.338
1749262178,2.28200000,770.00000000,2.338
1749262178,2.28100000,124.70000000,2.338
1749262178,2.28000000,13378.80000000,2.338
1749262178,2.27900000,297.20000000,2.338
1749262178,2.27800000,14070.90000000,2.338
1749262178,2.27700000,9.00000000,2.338
1749262178,2.27600000,79.40000000,2.338
1749262178,2.27500000,68.90000000,2.338
1749262178,2.27400000,81.10000000,2.338
1749262178,2.27300000,331.30000000,2.338
1749262178,2.27200000,34.70000000,2.338
1749262178,2.27100000,9.00000000,2.338
1749262178,2.27000000,775.30000000,2.338
1749262178,2.26900000,884.20000000,2.338
1749262178,2.26800000,25.30000000,2.338
1749262178,2.26700000,21.40000000,2.338
1749262178,2.26600000,59.00000000,2.338
1749262178,2.26500000,35.90000000,2.338
1749262178,2.26400000,143.10000000,2.338
1749262178,2.26300000,8.10000000,2.338
1749262178,2.26200000,139.20000000,2.338
1749262178,2.26100000,226.60000000,2.338
1749262178,2.26000000,311.50000000,2.338
1749262178,2.25900000,45.80000000,2.338
1749262178,2.25800000,15.70000000,2.338
1749262178,2.25700000,46.50000000,2.338
1749262178,2.25600000,35.40000000,2.338
1749262178,2.25500000,126.00000000,2.338
1749262178,2.25400000,81.30000000,2.338
1749262178,2.25300000,29.40000000,2.338
1749262178,2.25200000,97.90000000,2.338
1749262178,2.25000000,2357.30000000,2.338
1749262178,2.24900000,70.40000000,2.338
1749262178,2.24800000,12.30000000,2.338
1749262178,2.24700000,36.80000000,2.338
1749262178,2.24600000,23.80000000,2.338
1749262178,2.24500000,10208.00000000,2.338
1749262178,2.24400000,217.40000000,2.338
1749262178,2.24300000,451.30000000,2.338
1749262178,2.24200000,424.60000000,2.338
1749262178,2.24100000,94.60000000,2.338
1749262178,2.24000000,3004.50000000,2.338
1749262178,2.23900000,17.50000000,2.338
1749262178,2.23800000,1168.70000000,2.338
1749262484,2.34100000,3556.90000000,2.341
1749262484,2.34000000,8305.70000000,2.341
1749262484,2.33900000,13015.70000000,2.341
1749262484,2.33800000,22791.20000000,2.341
1749262484,2.33700000,18828.40000000,2.341
1749262484,2.33600000,12286.80000000,2.341
1749262484,2.33500000,25043.60000000,2.341
1749262484,2.33400000,4541.10000000,2.341
1749262484,2.33300000,7627.80000000,2.341
1749262484,2.33200000,10839.20000000,2.341
1749262484,2.33100000,9670.90000000,2.341
1749262484,2.33000000,4452.20000000,2.341
1749262484,2.32900000,9943.80000000,2.341
1749262484,2.32800000,6000.40000000,2.341
1749262484,2.32700000,14405.90000000,2.341
1749262484,2.32600000,2049.50000000,2.341
1749262484,2.32500000,3329.50000000,2.341
1749262484,2.32400000,2043.60000000,2.341
1749262484,2.32300000,2760.00000000,2.341
1749262484,2.32200000,10663.60000000,2.341
1749262484,2.32100000,6073.10000000,2.341
1749262484,2.32000000,2063.30000000,2.341
1749262484,2.31900000,18085.60000000,2.341
1749262484,2.31800000,1121.60000000,2.341
1749262484,2.31700000,1451.40000000,2.341
1749262484,2.31600000,4904.50000000,2.341
1749262484,2.31500000,682.70000000,2.341
1749262484,2.31400000,9990.90000000,2.341
1749262484,2.31300000,915.20000000,2.341
1749262484,2.31200000,687.60000000,2.341
1749262484,2.31100000,900.20000000,2.341
1749262484,2.31000000,3237.50000000,2.341
1749262484,2.30900000,964.20000000,2.341
1749262484,2.30800000,1992.90000000,2.341
1749262484,2.30700000,3372.20000000,2.341
1749262484,2.30600000,1113.00000000,2.341
1749262484,2.30500000,2932.00000000,2.341
1749262484,2.30400000,81.00000000,2.341
1749262484,2.30300000,63.10000000,2.341
1749262484,2.30200000,144.10000000,2.341
1749262484,2.30100000,9.10000000,2.341
1749262484,2.30000000,1632.40000000,2.341
1749262484,2.29900000,2939.00000000,2.341
1749262484,2.29800000,31318.80000000,2.341
1749262484,2.29700000,79.60000000,2.341
1749262484,2.29600000,5196.70000000,2.341
1749262484,2.29500000,23.80000000,2.341
1749262484,2.29400000,323.00000000,2.341
1749262484,2.29300000,8.20000000,2.341
1749262484,2.29200000,34.80000000,2.341
1749262484,2.29100000,10.10000000,2.341
1749262484,2.29000000,284.40000000,2.341
1749262484,2.28900000,9.10000000,2.341
1749262484,2.28800000,7.10000000,2.341
1749262484,2.28700000,56.90000000,2.341
1749262484,2.28600000,15.40000000,2.341
1749262484,2.28500000,62.50000000,2.341
1749262484,2.28400000,29.40000000,2.341
1749262484,2.28300000,30.70000000,2.341
1749262484,2.28200000,14792.40000000,2.341
1749262484,2.28100000,124.70000000,2.341
1749262484,2.28000000,13378.80000000,2.341
1749262484,2.27900000,297.20000000,2.341
1749262484,2.27800000,51.50000000,2.341
1749262484,2.27700000,9.00000000,2.341
1749262484,2.27600000,79.40000000,2.341
1749262484,2.27500000,68.90000000,2.341
1749262484,2.27400000,81.10000000,2.341
1749262484,2.27300000,331.30000000,2.341
1749262484,2.27200000,34.70000000,2.341
1749262484,2.27100000,9.00000000,2.341
1749262484,2.27000000,775.30000000,2.341
1749262484,2.26900000,884.20000000,2.341
1749262484,2.26800000,25.30000000,2.341
1749262484,2.26700000,21.40000000,2.341
1749262484,2.26600000,59.00000000,2.341
1749262484,2.26500000,31.60000000,2.341
1749262484,2.26400000,138.80000000,2.341
1749262484,2.26300000,3.80000000,2.341
1749262484,2.26200000,139.20000000,2.341
1749262484,2.26100000,226.60000000,2.341
1749262484,2.26000000,311.50000000,2.341
1749262484,2.25900000,45.80000000,2.341
1749262484,2.25800000,15.70000000,2.341
1749262484,2.25700000,46.50000000,2.341
1749262484,2.25600000,35.40000000,2.341
1749262484,2.25500000,126.00000000,2.341
1749262484,2.25400000,81.30000000,2.341
1749262484,2.25300000,29.40000000,2.341
1749262484,2.25200000,97.90000000,2.341
1749262484,2.25000000,2357.30000000,2.341
1749262484,2.24900000,70.40000000,2.341
1749262484,2.24800000,12.30000000,2.341
1749262484,2.24700000,36.80000000,2.341
1749262484,2.24600000,23.80000000,2.341
1749262484,2.24500000,10208.00000000,2.341
1749262484,2.24400000,217.40000000,2.341
1749262484,2.24300000,451.30000000,2.341
1749262484,2.24200000,424.60000000,2.341
1749262484,2.24100000,94.60000000,2.341
1749262786,2.34300000,1184.10000000,2.343
1749262786,2.34200000,8614.70000000,2.343
1749262786,2.34100000,13941.90000000,2.343
1749262786,2.34000000,14023.60000000,2.343
1749262786,2.33900000,19405.90000000,2.343
1749262786,2.33800000,16906.10000000,2.343
1749262786,2.33700000,23797.90000000,2.343
1749262786,2.33600000,12012.30000000,2.343
1749262786,2.33500000,5842.60000000,2.343
1749262786,2.33400000,3594.00000000,2.343
1749262786,2.33300000,6830.90000000,2.343
1749262786,2.33200000,3099.20000000,2.343
1749262786,2.33100000,15892.10000000,2.343
1749262786,2.33000000,2458.90000000,2.343
1749262786,2.32900000,2052.40000000,2.343
1749262786,2.32800000,15357.30000000,2.343
1749262786,2.32700000,2835.70000000,2.343
1749262786,2.32600000,1125.80000000,2.343
1749262786,2.32500000,5554.60000000,2.343
1749262786,2.32400000,1162.50000000,2.343
1749262786,2.32300000,1494.30000000,2.343
1749262786,2.32200000,19984.50000000,2.343
1749262786,2.32100000,2318.20000000,2.343
1749262786,2.32000000,2063.30000000,2.343
1749262786,2.31900000,1622.50000000,2.343
1749262786,2.31800000,3117.50000000,2.343
1749262786,2.31700000,1408.40000000,2.343
1749262786,2.31600000,1505.80000000,2.343
1749262786,2.31500000,682.70000000,2.343
1749262786,2.31400000,8715.50000000,2.343
1749262786,2.31300000,1426.80000000,2.343
1749262786,2.31200000,687.60000000,2.343
1749262786,2.31100000,5915.80000000,2.343
1749262786,2.31000000,2214.30000000,2.343
1749262786,2.30900000,10.10000000,2.343
1749262786,2.30800000,1467.50000000,2.343
1749262786,2.30700000,30.80000000,2.343
1749262786,2.30600000,1113.00000000,2.343
1749262786,2.30500000,191.10000000,2.343
1749262786,2.30400000,81.00000000,2.343
1749262786,2.30300000,19.80000000,2.343
1749262786,2.30200000,144.10000000,2.343
1749262786,2.30100000,9.10000000,2.343
1749262786,2.30000000,1632.40000000,2.343
1749262786,2.29900000,3909.20000000,2.343
1749262786,2.29800000,118.80000000,2.343
1749262786,2.29700000,31279.60000000,2.343
1749262786,2.29600000,4447.30000000,2.343
1749262786,2.29500000,23.80000000,2.343
1749262786,2.29400000,98.00000000,2.343
1749262786,2.29300000,8.20000000,2.343
1749262786,2.29200000,34.80000000,2.343
1749262786,2.29100000,10.10000000,2.343
1749262786,2.29000000,284.40000000,2.343
1749262786,2.28900000,9.10000000,2.343
1749262786,2.28800000,7.10000000,2.343
1749262786,2.28700000,56.90000000,2.343
1749262786,2.28600000,14013.80000000,2.343
1749262786,2.28500000,62.50000000,2.343
1749262786,2.28400000,29.40000000,2.343
1749262786,2.28300000,30.70000000,2.343
1749262786,2.28200000,770.00000000,2.343
1749262786,2.28100000,124.70000000,2.343
1749262786,2.28000000,13378.80000000,2.343
1749262786,2.27900000,297.20000000,2.343
1749262786,2.27800000,51.50000000,2.343
1749262786,2.27700000,9.00000000,2.343
1749262786,2.27600000,79.40000000,2.343
1749262786,2.27500000,68.90000000,2.343
1749262786,2.27400000,81.10000000,2.343
1749262786,2.27300000,331.30000000,2.343
1749262786,2.27200000,34.70000000,2.343
1749262786,2.27100000,9.00000000,2.343
1749262786,2.27000000,775.30000000,2.343
1749262786,2.26900000,884.20000000,2.343
1749262786,2.26800000,25.30000000,2.343
1749262786,2.26700000,17.10000000,2.343
1749262786,2.26600000,54.70000000,2.343
1749262786,2.26500000,31.60000000,2.343
1749262786,2.26400000,138.80000000,2.343
1749262786,2.26300000,3.80000000,2.343
1749262786,2.26200000,139.20000000,2.343
1749262786,2.26100000,226.60000000,2.343
1749262786,2.26000000,311.50000000,2.343
1749262786,2.25900000,45.80000000,2.343
1749262786,2.25800000,15.70000000,2.343
1749262786,2.25700000,46.50000000,2.343
1749262786,2.25600000,35.40000000,2.343
1749262786,2.25500000,126.00000000,2.343
1749262786,2.25400000,81.30000000,2.343
1749262786,2.25300000,29.40000000,2.343
1749262786,2.25200000,97.90000000,2.343
1749262786,2.25000000,2357.30000000,2.343
1749262786,2.24900000,70.40000000,2.343
1749262786,2.24800000,12.30000000,2.343
1749262786,2.24700000,36.80000000,2.343
1749262786,2.24600000,23.80000000,2.343
1749262786,2.24500000,10208.00000000,2.343
1749262786,2.24400000,217.40000000,2.343
1749262786,2.24300000,451.30000000,2.343
1749263087,2.34700000,2897.00000000,2.347
1749263087,2.34600000,7251.00000000,2.347
1749263087,2.34500000,11519.60000000,2.347
1749263087,2.34400000,12179.70000000,2.347
1749263087,2.34300000,23357.60000000,2.347
1749263087,2.34200000,21518.00000000,2.347
1749263087,2.34100000,7735.70000000,2.347
1749263087,2.34000000,11903.10000000,2.347
1749263087,2.33900000,4633.70000000,2.347
1749263087,2.33800000,8257.30000000,2.347
1749263087,2.33700000,5570.10000000,2.347
1749263087,2.33600000,4370.90000000,2.347
1749263087,2.33500000,19969.00000000,2.347
1749263087,2.33400000,2521.50000000,2.347
1749263087,2.33300000,2328.50000000,2.347
1749263087,2.33200000,3073.80000000,2.347
1749263087,2.33100000,6508.10000000,2.347
1749263087,2.33000000,11055.50000000,2.347
1749263087,2.32900000,2009.80000000,2.347
1749263087,2.32800000,6387.40000000,2.347
1749263087,2.32700000,2014.30000000,2.347
1749263087,2.32600000,16725.80000000,2.347
1749263087,2.32500000,5554.60000000,2.347
1749263087,2.32400000,1162.50000000,2.347
1749263087,2.32300000,1494.30000000,2.347
1749263087,2.32200000,4384.50000000,2.347
1749263087,2.32100000,2232.20000000,2.347
1749263087,2.32000000,2063.30000000,2.347
1749263087,2.31900000,1622.50000000,2.347
1749263087,2.31800000,3117.50000000,2.347
1749263087,2.31700000,1176.90000000,2.347
1749263087,2.31600000,1505.80000000,2.347
1749263087,2.31500000,682.70000000,2.347
1749263087,2.31400000,8715.50000000,2.347
1749263087,2.31300000,1426.80000000,2.347
1749263087,2.31200000,687.60000000,2.347
1749263087,2.31100000,2903.50000000,2.347
1749263087,2.31000000,4035.90000000,2.347
1749263087,2.30900000,10.10000000,2.347
1749263087,2.30800000,835.70000000,2.347
1749263087,2.30700000,30.80000000,2.347
1749263087,2.30600000,438.00000000,2.347
1749263087,2.30500000,191.10000000,2.347
1749263087,2.30400000,77.00000000,2.347
1749263087,2.30300000,19.80000000,2.347
1749263087,2.30200000,39.90000000,2.347
1749263087,2.30100000,31209.10000000,2.347
1749263087,2.30000000,1697.50000000,2.347
1749263087,2.29900000,4116.70000000,2.347
1749263087,2.29800000,118.80000000,2.347
1749263087,2.29700000,79.60000000,2.347
1749263087,2.29600000,4227.70000000,2.347
1749263087,2.29500000,23.80000000,2.347
1749263087,2.29400000,54.50000000,2.347
1749263087,2.29300000,8.20000000,2.347
1749263087,2.29200000,34.80000000,2.347
1749263087,2.29100000,10.10000000,2.347
1749263087,2.29000000,284.40000000,2.347
1749263087,2.28900000,9.10000000,2.347
1749263087,2.28800000,7.10000000,2.347
1749263087,2.28700000,56.90000000,2.347
1749263087,2.28600000,14013.80000000,2.347
1749263087,2.28500000,62.50000000,2.347
1749263087,2.28400000,29.40000000,2.347
1749263087,2.28300000,30.70000000,2.347
1749263087,2.28200000,770.00000000,2.347
1749263087,2.28100000,124.70000000,2.347
1749263087,2.28000000,13378.80000000,2.347
1749263087,2.27900000,297.20000000,2.347
1749263087,2.27800000,51.50000000,2.347
1749263087,2.27700000,9.00000000,2.347
1749263087,2.27600000,75.40000000,2.347
1749263087,2.27500000,68.90000000,2.347
1749263087,2.27400000,81.10000000,2.347
1749263087,2.27300000,331.30000000,2.347
1749263087,2.27200000,34.70000000,2.347
1749263087,2.27100000,4.70000000,2.347
1749263087,2.27000000,771.00000000,2.347
1749263087,2.26900000,879.90000000,2.347
1749263087,2.26800000,21.00000000,2.347
1749263087,2.26700000,17.10000000,2.347
1749263087,2.26600000,54.70000000,2.347
1749263087,2.26500000,31.60000000,2.347
1749263087,2.26400000,138.80000000,2.347
1749263087,2.26300000,3.80000000,2.347
1749263087,2.26200000,139.20000000,2.347
1749263087,2.26100000,226.60000000,2.347
1749263087,2.26000000,311.50000000,2.347
1749263087,2.25900000,45.80000000,2.347
1749263087,2.25800000,15.70000000,2.347
1749263087,2.25700000,46.50000000,2.347
1749263087,2.25600000,35.40000000,2.347
1749263087,2.25500000,126.00000000,2.347
1749263087,2.25400000,81.30000000,2.347
1749263087,2.25300000,29.40000000,2.347
1749263087,2.25200000,97.90000000,2.347
1749263087,2.25000000,2357.30000000,2.347
1749263087,2.24900000,70.40000000,2.347
1749263087,2.24800000,8.20000000,2.347
1749263087,2.24700000,36.80000000,2.347
1749263389,2.34500000,2013.40000000,2.346
1749263389,2.34400000,7088.30000000,2.346
1749263389,2.34300000,16520.80000000,2.346
1749263389,2.34200000,24950.30000000,2.346
1749263389,2.34100000,13793.30000000,2.346
1749263389,2.34000000,26053.30000000,2.346
1749263389,2.33900000,16598.10000000,2.346
1749263389,2.33800000,4431.20000000,2.346
1749263389,2.33700000,3725.20000000,2.346
1749263389,2.33600000,4186.40000000,2.346
1749263389,2.33500000,7857.80000000,2.346
1749263389,2.33400000,11694.00000000,2.346
1749263389,2.33300000,2152.40000000,2.346
1749263389,2.33200000,2857.10000000,2.346
1749263389,2.33100000,11683.90000000,2.346
1749263389,2.33000000,2055.50000000,2.346
1749263389,2.32900000,2401.10000000,2.346
1749263389,2.32800000,4973.90000000,2.346
1749263389,2.32700000,1133.20000000,2.346
1749263389,2.32600000,5625.80000000,2.346
1749263389,2.32500000,5994.20000000,2.346
1749263389,2.32400000,17332.50000000,2.346
1749263389,2.32300000,2016.60000000,2.346
1749263389,2.32200000,4427.40000000,2.346
1749263389,2.32100000,10858.70000000,2.346
1749263389,2.32000000,2293.10000000,2.346
1749263389,2.31900000,8940.80000000,2.346
1749263389,2.31800000,3117.50000000,2.346
1749263389,2.31700000,1462.20000000,2.346
1749263389,2.31600000,1672.60000000,2.346
1749263389,2.31500000,2677.70000000,2.346
1749263389,2.31400000,1606.70000000,2.346
1749263389,2.31300000,922.90000000,2.346
1749263389,2.31200000,687.60000000,2.346
1749263389,2.31100000,3141.80000000,2.346
1749263389,2.31000000,4699.60000000,2.346
1749263389,2.30900000,10.10000000,2.346
1749263389,2.30800000,86.90000000,2.346
1749263389,2.30700000,705.80000000,2.346
1749263389,2.30600000,438.00000000,2.346
1749263389,2.30500000,191.10000000,2.346
1749263389,2.30400000,87.80000000,2.346
1749263389,2.30300000,31219.80000000,2.346
1749263389,2.30200000,68.20000000,2.346
1749263389,2.30100000,9.10000000,2.346
1749263389,2.30000000,1651.70000000,2.346
1749263389,2.29900000,3909.20000000,2.346
1749263389,2.29800000,118.80000000,2.346
1749263389,2.29700000,285.00000000,2.346
1749263389,2.29600000,4227.70000000,2.346
1749263389,2.29500000,23.80000000,2.346
1749263389,2.29400000,54.50000000,2.346
1749263389,2.29300000,8.20000000,2.346
1749263389,2.29200000,34.80000000,2.346
1749263389,2.29100000,10.10000000,2.346
1749263389,2.29000000,14259.00000000,2.346
1749263389,2.28900000,9.10000000,2.346
1749263389,2.28800000,7.10000000,2.346
1749263389,2.28700000,100.50000000,2.346
1749263389,2.28600000,15.40000000,2.346
1749263389,2.28500000,62.50000000,2.346
1749263389,2.28400000,29.40000000,2.346
1749263389,2.28300000,30.70000000,2.346
1749263389,2.28200000,770.00000000,2.346
1749263389,2.28100000,124.70000000,2.346
1749263389,2.28000000,13335.10000000,2.346
1749263389,2.27900000,340.60000000,2.346
1749263389,2.27800000,51.50000000,2.346
1749263389,2.27700000,9.00000000,2.346
1749263389,2.27600000,75.40000000,2.346
1749263389,2.27500000,68.90000000,2.346
1749263389,2.27400000,81.10000000,2.346
1749263389,2.27300000,331.30000000,2.346
1749263389,2.27200000,34.70000000,2.346
1749263389,2.27100000,9.00000000,2.346
1749263389,2.27000000,775.30000000,2.346
1749263389,2.26900000,879.90000000,2.346
1749263389,2.26800000,21.00000000,2.346
1749263389,2.26700000,17.10000000,2.346
1749263389,2.26600000,11.10000000,2.346
1749263389,2.26500000,31.60000000,2.346
1749263389,2.26400000,138.80000000,2.346
1749263389,2.26300000,3.80000000,2.346
1749263389,2.26200000,139.20000000,2.346
1749263389,2.26100000,226.60000000,2.346
1749263389,2.26000000,311.50000000,2.346
1749263389,2.25900000,45.80000000,2.346
1749263389,2.25800000,15.70000000,2.346
1749263389,2.25700000,46.50000000,2.346
1749263389,2.25600000,35.40000000,2.346
1749263389,2.25500000,126.00000000,2.346
1749263389,2.25400000,81.30000000,2.346
1749263389,2.25300000,29.40000000,2.346
1749263389,2.25200000,97.90000000,2.346
1749263389,2.25000000,2357.30000000,2.346
1749263389,2.24900000,70.40000000,2.346
1749263389,2.24800000,8.20000000,2.346
1749263389,2.24700000,36.80000000,2.346
1749263389,2.24600000,23.80000000,2.346
1749263389,2.24500000,10208.00000000,2.346
1749263690,2.34400000,2914.70000000,2.344
1749263690,2.34300000,8712.80000000,2.344
1749263690,2.34200000,15529.00000000,2.344
1749263690,2.34100000,10318.10000000,2.344
1749263690,2.34000000,20231.90000000,2.344
1749263690,2.33900000,13373.00000000,2.344
1749263690,2.33800000,25983.30000000,2.344
1749263690,2.33700000,6068.30000000,2.344
1749263690,2.33600000,9124.80000000,2.344
1749263690,2.33500000,2078.00000000,2.344
1749263690,2.33400000,8935.60000000,2.344
1749263690,2.33300000,2670.10000000,2.344
1749263690,2.33200000,12224.00000000,2.344
1749263690,2.33100000,6103.50000000,2.344
1749263690,2.33000000,2055.50000000,2.344
1749263690,2.32900000,11843.90000000,2.344
1749263690,2.32800000,5527.90000000,2.344
1749263690,2.32700000,1133.20000000,2.344
1749263690,2.32600000,1125.80000000,2.344
1749263690,2.32500000,5994.20000000,2.344
1749263690,2.32400000,2162.80000000,2.344
1749263690,2.32300000,1785.70000000,2.344
1749263690,2.32200000,19984.50000000,2.344
1749263690,2.32100000,1858.70000000,2.344
1749263690,2.32000000,2293.10000000,2.344
1749263690,2.31900000,2339.20000000,2.344
1749263690,2.31800000,3117.50000000,2.344
1749263690,2.31700000,1693.70000000,2.344
1749263690,2.31600000,1629.50000000,2.344
1749263690,2.31500000,1933.80000000,2.344
1749263690,2.31400000,8706.50000000,2.344
1749263690,2.31300000,922.90000000,2.344
1749263690,2.31200000,687.60000000,2.344
1749263690,2.31100000,3141.80000000,2.344
1749263690,2.31000000,1964.60000000,2.344
1749263690,2.30900000,10.10000000,2.344
1749263690,2.30800000,792.70000000,2.344
1749263690,2.30700000,705.80000000,2.344
1749263690,2.30600000,1113.00000000,2.344
1749263690,2.30500000,3607.00000000,2.344
1749263690,2.30400000,87.80000000,2.344
1749263690,2.30300000,694.80000000,2.344
1749263690,2.30200000,24.90000000,2.344
1749263690,2.30100000,9.10000000,2.344
1749263690,2.30000000,1651.70000000,2.344
1749263690,2.29900000,3909.20000000,2.344
1749263690,2.29800000,31318.80000000,2.344
1749263690,2.29700000,68.80000000,2.344
1749263690,2.29600000,4227.70000000,2.344
1749263690,2.29500000,23.80000000,2.344
1749263690,2.29400000,268.50000000,2.344
1749263690,2.29300000,8.20000000,2.344
1749263690,2.29200000,34.80000000,2.344
1749263690,2.29100000,10.10000000,2.344
1749263690,2.29000000,284.40000000,2.344
1749263690,2.28900000,9.10000000,2.344
1749263690,2.28800000,7.10000000,2.344
1749263690,2.28700000,56.90000000,2.344
1749263690,2.28600000,15.40000000,2.344
1749263690,2.28500000,62.50000000,2.344
1749263690,2.28400000,14015.90000000,2.344
1749263690,2.28300000,30.70000000,2.344
1749263690,2.28200000,770.00000000,2.344
1749263690,2.28100000,124.70000000,2.344
1749263690,2.28000000,13335.10000000,2.344
1749263690,2.27900000,340.60000000,2.344
1749263690,2.27800000,51.50000000,2.344
1749263690,2.27700000,9.00000000,2.344
1749263690,2.27600000,75.40000000,2.344
1749263690,2.27500000,68.90000000,2.344
1749263690,2.27400000,81.10000000,2.344
1749263690,2.27300000,331.30000000,2.344
1749263690,2.27200000,34.70000000,2.344
1749263690,2.27100000,9.00000000,2.344
1749263690,2.27000000,775.30000000,2.344
1749263690,2.26900000,884.20000000,2.344
1749263690,2.26800000,21.00000000,2.344
1749263690,2.26700000,17.10000000,2.344
1749263690,2.26600000,11.10000000,2.344
1749263690,2.26500000,31.60000000,2.344
1749263690,2.26400000,138.80000000,2.344
1749263690,2.26300000,3.80000000,2.344
1749263690,2.26200000,139.20000000,2.344
1749263690,2.26100000,226.60000000,2.344
1749263690,2.26000000,311.50000000,2.344
1749263690,2.25900000,45.80000000,2.344
1749263690,2.25800000,15.70000000,2.344
1749263690,2.25700000,46.50000000,2.344
1749263690,2.25600000,35.40000000,2.344
1749263690,2.25500000,126.00000000,2.344
1749263690,2.25400000,81.30000000,2.344
1749263690,2.25300000,29.40000000,2.344
1749263690,2.25200000,97.90000000,2.344
1749263690,2.25000000,2357.30000000,2.344
1749263690,2.24900000,70.40000000,2.344
1749263690,2.24800000,8.20000000,2.344
1749263690,2.24700000,36.80000000,2.344
1749263690,2.24600000,23.80000000,2.344
1749263690,2.24500000,10208.00000000,2.344
1749263690,2.24400000,217.40000000,2.344
1749263992,2.34800000,64.80000000,2.349
1749263992,2.34700000,7710.90000000,2.349
1749263992,2.34600000,11087.70000000,2.349
1749263992,2.34500000,11365.90000000,2.349
1749263992,2.34400000,23332.80000000,2.349
1749263992,2.34300000,20207.30000000,2.349
1749263992,2.34200000,18512.60000000,2.349
1749263992,2.34100000,8841.70000000,2.349
1749263992,2.34000000,4981.50000000,2.349
1749263992,2.33900000,6206.70000000,2.349
1749263992,2.33800000,9041.10000000,2.349
1749263992,2.33700000,5174.40000000,2.349
1749263992,2.33600000,17881.60000000,2.349
1749263992,2.33500000,2069.60000000,2.349
1749263992,2.33400000,3674.70000000,2.349
1749263992,2.33300000,11061.20000000,2.349
1749263992,2.33200000,2811.20000000,2.349
1749263992,2.33100000,6362.40000000,2.349
1749263992,2.33000000,2012.90000000,2.349
1749263992,2.32900000,2009.80000000,2.349
1749263992,2.32800000,20573.90000000,2.349
1749263992,2.32700000,1133.20000000,2.349
1749263992,2.32600000,1125.80000000,2.349
1749263992,2.32500000,5994.20000000,2.349
1749263992,2.32400000,2254.70000000,2.349
1749263992,2.32300000,1723.30000000,2.349
1749263992,2.32200000,4384.50000000,2.349
1749263992,2.32100000,1858.70000000,2.349
1749263992,2.32000000,2293.10000000,2.349
1749263992,2.31900000,8717.70000000,2.349
1749263992,2.31800000,3117.50000000,2.349
1749263992,2.31700000,1462.20000000,2.349
1749263992,2.31600000,1629.50000000,2.349
1749263992,2.31500000,2681.90000000,2.349
1749263992,2.31400000,1606.70000000,2.349
1749263992,2.31300000,922.90000000,2.349
1749263992,2.31200000,3420.20000000,2.349
1749263992,2.31100000,3141.80000000,2.349
1749263992,2.31000000,1964.60000000,2.349
1749263992,2.30900000,10.10000000,2.349
1749263992,2.30800000,43.70000000,2.349
1749263992,2.30700000,30.80000000,2.349
1749263992,2.30600000,438.00000000,2.349
1749263992,2.30500000,191.10000000,2.349
1749263992,2.30400000,31287.80000000,2.349
1749263992,2.30300000,19.80000000,2.349
1749263992,2.30200000,24.90000000,2.349
1749263992,2.30100000,9.10000000,2.349
1749263992,2.30000000,1879.20000000,2.349
1749263992,2.29900000,3909.20000000,2.349
1749263992,2.29800000,118.80000000,2.349
1749263992,2.29700000,68.80000000,2.349
1749263992,2.29600000,4227.70000000,2.349
1749263992,2.29500000,23.80000000,2.349
1749263992,2.29400000,54.50000000,2.349
1749263992,2.29300000,8.20000000,2.349
1749263992,2.29200000,34.80000000,2.349
1749263992,2.29100000,10.10000000,2.349
1749263992,2.29000000,284.40000000,2.349
1749263992,2.28900000,9.10000000,2.349
1749263992,2.28800000,13993.60000000,2.349
1749263992,2.28700000,56.90000000,2.349
1749263992,2.28600000,15.40000000,2.349
1749263992,2.28500000,62.50000000,2.349
1749263992,2.28400000,29.40000000,2.349
1749263992,2.28300000,30.70000000,2.349
1749263992,2.28200000,770.00000000,2.349
1749263992,2.28100000,124.70000000,2.349
1749263992,2.28000000,13335.10000000,2.349
1749263992,2.27900000,340.60000000,2.349
1749263992,2.27800000,51.50000000,2.349
1749263992,2.27700000,9.00000000,2.349
1749263992,2.27600000,75.40000000,2.349
1749263992,2.27500000,68.90000000,2.349
1749263992,2.27400000,81.10000000,2.349
1749263992,2.27300000,331.30000000,2.349
1749263992,2.27200000,30.40000000,2.349
1749263992,2.27100000,4.70000000,2.349
1749263992,2.27000000,771.00000000,2.349
1749263992,2.26900000,879.90000000,2.349
1749263992,2.26800000,21.00000000,2.349
1749263992,2.26700000,17.10000000,2.349
1749263992,2.26600000,11.10000000,2.349
1749263992,2.26500000,31.60000000,2.349
1749263992,2.26400000,138.80000000,2.349
1749263992,2.26300000,3.80000000,2.349
1749263992,2.26200000,139.20000000,2.349
1749263992,2.26100000,226.60000000,2.349
1749263992,2.26000000,311.50000000,2.349
1749263992,2.25900000,45.80000000,2.349
1749263992,2.25800000,15.70000000,2.349
1749263992,2.25700000,46.50000000,2.349
1749263992,2.25600000,35.40000000,2.349
1749263992,2.25500000,126.00000000,2.349
1749263992,2.25400000,81.30000000,2.349
1749263992,2.25300000,29.40000000,2.349
1749263992,2.25200000,97.90000000,2.349
1749263992,2.25000000,2357.30000000,2.349
1749263992,2.24900000,70.40000000,2.349
1749263992,2.24800000,8.20000000,2.349
1749264293,2.34500000,4078.80000000,2.345
1749264293,2.34400000,6994.50000000,2.345
1749264293,2.34300000,10793.20000000,2.345
1749264293,2.34200000,17505.50000000,2.345
1749264293,2.34100000,21986.30000000,2.345
1749264293,2.34000000,25168.10000000,2.345
1749264293,2.33900000,7525.40000000,2.345
1749264293,2.33800000,11746.90000000,2.345
1749264293,2.33700000,3516.70000000,2.345
1749264293,2.33600000,5683.60000000,2.345
1749264293,2.33500000,10632.50000000,2.345
1749264293,2.33400000,13883.60000000,2.345
1749264293,2.33300000,2239.10000000,2.345
1749264293,2.33200000,2853.70000000,2.345
1749264293,2.33100000,2816.00000000,2.345
1749264293,2.33000000,11446.70000000,2.345
1749264293,2.32900000,2009.80000000,2.345
1749264293,2.32800000,4973.90000000,2.345
1749264293,2.32700000,1133.20000000,2.345
1749264293,2.32600000,1125.80000000,2.345
1749264293,2.32500000,21165.90000000,2.345
1749264293,2.32400000,1162.50000000,2.345
1749264293,2.32300000,1494.30000000,2.345
1749264293,2.32200000,1663.60000000,2.345
1749264293,2.32100000,1858.70000000,2.345
1749264293,2.32000000,2063.30000000,2.345
1749264293,2.31900000,8664.00000000,2.345
1749264293,2.31800000,3117.50000000,2.345
1749264293,2.31700000,1691.80000000,2.345
1749264293,2.31600000,4129.80000000,2.345
1749264293,2.31500000,2681.90000000,2.345
1749264293,2.31400000,1606.70000000,2.345
1749264293,2.31300000,927.90000000,2.345
1749264293,2.31200000,687.60000000,2.345
1749264293,2.31100000,2903.50000000,2.345
1749264293,2.31000000,1964.60000000,2.345
1749264293,2.30900000,10.10000000,2.345
1749264293,2.30800000,43.70000000,2.345
1749264293,2.30700000,3444.30000000,2.345
1749264293,2.30600000,1113.00000000,2.345
1749264293,2.30500000,191.10000000,2.345
1749264293,2.30400000,87.80000000,2.345
1749264293,2.30300000,19.80000000,2.345
1749264293,2.30200000,31224.90000000,2.345
1749264293,2.30100000,9.10000000,2.345
1749264293,2.30000000,1651.70000000,2.345
1749264293,2.29900000,3909.20000000,2.345
1749264293,2.29800000,118.80000000,2.345
1749264293,2.29700000,279.40000000,2.345
1749264293,2.29600000,4227.70000000,2.345
1749264293,2.29500000,23.80000000,2.345
1749264293,2.29400000,54.50000000,2.345
1749264293,2.29300000,8.20000000,2.345
1749264293,2.29200000,34.80000000,2.345
1749264293,2.29100000,10.10000000,2.345
1749264293,2.29000000,284.40000000,2.345
1749264293,2.28900000,9.10000000,2.345
1749264293,2.28800000,13993.60000000,2.345
1749264293,2.28700000,56.90000000,2.345
1749264293,2.28600000,15.40000000,2.345
1749264293,2.28500000,62.50000000,2.345
1749264293,2.28400000,29.40000000,2.345
1749264293,2.28300000,30.70000000,2.345
1749264293,2.28200000,770.00000000,2.345
1749264293,2.28100000,124.70000000,2.345
1749264293,2.28000000,13335.10000000,2.345
1749264293,2.27900000,340.60000000,2.345
1749264293,2.27800000,51.50000000,2.345
1749264293,2.27700000,9.00000000,2.345
1749264293,2.27600000,75.40000000,2.345
1749264293,2.27500000,68.90000000,2.345
1749264293,2.27400000,81.10000000,2.345
1749264293,2.27300000,331.30000000,2.345
1749264293,2.27200000,34.70000000,2.345
1749264293,2.27100000,9.00000000,2.345
1749264293,2.27000000,775.30000000,2.345
1749264293,2.26900000,879.90000000,2.345
1749264293,2.26800000,21.00000000,2.345
1749264293,2.26700000,17.10000000,2.345
1749264293,2.26600000,11.10000000,2.345
1749264293,2.26500000,31.60000000,2.345
1749264293,2.26400000,138.80000000,2.345
1749264293,2.26300000,3.80000000,2.345
1749264293,2.26200000,139.20000000,2.345
1749264293,2.26100000,226.60000000,2.345
1749264293,2.26000000,311.50000000,2.345
1749264293,2.25900000,45.80000000,2.345
1749264293,2.25800000,15.70000000,2.345
1749264293,2.25700000,46.50000000,2.345
1749264293,2.25600000,35.40000000,2.345
1749264293,2.25500000,126.00000000,2.345
1749264293,2.25400000,81.30000000,2.345
1749264293,2.25300000,29.40000000,2.345
1749264293,2.25200000,97.90000000,2.345
1749264293,2.25000000,2357.30000000,2.345
1749264293,2.24900000,70.40000000,2.345
1749264293,2.24800000,5.00000000,2.345
1749264293,2.24700000,39.30000000,2.345
1749264293,2.24600000,23.80000000,2.345
1749264293,2.24500000,10208.00000000,2.345
1749264595,2.35200000,1736.80000000,2.352
1749264595,2.35100000,7017.50000000,2.352
1749264595,2.35000000,9630.30000000,2.352
1749264595,2.34900000,11216.60000000,2.352
1749264595,2.34800000,21208.20000000,2.352
1749264595,2.34700000,15549.60000000,2.352
1749264595,2.34600000,21657.20000000,2.352
1749264595,2.34500000,10470.40000000,2.352
1749264595,2.34400000,2870.70000000,2.352
1749264595,2.34300000,5600.30000000,2.352
1749264595,2.34200000,10434.60000000,2.352
1749264595,2.34100000,8529.80000000,2.352
1749264595,2.34000000,13196.80000000,2.352
1749264595,2.33900000,5360.80000000,2.352
1749264595,2.33800000,2045.30000000,2.352
1749264595,2.33700000,11637.30000000,2.352
1749264595,2.33600000,2458.80000000,2.352
1749264595,2.33500000,5327.00000000,2.352
1749264595,2.33400000,3400.20000000,2.352
1749264595,2.33300000,2022.50000000,2.352
1749264595,2.33200000,2433.80000000,2.352
1749264595,2.33100000,5595.00000000,2.352
1749264595,2.33000000,16731.80000000,2.352
1749264595,2.32900000,1128.70000000,2.352
1749264595,2.32800000,4544.30000000,2.352
1749264595,2.32700000,1868.20000000,2.352
1749264595,2.32600000,1125.80000000,2.352
1749264595,2.32500000,1668.20000000,2.352
1749264595,2.32400000,1217.80000000,2.352
1749264595,2.32300000,1494.30000000,2.352
1749264595,2.32200000,1180.70000000,2.352
1749264595,2.32100000,4525.30000000,2.352
1749264595,2.32000000,2063.30000000,2.352
1749264595,2.31900000,8234.60000000,2.352
1749264595,2.31800000,3117.50000000,2.352
1749264595,2.31700000,1176.90000000,2.352
1749264595,2.31600000,1167.40000000,2.352
1749264595,2.31500000,1473.50000000,2.352
1749264595,2.31400000,1606.70000000,2.352
1749264595,2.31300000,687.40000000,2.352
1749264595,2.31200000,3420.20000000,2.352
1749264595,2.31100000,2903.50000000,2.352
1749264595,2.31000000,1289.60000000,2.352
1749264595,2.30900000,10.10000000,2.352
1749264595,2.30800000,43.70000000,2.352
1749264595,2.30700000,246.40000000,2.352
1749264595,2.30600000,31638.00000000,2.352
1749264595,2.30500000,148.20000000,2.352
1749264595,2.30400000,128.30000000,2.352
1749264595,2.30300000,19.80000000,2.352
1749264595,2.30200000,24.90000000,2.352
1749264595,2.30100000,36.40000000,2.352
1749264595,2.30000000,1651.70000000,2.352
1749264595,2.29900000,3909.20000000,2.352
1749264595,2.29800000,118.80000000,2.352
1749264595,2.29700000,68.80000000,2.352
1749264595,2.29600000,4227.70000000,2.352
1749264595,2.29500000,23.80000000,2.352
1749264595,2.29400000,11.40000000,2.352
1749264595,2.29300000,8.20000000,2.352
1749264595,2.29200000,14003.50000000,2.352
1749264595,2.29100000,53.30000000,2.352
1749264595,2.29000000,284.40000000,2.352
1749264595,2.28900000,9.10000000,2.352
1749264595,2.28800000,7.10000000,2.352
1749264595,2.28700000,56.90000000,2.352
1749264595,2.28600000,15.40000000,2.352
1749264595,2.28500000,62.50000000,2.352
1749264595,2.28400000,29.40000000,2.352
1749264595,2.28300000,30.70000000,2.352
1749264595,2.28200000,770.00000000,2.352
1749264595,2.28100000,81.30000000,2.352
1749264595,2.28000000,13335.10000000,2.352
1749264595,2.27900000,340.60000000,2.352
1749264595,2.27800000,51.50000000,2.352
1749264595,2.27700000,9.00000000,2.352
1749264595,2.27600000,71.10000000,2.352
1749264595,2.27500000,64.60000000,2.352
1749264595,2.27400000,76.80000000,2.352
1749264595,2.27300000,327.00000000,2.352
1749264595,2.27200000,30.40000000,2.352
1749264595,2.27100000,4.70000000,2.352
1749264595,2.27000000,771.00000000,2.352
1749264595,2.26900000,879.90000000,2.352
1749264595,2.26800000,21.00000000,2.352
1749264595,2.26700000,17.10000000,2.352
1749264595,2.26600000,11.10000000,2.352
1749264595,2.26500000,31.60000000,2.352
1749264595,2.26400000,138.80000000,2.352
1749264595,2.26300000,3.80000000,2.352
1749264595,2.26200000,139.20000000,2.352
1749264595,2.26100000,226.60000000,2.352
1749264595,2.26000000,311.50000000,2.352
1749264595,2.25900000,45.80000000,2.352
1749264595,2.25800000,15.70000000,2.352
1749264595,2.25700000,46.50000000,2.352
1749264595,2.25600000,35.40000000,2.352
1749264595,2.25500000,126.00000000,2.352
1749264595,2.25400000,81.30000000,2.352
1749264595,2.25300000,29.40000000,2.352
1749264896,2.36000000,4131.90000000,2.36
1749264896,2.35900000,6980.10000000,2.36
1749264896,2.35800000,16099.50000000,2.36
1749264896,2.35700000,20228.90000000,2.36
1749264896,2.35600000,12222.70000000,2.36
1749264896,2.35500000,20721.50000000,2.36
1749264896,2.35400000,11402.50000000,2.36
1749264896,2.35300000,8582.40000000,2.36
1749264896,2.35200000,3514.40000000,2.36
1749264896,2.35100000,2258.70000000,2.36
1749264896,2.35000000,6538.80000000,2.36
1749264896,2.34900000,10431.30000000,2.36
1749264896,2.34800000,6973.20000000,2.36
1749264896,2.34700000,3983.70000000,2.36
1749264896,2.34600000,5605.60000000,2.36
1749264896,2.34500000,7701.00000000,2.36
1749264896,2.34400000,2568.30000000,2.36
1749264896,2.34300000,14882.90000000,2.36
1749264896,2.34200000,2367.50000000,2.36
1749264896,2.34100000,3534.80000000,2.36
1749264896,2.34000000,18071.00000000,2.36
1749264896,2.33900000,1121.50000000,2.36
1749264896,2.33800000,1159.80000000,2.36
1749264896,2.33700000,1608.30000000,2.36
1749264896,2.33600000,1168.00000000,2.36
1749264896,2.33500000,1098.90000000,2.36
1749264896,2.33400000,1597.60000000,2.36
1749264896,2.33300000,3849.40000000,2.36
1749264896,2.33200000,1298.40000000,2.36
1749264896,2.33100000,5109.20000000,2.36
1749264896,2.33000000,1131.80000000,2.36
1749264896,2.32900000,1183.90000000,2.36
1749264896,2.32800000,4728.80000000,2.36
1749264896,2.32700000,3864.10000000,2.36
1749264896,2.32600000,1121.60000000,2.36
1749264896,2.32500000,1207.20000000,2.36
1749264896,2.32400000,1162.50000000,2.36
1749264896,2.32300000,1012.80000000,2.36
1749264896,2.32200000,3577.10000000,2.36
1749264896,2.32100000,692.90000000,2.36
1749264896,2.32000000,946.10000000,2.36
1749264896,2.31900000,26.10000000,2.36
1749264896,2.31800000,4.40000000,2.36
1749264896,2.31700000,205.60000000,2.36
1749264896,2.31600000,31250.20000000,2.36
1749264896,2.31500000,171.00000000,2.36
1749264896,2.31400000,180.30000000,2.36
1749264896,2.31300000,9.10000000,2.36
1749264896,2.31200000,17.70000000,2.36
1749264896,2.31100000,2451.20000000,2.36
1749264896,2.31000000,4024.60000000,2.36
1749264896,2.30900000,19.90000000,2.36
1749264896,2.30800000,41.30000000,2.36
1749264896,2.30700000,30.80000000,2.36
1749264896,2.30600000,451.00000000,2.36
1749264896,2.30500000,154.60000000,2.36
1749264896,2.30400000,117.50000000,2.36
1749264896,2.30300000,19.80000000,2.36
1749264896,2.30200000,24.90000000,2.36
1749264896,2.30100000,79.40000000,2.36
1749264896,2.30000000,1651.70000000,2.36
1749264896,2.29900000,1161.10000000,2.36
1749264896,2.29800000,118.80000000,2.36
1749264896,2.29700000,55.80000000,2.36
1749264896,2.29600000,4227.70000000,2.36
1749264896,2.29500000,23.80000000,2.36
1749264896,2.29400000,11.40000000,2.36
1749264896,2.29300000,8.20000000,2.36
1749264896,2.29200000,34.80000000,2.36
1749264896,2.29100000,10.10000000,2.36
1749264896,2.29000000,284.40000000,2.36
1749264896,2.28900000,9.10000000,2.36
1749264896,2.28800000,7.10000000,2.36
1749264896,2.28700000,56.90000000,2.36
1749264896,2.28600000,15.40000000,2.36
1749264896,2.28500000,62.40000000,2.36
1749264896,2.28400000,25.00000000,2.36
1749264896,2.28300000,26.30000000,2.36
1749264896,2.28200000,765.60000000,2.36
1749264896,2.28100000,76.90000000,2.36
1749264896,2.28000000,13330.70000000,2.36
1749264896,2.27900000,336.30000000,2.36
1749264896,2.27800000,47.20000000,2.36
1749264896,2.27700000,4.70000000,2.36
1749264896,2.27600000,71.10000000,2.36
1749264896,2.27500000,64.60000000,2.36
1749264896,2.27400000,74.20000000,2.36
1749264896,2.27300000,327.00000000,2.36
1749264896,2.27200000,30.40000000,2.36
1749264896,2.27100000,4.70000000,2.36
1749264896,2.27000000,771.00000000,2.36
1749264896,2.26900000,879.90000000,2.36
1749264896,2.26800000,21.00000000,2.36
1749264896,2.26700000,17.10000000,2.36
1749264896,2.26600000,11.10000000,2.36
1749264896,2.26500000,31.60000000,2.36
1749264896,2.26400000,138.80000000,2.36
1749264896,2.26300000,3.80000000,2.36
1749264896,2.26200000,139.20000000,2.36
1749264896,2.26100000,226.60000000,2.36
1749265198,2.36300000,1196.00000000,2.364
1749265198,2.36200000,6520.60000000,2.364
1749265198,2.36100000,9726.20000000,2.364
1749265198,2.36000000,18844.50000000,2.364
1749265198,2.35900000,20985.60000000,2.364
1749265198,2.35800000,17651.80000000,2.364
1749265198,2.35700000,21672.20000000,2.364
1749265198,2.35600000,12399.40000000,2.364
1749265198,2.35500000,5588.40000000,2.364
1749265198,2.35400000,5703.80000000,2.364
1749265198,2.35300000,15001.90000000,2.364
1749265198,2.35200000,2623.80000000,2.364
1749265198,2.35100000,12198.60000000,2.364
1749265198,2.35000000,3536.10000000,2.364
1749265198,2.34900000,2593.90000000,2.364
1749265198,2.34800000,11047.30000000,2.364
1749265198,2.34700000,5828.70000000,2.364
1749265198,2.34600000,3133.60000000,2.364
1749265198,2.34500000,2412.40000000,2.364
1749265198,2.34400000,2552.10000000,2.364
1749265198,2.34300000,5526.30000000,2.364
1749265198,2.34200000,1486.40000000,2.364
1749265198,2.34100000,16721.50000000,2.364
1749265198,2.34000000,1837.00000000,2.364
1749265198,2.33900000,1217.70000000,2.364
1749265198,2.33800000,1159.80000000,2.364
1749265198,2.33700000,3701.60000000,2.364
1749265198,2.33600000,1168.00000000,2.364
1749265198,2.33500000,1098.90000000,2.364
1749265198,2.33400000,1652.70000000,2.364
1749265198,2.33300000,3853.60000000,2.364
1749265198,2.33200000,1298.40000000,2.364
1749265198,2.33100000,1135.40000000,2.364
1749265198,2.33000000,1263.80000000,2.364
1749265198,2.32900000,1876.20000000,2.364
1749265198,2.32800000,4857.20000000,2.364
1749265198,2.32700000,1953.80000000,2.364
1749265198,2.32600000,1336.10000000,2.364
1749265198,2.32500000,82.00000000,2.364
1749265198,2.32400000,2051.90000000,2.364
1749265198,2.32300000,373.00000000,2.364
1749265198,2.32200000,2790.00000000,2.364
1749265198,2.32100000,689.60000000,2.364
1749265198,2.32000000,949.30000000,2.364
1749265198,2.31900000,26.10000000,2.364
1749265198,2.31800000,31204.40000000,2.364
1749265198,2.31700000,1175.80000000,2.364
1749265198,2.31600000,149.30000000,2.364
1749265198,2.31500000,300.30000000,2.364
1749265198,2.31400000,565.30000000,2.364
1749265198,2.31300000,9.10000000,2.364
1749265198,2.31200000,17.70000000,2.364
1749265198,2.31100000,225.20000000,2.364
1749265198,2.31000000,4024.60000000,2.364
1749265198,2.30900000,19.90000000,2.364
1749265198,2.30800000,41.30000000,2.364
1749265198,2.30700000,30.80000000,2.364
1749265198,2.30600000,438.00000000,2.364
1749265198,2.30500000,22.60000000,2.364
1749265198,2.30400000,125.30000000,2.364
1749265198,2.30300000,63.10000000,2.364
1749265198,2.30200000,241.40000000,2.364
1749265198,2.30100000,79.40000000,2.364
1749265198,2.30000000,1654.10000000,2.364
1749265198,2.29900000,190.90000000,2.364
1749265198,2.29800000,118.80000000,2.364
1749265198,2.29700000,55.80000000,2.364
1749265198,2.29600000,4227.70000000,2.364
1749265198,2.29500000,23.80000000,2.364
1749265198,2.29400000,11.40000000,2.364
1749265198,2.29300000,8.20000000,2.364
1749265198,2.29200000,121.80000000,2.364
1749265198,2.29100000,53.30000000,2.364
1749265198,2.29000000,458.40000000,2.364
1749265198,2.28900000,9.10000000,2.364
1749265198,2.28800000,7.10000000,2.364
1749265198,2.28700000,52.50000000,2.364
1749265198,2.28600000,11.00000000,2.364
1749265198,2.28500000,58.10000000,2.364
1749265198,2.28400000,25.00000000,2.364
1749265198,2.28300000,26.30000000,2.364
1749265198,2.28200000,765.60000000,2.364
1749265198,2.28100000,76.90000000,2.364
1749265198,2.28000000,13330.70000000,2.364
1749265198,2.27900000,292.90000000,2.364
1749265198,2.27800000,47.20000000,2.364
1749265198,2.27700000,57.10000000,2.364
1749265198,2.27600000,71.10000000,2.364
1749265198,2.27500000,64.60000000,2.364
1749265198,2.27400000,74.20000000,2.364
1749265198,2.27300000,327.00000000,2.364
1749265198,2.27200000,30.40000000,2.364
1749265198,2.27100000,4.70000000,2.364
1749265198,2.27000000,771.00000000,2.364
1749265198,2.26900000,879.90000000,2.364
1749265198,2.26800000,21.00000000,2.364
1749265198,2.26700000,17.10000000,2.364
1749265198,2.26600000,11.10000000,2.364
1749265198,2.26500000,31.60000000,2.364
1749265198,2.26400000,138.80000000,2.364
1749265499,2.36800000,2243.60000000,2.368
1749265499,2.36700000,6581.20000000,2.368
1749265499,2.36600000,11874.80000000,2.368
1749265499,2.36500000,14361.70000000,2.368
1749265499,2.36400000,19606.30000000,2.368
1749265499,2.36300000,12962.90000000,2.368
1749265499,2.36200000,18264.20000000,2.368
1749265499,2.36100000,11361.20000000,2.368
1749265499,2.36000000,3675.70000000,2.368
1749265499,2.35900000,4164.80000000,2.368
1749265499,2.35800000,9055.70000000,2.368
1749265499,2.35700000,8535.00000000,2.368
1749265499,2.35600000,11513.30000000,2.368
1749265499,2.35500000,2797.20000000,2.368
1749265499,2.35400000,3376.30000000,2.368
1749265499,2.35300000,11044.50000000,2.368
1749265499,2.35200000,5394.50000000,2.368
1749265499,2.35100000,4117.60000000,2.368
1749265499,2.35000000,1794.20000000,2.368
1749265499,2.34900000,1670.40000000,2.368
1749265499,2.34800000,1123.80000000,2.368
1749265499,2.34700000,1121.40000000,2.368
1749265499,2.34600000,17324.30000000,2.368
1749265499,2.34500000,1127.20000000,2.368
1749265499,2.34400000,1139.60000000,2.368
1749265499,2.34300000,5734.30000000,2.368
1749265499,2.34200000,1486.40000000,2.368
1749265499,2.34100000,1126.10000000,2.368
1749265499,2.34000000,1973.10000000,2.368
1749265499,2.33900000,1565.00000000,2.368
1749265499,2.33800000,3423.10000000,2.368
1749265499,2.33700000,2702.30000000,2.368
1749265499,2.33600000,1476.90000000,2.368
1749265499,2.33500000,4242.70000000,2.368
1749265499,2.33400000,52.80000000,2.368
1749265499,2.33300000,796.20000000,2.368
1749265499,2.33200000,227.30000000,2.368
1749265499,2.33100000,154.20000000,2.368
1749265499,2.33000000,146.60000000,2.368
1749265499,2.32900000,11.50000000,2.368
1749265499,2.32800000,2895.00000000,2.368
1749265499,2.32700000,16.00000000,2.368
1749265499,2.32600000,4.40000000,2.368
1749265499,2.32500000,141.90000000,2.368
1749265499,2.32400000,2131.60000000,2.368
1749265499,2.32300000,369.70000000,2.368
1749265499,2.32200000,31354.90000000,2.368
1749265499,2.32100000,913.50000000,2.368
1749265499,2.32000000,1043.60000000,2.368
1749265499,2.31900000,26.10000000,2.368
1749265499,2.31800000,4.40000000,2.368
1749265499,2.31700000,1072.30000000,2.368
1749265499,2.31600000,60.70000000,2.368
1749265499,2.31500000,2900.10000000,2.368
1749265499,2.31400000,180.30000000,2.368
1749265499,2.31300000,9.10000000,2.368
1749265499,2.31200000,54.20000000,2.368
1749265499,2.31100000,225.20000000,2.368
1749265499,2.31000000,1376.00000000,2.368
1749265499,2.30900000,63.10000000,2.368
1749265499,2.30800000,127.70000000,2.368
1749265499,2.30700000,30.80000000,2.368
1749265499,2.30600000,438.00000000,2.368
1749265499,2.30500000,22.60000000,2.368
1749265499,2.30400000,38.70000000,2.368
1749265499,2.30300000,19.80000000,2.368
1749265499,2.30200000,21.50000000,2.368
1749265499,2.30100000,36.40000000,2.368
1749265499,2.30000000,1654.10000000,2.368
1749265499,2.29900000,234.30000000,2.368
1749265499,2.29800000,118.80000000,2.368
1749265499,2.29700000,142.60000000,2.368
1749265499,2.29600000,4271.00000000,2.368
1749265499,2.29500000,23.70000000,2.368
1749265499,2.29400000,50.20000000,2.368
1749265499,2.29300000,77.90000000,2.368
1749265499,2.29200000,30.40000000,2.368
1749265499,2.29100000,48.90000000,2.368
1749265499,2.29000000,338.20000000,2.368
1749265499,2.28900000,101.30000000,2.368
1749265499,2.28800000,2.70000000,2.368
1749265499,2.28700000,52.50000000,2.368
1749265499,2.28600000,11.00000000,2.368
1749265499,2.28500000,58.10000000,2.368
1749265499,2.28400000,25.00000000,2.368
1749265499,2.28300000,26.30000000,2.368
1749265499,2.28200000,203.40000000,2.368
1749265499,2.28100000,76.90000000,2.368
1749265499,2.28000000,13330.70000000,2.368
1749265499,2.27900000,259.60000000,2.368
1749265499,2.27800000,43.60000000,2.368
1749265499,2.27700000,57.60000000,2.368
1749265499,2.27600000,71.10000000,2.368
1749265499,2.27500000,60.70000000,2.368
1749265499,2.27400000,15.70000000,2.368
1749265499,2.27300000,224.20000000,2.368
1749265499,2.27200000,30.40000000,2.368
1749265499,2.27100000,4.70000000,2.368
1749265499,2.27000000,771.00000000,2.368
1749265499,2.26900000,879.90000000,2.368
1749265801,2.37000000,1396.30000000,2.371
1749265801,2.36900000,7071.20000000,2.371
1749265801,2.36800000,9953.90000000,2.371
1749265801,2.36700000,20628.20000000,2.371
1749265801,2.36600000,26092.80000000,2.371
1749265801,2.36500000,25785.70000000,2.371
1749265801,2.36400000,5712.20000000,2.371
1749265801,2.36300000,11432.50000000,2.371
1749265801,2.36200000,6627.20000000,2.371
1749265801,2.36100000,6595.50000000,2.371
1749265801,2.36000000,8176.20000000,2.371
1749265801,2.35900000,7149.90000000,2.371
1749265801,2.35800000,10423.50000000,2.371
1749265801,2.35700000,2793.20000000,2.371
1749265801,2.35600000,2063.00000000,2.371
1749265801,2.35500000,13884.40000000,2.371
1749265801,2.35400000,3721.40000000,2.371
1749265801,2.35300000,2002.40000000,2.371
1749265801,2.35200000,3022.10000000,2.371
1749265801,2.35100000,1130.10000000,2.371
1749265801,2.35000000,1406.40000000,2.371
1749265801,2.34900000,21171.20000000,2.371
1749265801,2.34800000,1165.90000000,2.371
1749265801,2.34700000,1163.90000000,2.371
1749265801,2.34600000,1766.80000000,2.371
1749265801,2.34500000,1127.20000000,2.371
1749265801,2.34400000,1194.50000000,2.371
1749265801,2.34300000,1751.40000000,2.371
1749265801,2.34200000,1486.40000000,2.371
1749265801,2.34100000,1126.10000000,2.371
1749265801,2.34000000,1973.10000000,2.371
1749265801,2.33900000,1425.10000000,2.371
1749265801,2.33800000,3423.10000000,2.371
1749265801,2.33700000,4705.60000000,2.371
1749265801,2.33600000,1519.60000000,2.371
1749265801,2.33500000,4242.70000000,2.371
1749265801,2.33400000,10.10000000,2.371
1749265801,2.33300000,35.80000000,2.371
1749265801,2.33200000,184.50000000,2.371
1749265801,2.33100000,25.80000000,2.371
1749265801,2.33000000,587.50000000,2.371
1749265801,2.32900000,11.50000000,2.371
1749265801,2.32800000,2895.00000000,2.371
1749265801,2.32700000,16.00000000,2.371
1749265801,2.32600000,31204.40000000,2.371
1749265801,2.32500000,145.20000000,2.371
1749265801,2.32400000,128.30000000,2.371
1749265801,2.32300000,369.70000000,2.371
1749265801,2.32200000,69.10000000,2.371
1749265801,2.32100000,918.60000000,2.371
1749265801,2.32000000,3238.00000000,2.371
1749265801,2.31900000,26.10000000,2.371
1749265801,2.31800000,4.40000000,2.371
1749265801,2.31700000,1072.30000000,2.371
1749265801,2.31600000,60.70000000,2.371
1749265801,2.31500000,171.00000000,2.371
1749265801,2.31400000,180.30000000,2.371
1749265801,2.31300000,9.10000000,2.371
1749265801,2.31200000,97.30000000,2.371
1749265801,2.31100000,225.20000000,2.371
1749265801,2.31000000,1289.60000000,2.371
1749265801,2.30900000,19.90000000,2.371
1749265801,2.30800000,41.30000000,2.371
1749265801,2.30700000,30.80000000,2.371
1749265801,2.30600000,438.00000000,2.371
1749265801,2.30500000,22.60000000,2.371
1749265801,2.30400000,38.70000000,2.371
1749265801,2.30300000,19.80000000,2.371
1749265801,2.30200000,21.50000000,2.371
1749265801,2.30100000,39.90000000,2.371
1749265801,2.30000000,1724.40000000,2.371
1749265801,2.29900000,234.30000000,2.371
1749265801,2.29800000,118.80000000,2.371
1749265801,2.29700000,55.80000000,2.371
1749265801,2.29600000,4227.60000000,2.371
1749265801,2.29500000,23.70000000,2.371
1749265801,2.29400000,45.90000000,2.371
1749265801,2.29300000,73.60000000,2.371
1749265801,2.29200000,30.40000000,2.371
1749265801,2.29100000,48.90000000,2.371
1749265801,2.29000000,338.20000000,2.371
1749265801,2.28900000,101.30000000,2.371
1749265801,2.28800000,2.70000000,2.371
1749265801,2.28700000,52.50000000,2.371
1749265801,2.28600000,11.00000000,2.371
1749265801,2.28500000,190.10000000,2.371
1749265801,2.28400000,25.00000000,2.371
1749265801,2.28300000,26.30000000,2.371
1749265801,2.28200000,203.40000000,2.371
1749265801,2.28100000,76.90000000,2.371
1749265801,2.28000000,13330.70000000,2.371
1749265801,2.27900000,259.60000000,2.371
1749265801,2.27800000,47.40000000,2.371
1749265801,2.27700000,57.60000000,2.371
1749265801,2.27600000,71.10000000,2.371
1749265801,2.27500000,60.70000000,2.371
1749265801,2.27400000,15.70000000,2.371
1749265801,2.27300000,224.20000000,2.371
1749265801,2.27200000,30.40000000,2.371
1749265801,2.27100000,4.70000000,2.371
1749266102,2.37900000,1377.90000000,2.379
1749266102,2.37800000,11804.90000000,2.379
1749266102,2.37700000,10433.50000000,2.379
1749266102,2.37600000,18338.70000000,2.379
1749266102,2.37500000,21963.10000000,2.379
1749266102,2.37400000,14576.30000000,2.379
1749266102,2.37300000,21086.50000000,2.379
1749266102,2.37200000,10257.40000000,2.379
1749266102,2.37100000,6525.00000000,2.379
1749266102,2.37000000,3905.40000000,2.379
1749266102,2.36900000,10200.40000000,2.379
1749266102,2.36800000,3648.60000000,2.379
1749266102,2.36700000,16888.40000000,2.379
1749266102,2.36600000,2884.40000000,2.379
1749266102,2.36500000,3695.10000000,2.379
1749266102,2.36400000,11829.60000000,2.379
1749266102,2.36300000,5819.80000000,2.379
1749266102,2.36200000,4336.70000000,2.379
1749266102,2.36100000,2980.70000000,2.379
1749266102,2.36000000,3059.50000000,2.379
1749266102,2.35900000,2002.40000000,2.379
1749266102,2.35800000,17291.20000000,2.379
1749266102,2.35700000,1123.90000000,2.379
1749266102,2.35600000,1244.00000000,2.379
1749266102,2.35500000,5601.60000000,2.379
1749266102,2.35400000,1172.10000000,2.379
1749266102,2.35300000,1163.80000000,2.379
1749266102,2.35200000,1723.00000000,2.379
1749266102,2.35100000,1130.10000000,2.379
1749266102,2.35000000,4829.70000000,2.379
1749266102,2.34900000,1186.40000000,2.379
1749266102,2.34800000,1208.40000000,2.379
1749266102,2.34700000,3117.30000000,2.379
1749266102,2.34600000,1254.90000000,2.379
1749266102,2.34500000,8137.40000000,2.379
1749266102,2.34400000,700.70000000,2.379
1749266102,2.34300000,1595.80000000,2.379
1749266102,2.34200000,4534.80000000,2.379
1749266102,2.34100000,733.30000000,2.379
1749266102,2.34000000,908.90000000,2.379
1749266102,2.33900000,688.70000000,2.379
1749266102,2.33800000,48.70000000,2.379
1749266102,2.33700000,2042.40000000,2.379
1749266102,2.33600000,153.50000000,2.379
1749266102,2.33500000,246.20000000,2.379
1749266102,2.33400000,31206.80000000,2.379
1749266102,2.33300000,34.90000000,2.379
1749266102,2.33200000,224.00000000,2.379
1749266102,2.33100000,197.00000000,2.379
1749266102,2.33000000,813.90000000,2.379
1749266102,2.32900000,11.50000000,2.379
1749266102,2.32800000,2892.60000000,2.379
1749266102,2.32700000,2741.70000000,2.379
1749266102,2.32600000,17.20000000,2.379
1749266102,2.32500000,42.10000000,2.379
1749266102,2.32400000,85.40000000,2.379
1749266102,2.32300000,369.70000000,2.379
1749266102,2.32200000,69.10000000,2.379
1749266102,2.32100000,692.80000000,2.379
1749266102,2.32000000,762.10000000,2.379
1749266102,2.31900000,26.10000000,2.379
1749266102,2.31800000,4.40000000,2.379
1749266102,2.31700000,14882.30000000,2.379
1749266102,2.31600000,47.80000000,2.379
1749266102,2.31500000,171.00000000,2.379
1749266102,2.31400000,180.30000000,2.379
1749266102,2.31300000,9.10000000,2.379
1749266102,2.31200000,54.20000000,2.379
1749266102,2.31100000,225.20000000,2.379
1749266102,2.31000000,1289.60000000,2.379
1749266102,2.30900000,19.90000000,2.379
1749266102,2.30800000,223.10000000,2.379
1749266102,2.30700000,30.80000000,2.379
1749266102,2.30600000,438.00000000,2.379
1749266102,2.30500000,22.60000000,2.379
1749266102,2.30400000,81.60000000,2.379
1749266102,2.30300000,15.40000000,2.379
1749266102,2.30200000,17.10000000,2.379
1749266102,2.30100000,35.50000000,2.379
1749266102,2.30000000,1612.30000000,2.379
1749266102,2.29900000,186.50000000,2.379
1749266102,2.29800000,114.40000000,2.379
1749266102,2.29700000,51.40000000,2.379
1749266102,2.29600000,4223.30000000,2.379
1749266102,2.29500000,19.40000000,2.379
1749266102,2.29400000,45.90000000,2.379
1749266102,2.29300000,73.60000000,2.379
1749266102,2.29200000,30.40000000,2.379
1749266102,2.29100000,5.70000000,2.379
1749266102,2.29000000,338.20000000,2.379
1749266102,2.28900000,101.30000000,2.379
1749266102,2.28800000,2.70000000,2.379
1749266102,2.28700000,52.50000000,2.379
1749266102,2.28600000,11.00000000,2.379
1749266102,2.28500000,190.10000000,2.379
1749266102,2.28400000,25.00000000,2.379
1749266102,2.28300000,26.30000000,2.379
1749266102,2.28200000,203.40000000,2.379
1749266102,2.28100000,76.90000000,2.379
1749266102,2.28000000,13330.70000000,2.379
1749266404,2.37400000,4644.70000000,2.375
1749266404,2.37300000,12337.00000000,2.375
1749266404,2.37200000,23432.40000000,2.375
1749266404,2.37100000,23665.50000000,2.375
1749266404,2.37000000,12655.50000000,2.375
1749266404,2.36900000,25099.20000000,2.375
1749266404,2.36800000,9782.50000000,2.375
1749266404,2.36700000,8688.30000000,2.375
1749266404,2.36600000,4043.50000000,2.375
1749266404,2.36500000,2053.90000000,2.375
1749266404,2.36400000,7155.70000000,2.375
1749266404,2.36300000,13255.10000000,2.375
1749266404,2.36200000,2050.40000000,2.375
1749266404,2.36100000,6509.40000000,2.375
1749266404,2.36000000,3183.80000000,2.375
1749266404,2.35900000,10163.50000000,2.375
1749266404,2.35800000,4025.60000000,2.375
1749266404,2.35700000,1165.90000000,2.375
1749266404,2.35600000,1710.70000000,2.375
1749266404,2.35500000,17303.90000000,2.375
1749266404,2.35400000,10307.50000000,2.375
1749266404,2.35300000,1121.40000000,2.375
1749266404,2.35200000,1723.00000000,2.375
1749266404,2.35100000,1130.10000000,2.375
1749266404,2.35000000,4829.70000000,2.375
1749266404,2.34900000,1186.40000000,2.375
1749266404,2.34800000,1166.30000000,2.375
1749266404,2.34700000,3117.30000000,2.375
1749266404,2.34600000,816.00000000,2.375
1749266404,2.34500000,765.40000000,2.375
1749266404,2.34400000,704.00000000,2.375
1749266404,2.34300000,8480.80000000,2.375
1749266404,2.34200000,1812.90000000,2.375
1749266404,2.34100000,737.50000000,2.375
1749266404,2.34000000,3605.50000000,2.375
1749266404,2.33900000,10.40000000,2.375
1749266404,2.33800000,48.70000000,2.375
1749266404,2.33700000,2717.40000000,2.375
1749266404,2.33600000,50.80000000,2.375
1749266404,2.33500000,1174.10000000,2.375
1749266404,2.33400000,17.50000000,2.375
1749266404,2.33300000,34.90000000,2.375
1749266404,2.33200000,226.10000000,2.375
1749266404,2.33100000,25.80000000,2.375
1749266404,2.33000000,458.50000000,2.375
1749266404,2.32900000,31211.50000000,2.375
1749266404,2.32800000,2895.20000000,2.375
1749266404,2.32700000,2731.00000000,2.375
1749266404,2.32600000,234.30000000,2.375
1749266404,2.32500000,42.10000000,2.375
1749266404,2.32400000,85.40000000,2.375
1749266404,2.32300000,334.50000000,2.375
1749266404,2.32200000,69.10000000,2.375
1749266404,2.32100000,692.80000000,2.375
1749266404,2.32000000,547.10000000,2.375
1749266404,2.31900000,26.10000000,2.375
1749266404,2.31800000,4.40000000,2.375
1749266404,2.31700000,102.10000000,2.375
1749266404,2.31600000,13828.80000000,2.375
1749266404,2.31500000,171.00000000,2.375
1749266404,2.31400000,180.30000000,2.375
1749266404,2.31300000,9.10000000,2.375
1749266404,2.31200000,54.20000000,2.375
1749266404,2.31100000,225.20000000,2.375
1749266404,2.31000000,1289.60000000,2.375
1749266404,2.30900000,19.90000000,2.375
1749266404,2.30800000,50.30000000,2.375
1749266404,2.30700000,30.80000000,2.375
1749266404,2.30600000,438.00000000,2.375
1749266404,2.30500000,80.30000000,2.375
1749266404,2.30400000,180.20000000,2.375
1749266404,2.30300000,19.70000000,2.375
1749266404,2.30200000,21.40000000,2.375
1749266404,2.30100000,39.80000000,2.375
1749266404,2.30000000,1616.60000000,2.375
1749266404,2.29900000,190.80000000,2.375
1749266404,2.29800000,114.40000000,2.375
1749266404,2.29700000,51.40000000,2.375
1749266404,2.29600000,4223.30000000,2.375
1749266404,2.29500000,19.40000000,2.375
1749266404,2.29400000,45.90000000,2.375
1749266404,2.29300000,73.60000000,2.375
1749266404,2.29200000,30.40000000,2.375
1749266404,2.29100000,5.70000000,2.375
1749266404,2.29000000,280.00000000,2.375
1749266404,2.28900000,4.70000000,2.375
1749266404,2.28800000,2.70000000,2.375
1749266404,2.28700000,52.50000000,2.375
1749266404,2.28600000,11.00000000,2.375
1749266404,2.28500000,190.10000000,2.375
1749266404,2.28400000,25.00000000,2.375
1749266404,2.28300000,26.30000000,2.375
1749266404,2.28200000,203.40000000,2.375
1749266404,2.28100000,76.90000000,2.375
1749266404,2.28000000,13085.20000000,2.375
1749266404,2.27900000,259.60000000,2.375
1749266404,2.27800000,47.40000000,2.375
1749266404,2.27700000,57.60000000,2.375
1749266404,2.27600000,71.10000000,2.375
1749266404,2.27500000,60.70000000,2.375
1749266705,2.38200000,3325.90000000,2.383
1749266705,2.38100000,10248.80000000,2.383
1749266705,2.38000000,16934.00000000,2.383
1749266705,2.37900000,21951.00000000,2.383
1749266705,2.37800000,16058.10000000,2.383
1749266705,2.37700000,27531.00000000,2.383
1749266705,2.37600000,3989.90000000,2.383
1749266705,2.37500000,4417.70000000,2.383
1749266705,2.37400000,3162.90000000,2.383
1749266705,2.37300000,6538.60000000,2.383
1749266705,2.37200000,3324.40000000,2.383
1749266705,2.37100000,11735.40000000,2.383
1749266705,2.37000000,9586.00000000,2.383
1749266705,2.36900000,9470.50000000,2.383
1749266705,2.36800000,11384.80000000,2.383
1749266705,2.36700000,3475.70000000,2.383
1749266705,2.36600000,5252.30000000,2.383
1749266705,2.36500000,11009.30000000,2.383
1749266705,2.36400000,3001.70000000,2.383
1749266705,2.36300000,4989.90000000,2.383
1749266705,2.36200000,16831.50000000,2.383
1749266705,2.36100000,5586.40000000,2.383
1749266705,2.36000000,1947.10000000,2.383
1749266705,2.35900000,1121.40000000,2.383
1749266705,2.35800000,1691.20000000,2.383
1749266705,2.35700000,1165.90000000,2.383
1749266705,2.35600000,1139.60000000,2.383
1749266705,2.35500000,1844.60000000,2.383
1749266705,2.35400000,1307.50000000,2.383
1749266705,2.35300000,3848.80000000,2.383
1749266705,2.35200000,1880.70000000,2.383
1749266705,2.35100000,8140.30000000,2.383
1749266705,2.35000000,1833.40000000,2.383
1749266705,2.34900000,1937.40000000,2.383
1749266705,2.34800000,1123.80000000,2.383
1749266705,2.34700000,2720.50000000,2.383
1749266705,2.34600000,1587.50000000,2.383
1749266705,2.34500000,3459.60000000,2.383
1749266705,2.34400000,1137.80000000,2.383
1749266705,2.34300000,1429.50000000,2.383
1749266705,2.34200000,387.50000000,2.383
1749266705,2.34100000,16.60000000,2.383
1749266705,2.34000000,230.60000000,2.383
1749266705,2.33900000,10.40000000,2.383
1749266705,2.33800000,48.70000000,2.383
1749266705,2.33700000,33242.40000000,2.383
1749266705,2.33600000,67.80000000,2.383
1749266705,2.33500000,1395.50000000,2.383
1749266705,2.33400000,59.90000000,2.383
1749266705,2.33300000,34.90000000,2.383
1749266705,2.33200000,183.30000000,2.383
1749266705,2.33100000,25.80000000,2.383
1749266705,2.33000000,516.30000000,2.383
1749266705,2.32900000,54.30000000,2.383
1749266705,2.32800000,2895.20000000,2.383
1749266705,2.32700000,2731.00000000,2.383
1749266705,2.32600000,4.40000000,2.383
1749266705,2.32500000,42.10000000,2.383
1749266705,2.32400000,42.90000000,2.383
1749266705,2.32300000,334.50000000,2.383
1749266705,2.32200000,111.70000000,2.383
1749266705,2.32100000,692.80000000,2.383
1749266705,2.32000000,14314.10000000,2.383
1749266705,2.31900000,26.10000000,2.383
1749266705,2.31800000,4.40000000,2.383
1749266705,2.31700000,102.10000000,2.383
1749266705,2.31600000,47.80000000,2.383
1749266705,2.31500000,214.10000000,2.383
1749266705,2.31400000,180.30000000,2.383
1749266705,2.31300000,9.10000000,2.383
1749266705,2.31200000,11.40000000,2.383
1749266705,2.31100000,225.20000000,2.383
1749266705,2.31000000,1289.60000000,2.383
1749266705,2.30900000,19.90000000,2.383
1749266705,2.30800000,50.30000000,2.383
1749266705,2.30700000,30.70000000,2.383
1749266705,2.30600000,433.60000000,2.383
1749266705,2.30500000,76.00000000,2.383
1749266705,2.30400000,175.90000000,2.383
1749266705,2.30300000,15.40000000,2.383
1749266705,2.30200000,17.10000000,2.383
1749266705,2.30100000,35.50000000,2.383
1749266705,2.30000000,1775.90000000,2.383
1749266705,2.29900000,186.50000000,2.383
1749266705,2.29800000,114.40000000,2.383
1749266705,2.29700000,51.40000000,2.383
1749266705,2.29600000,4223.30000000,2.383
1749266705,2.29500000,19.40000000,2.383
1749266705,2.29400000,45.90000000,2.383
1749266705,2.29300000,73.60000000,2.383
1749266705,2.29200000,30.40000000,2.383
1749266705,2.29100000,5.70000000,2.383
1749266705,2.29000000,280.00000000,2.383
1749266705,2.28900000,4.70000000,2.383
1749266705,2.28800000,2.70000000,2.383
1749266705,2.28700000,52.50000000,2.383
1749266705,2.28600000,11.00000000,2.383
1749266705,2.28500000,190.10000000,2.383
1749266705,2.28400000,25.00000000,2.383
1749266705,2.28300000,26.30000000,2.383
1749267007,2.38000000,6324.20000000,2.38
1749267007,2.37900000,7402.00000000,2.38
1749267007,2.37800000,12572.40000000,2.38
1749267007,2.37700000,20271.00000000,2.38
1749267007,2.37600000,23487.50000000,2.38
1749267007,2.37500000,25929.60000000,2.38
1749267007,2.37400000,9460.80000000,2.38
1749267007,2.37300000,14022.60000000,2.38
1749267007,2.37200000,2257.40000000,2.38
1749267007,2.37100000,6112.90000000,2.38
1749267007,2.37000000,4190.50000000,2.38
1749267007,2.36900000,2044.50000000,2.38
1749267007,2.36800000,10200.60000000,2.38
1749267007,2.36700000,2683.70000000,2.38
1749267007,2.36600000,3009.90000000,2.38
1749267007,2.36500000,11453.80000000,2.38
1749267007,2.36400000,5327.00000000,2.38
1749267007,2.36300000,2384.90000000,2.38
1749267007,2.36200000,1231.50000000,2.38
1749267007,2.36100000,5586.40000000,2.38
1749267007,2.36000000,6447.10000000,2.38
1749267007,2.35900000,16721.40000000,2.38
1749267007,2.35800000,2416.50000000,2.38
1749267007,2.35700000,3161.80000000,2.38
1749267007,2.35600000,1139.60000000,2.38
1749267007,2.35500000,10844.60000000,2.38
1749267007,2.35400000,1362.10000000,2.38
1749267007,2.35300000,3806.40000000,2.38
1749267007,2.35200000,1838.30000000,2.38
1749267007,2.35100000,8140.30000000,2.38
1749267007,2.35000000,4574.90000000,2.38
1749267007,2.34900000,1882.70000000,2.38
1749267007,2.34800000,1123.80000000,2.38
1749267007,2.34700000,682.50000000,2.38
1749267007,2.34600000,901.00000000,2.38
1749267007,2.34500000,3459.60000000,2.38
1749267007,2.34400000,1143.20000000,2.38
1749267007,2.34300000,13.10000000,2.38
1749267007,2.34200000,1062.50000000,2.38
1749267007,2.34100000,16.60000000,2.38
1749267007,2.34000000,230.60000000,2.38
1749267007,2.33900000,820.90000000,2.38
1749267007,2.33800000,48.70000000,2.38
1749267007,2.33700000,39.10000000,2.38
1749267007,2.33600000,65.40000000,2.38
1749267007,2.33500000,32385.70000000,2.38
1749267007,2.33400000,59.90000000,2.38
1749267007,2.33300000,30.80000000,2.38
1749267007,2.33200000,2892.50000000,2.38
1749267007,2.33100000,28.70000000,2.38
1749267007,2.33000000,722.40000000,2.38
1749267007,2.32900000,11.50000000,2.38
1749267007,2.32800000,2895.20000000,2.38
1749267007,2.32700000,16.00000000,2.38
1749267007,2.32600000,4.40000000,2.38
1749267007,2.32500000,42.10000000,2.38
1749267007,2.32400000,13812.40000000,2.38
1749267007,2.32300000,334.50000000,2.38
1749267007,2.32200000,111.70000000,2.38
1749267007,2.32100000,692.80000000,2.38
1749267007,2.32000000,504.10000000,2.38
1749267007,2.31900000,26.10000000,2.38
1749267007,2.31800000,4.40000000,2.38
1749267007,2.31700000,102.10000000,2.38
1749267007,2.31600000,47.80000000,2.38
1749267007,2.31500000,205.40000000,2.38
1749267007,2.31400000,180.30000000,2.38
1749267007,2.31300000,9.10000000,2.38
1749267007,2.31200000,11.40000000,2.38
1749267007,2.31100000,225.20000000,2.38
1749267007,2.31000000,1289.60000000,2.38
1749267007,2.30900000,19.90000000,2.38
1749267007,2.30800000,50.20000000,2.38
1749267007,2.30700000,30.70000000,2.38
1749267007,2.30600000,437.90000000,2.38
1749267007,2.30500000,80.30000000,2.38
1749267007,2.30400000,175.90000000,2.38
1749267007,2.30300000,15.40000000,2.38
1749267007,2.30200000,17.10000000,2.38
1749267007,2.30100000,35.50000000,2.38
1749267007,2.30000000,1775.90000000,2.38
1749267007,2.29900000,186.50000000,2.38
1749267007,2.29800000,114.40000000,2.38
1749267007,2.29700000,51.40000000,2.38
1749267007,2.29600000,4223.30000000,2.38
1749267007,2.29500000,19.40000000,2.38
1749267007,2.29400000,45.90000000,2.38
1749267007,2.29300000,73.60000000,2.38
1749267007,2.29200000,30.40000000,2.38
1749267007,2.29100000,5.70000000,2.38
1749267007,2.29000000,280.00000000,2.38
1749267007,2.28900000,4.70000000,2.38
1749267007,2.28800000,2.70000000,2.38
1749267007,2.28700000,52.50000000,2.38
1749267007,2.28600000,11.00000000,2.38
1749267007,2.28500000,190.10000000,2.38
1749267007,2.28400000,25.00000000,2.38
1749267007,2.28300000,26.30000000,2.38
1749267007,2.28200000,203.40000000,2.38
1749267007,2.28100000,76.90000000,2.38
1749267308,2.37800000,1920.50000000,2.378
1749267308,2.37700000,6645.80000000,2.378
1749267308,2.37600000,12212.60000000,2.378
1749267308,2.37500000,18516.20000000,2.378
1749267308,2.37400000,24122.10000000,2.378
1749267308,2.37300000,23317.70000000,2.378
1749267308,2.37200000,7578.80000000,2.378
1749267308,2.37100000,11585.20000000,2.378
1749267308,2.37000000,7085.60000000,2.378
1749267308,2.36900000,2046.90000000,2.378
1749267308,2.36800000,8452.30000000,2.378
1749267308,2.36700000,3117.70000000,2.378
1749267308,2.36600000,9882.20000000,2.378
1749267308,2.36500000,2051.30000000,2.378
1749267308,2.36400000,2620.70000000,2.378
1749267308,2.36300000,5436.70000000,2.378
1749267308,2.36200000,1573.80000000,2.378
1749267308,2.36100000,8827.20000000,2.378
1749267308,2.36000000,2370.80000000,2.378
1749267308,2.35900000,10121.40000000,2.378
1749267308,2.35800000,1691.20000000,2.378
1749267308,2.35700000,18761.80000000,2.378
1749267308,2.35600000,1244.00000000,2.378
1749267308,2.35500000,2570.80000000,2.378
1749267308,2.35400000,5862.10000000,2.378
1749267308,2.35300000,1121.40000000,2.378
1749267308,2.35200000,1838.30000000,2.378
1749267308,2.35100000,1130.10000000,2.378
1749267308,2.35000000,3836.70000000,2.378
1749267308,2.34900000,10131.70000000,2.378
1749267308,2.34800000,3814.50000000,2.378
1749267308,2.34700000,682.50000000,2.378
1749267308,2.34600000,816.00000000,2.378
1749267308,2.34500000,7768.20000000,2.378
1749267308,2.34400000,1143.20000000,2.378
1749267308,2.34300000,1423.10000000,2.378
1749267308,2.34200000,1797.40000000,2.378
1749267308,2.34100000,16.60000000,2.378
1749267308,2.34000000,2930.50000000,2.378
1749267308,2.33900000,778.60000000,2.378
1749267308,2.33800000,48.70000000,2.378
1749267308,2.33700000,39.10000000,2.378
1749267308,2.33600000,67.80000000,2.378
1749267308,2.33500000,2178.80000000,2.378
1749267308,2.33400000,59.90000000,2.378
1749267308,2.33300000,30.80000000,2.378
1749267308,2.33200000,34135.30000000,2.378
1749267308,2.33100000,28.70000000,2.378
1749267308,2.33000000,725.40000000,2.378
1749267308,2.32900000,11.50000000,2.378
1749267308,2.32800000,2895.20000000,2.378
1749267308,2.32700000,16.00000000,2.378
1749267308,2.32600000,4.40000000,2.378
1749267308,2.32500000,42.10000000,2.378
1749267308,2.32400000,42.90000000,2.378
1749267308,2.32300000,334.50000000,2.378
1749267308,2.32200000,111.70000000,2.378
1749267308,2.32100000,692.80000000,2.378
1749267308,2.32000000,504.10000000,2.378
1749267308,2.31900000,13801.40000000,2.378
1749267308,2.31800000,4.40000000,2.378
1749267308,2.31700000,102.10000000,2.378
1749267308,2.31600000,47.80000000,2.378
1749267308,2.31500000,162.30000000,2.378
1749267308,2.31400000,180.30000000,2.378
1749267308,2.31300000,9.10000000,2.378
1749267308,2.31200000,11.40000000,2.378
1749267308,2.31100000,225.20000000,2.378
1749267308,2.31000000,1289.60000000,2.378
1749267308,2.30900000,19.90000000,2.378
1749267308,2.30800000,50.20000000,2.378
1749267308,2.30700000,30.70000000,2.378
1749267308,2.30600000,437.90000000,2.378
1749267308,2.30500000,80.30000000,2.378
1749267308,2.30400000,180.20000000,2.378
1749267308,2.30300000,19.70000000,2.378
1749267308,2.30200000,17.10000000,2.378
1749267308,2.30100000,35.50000000,2.378
1749267308,2.30000000,1775.90000000,2.378
1749267308,2.29900000,186.50000000,2.378
1749267308,2.29800000,114.40000000,2.378
1749267308,2.29700000,51.40000000,2.378
1749267308,2.29600000,4223.30000000,2.378
1749267308,2.29500000,19.40000000,2.378
1749267308,2.29400000,45.90000000,2.378
1749267308,2.29300000,73.60000000,2.378
1749267308,2.29200000,30.40000000,2.378
1749267308,2.29100000,5.70000000,2.378
1749267308,2.29000000,280.00000000,2.378
1749267308,2.28900000,4.70000000,2.378
1749267308,2.28800000,2.70000000,2.378
1749267308,2.28700000,52.50000000,2.378
1749267308,2.28600000,11.00000000,2.378
1749267308,2.28500000,190.10000000,2.378
1749267308,2.28400000,25.00000000,2.378
1749267308,2.28300000,26.30000000,2.378
1749267308,2.28200000,203.40000000,2.378
1749267308,2.28100000,76.90000000,2.378
1749267308,2.28000000,13085.20000000,2.378
1749267308,2.27900000,259.60000000,2.378
1749267610,2.38400000,1347.40000000,2.384
1749267610,2.38300000,7250.60000000,2.384
1749267610,2.38200000,14559.80000000,2.384
1749267610,2.38100000,18084.60000000,2.384
1749267610,2.38000000,24530.70000000,2.384
1749267610,2.37900000,21926.60000000,2.384
1749267610,2.37800000,8775.90000000,2.384
1749267610,2.37700000,5954.50000000,2.384
1749267610,2.37600000,9247.80000000,2.384
1749267610,2.37500000,4168.10000000,2.384
1749267610,2.37400000,4219.20000000,2.384
1749267610,2.37300000,12381.00000000,2.384
1749267610,2.37200000,14171.90000000,2.384
1749267610,2.37100000,2252.70000000,2.384
1749267610,2.37000000,5568.70000000,2.384
1749267610,2.36900000,2044.50000000,2.384
1749267610,2.36800000,11924.00000000,2.384
1749267610,2.36700000,6014.30000000,2.384
1749267610,2.36600000,4769.20000000,2.384
1749267610,2.36500000,2409.80000000,2.384
1749267610,2.36400000,3001.70000000,2.384
1749267610,2.36300000,17599.20000000,2.384
1749267610,2.36200000,1555.80000000,2.384
1749267610,2.36100000,5628.60000000,2.384
1749267610,2.36000000,1947.10000000,2.384
1749267610,2.35900000,1121.40000000,2.384
1749267610,2.35800000,1691.20000000,2.384
1749267610,2.35700000,3161.80000000,2.384
1749267610,2.35600000,1244.00000000,2.384
1749267610,2.35500000,2570.80000000,2.384
1749267610,2.35400000,1362.10000000,2.384
1749267610,2.35300000,8108.10000000,2.384
1749267610,2.35200000,1838.30000000,2.384
1749267610,2.35100000,1130.10000000,2.384
1749267610,2.35000000,4626.80000000,2.384
1749267610,2.34900000,1880.20000000,2.384
1749267610,2.34800000,3375.60000000,2.384
1749267610,2.34700000,682.50000000,2.384
1749267610,2.34600000,816.00000000,2.384
1749267610,2.34500000,132.90000000,2.384
1749267610,2.34400000,473.70000000,2.384
1749267610,2.34300000,13.10000000,2.384
1749267610,2.34200000,387.50000000,2.384
1749267610,2.34100000,16.60000000,2.384
1749267610,2.34000000,2930.50000000,2.384
1749267610,2.33900000,778.60000000,2.384
1749267610,2.33800000,31248.70000000,2.384
1749267610,2.33700000,39.10000000,2.384
1749267610,2.33600000,65.40000000,2.384
1749267610,2.33500000,2178.80000000,2.384
1749267610,2.33400000,280.70000000,2.384
1749267610,2.33300000,30.80000000,2.384
1749267610,2.33200000,2892.50000000,2.384
1749267610,2.33100000,28.70000000,2.384
1749267610,2.33000000,516.30000000,2.384
1749267610,2.32900000,11.50000000,2.384
1749267610,2.32800000,2895.20000000,2.384
1749267610,2.32700000,16.00000000,2.384
1749267610,2.32600000,4.40000000,2.384
1749267610,2.32500000,42.10000000,2.384
1749267610,2.32400000,42.90000000,2.384
1749267610,2.32300000,14109.80000000,2.384
1749267610,2.32200000,111.70000000,2.384
1749267610,2.32100000,735.80000000,2.384
1749267610,2.32000000,504.10000000,2.384
1749267610,2.31900000,26.10000000,2.384
1749267610,2.31800000,4.40000000,2.384
1749267610,2.31700000,102.10000000,2.384
1749267610,2.31600000,47.80000000,2.384
1749267610,2.31500000,162.30000000,2.384
1749267610,2.31400000,180.30000000,2.384
1749267610,2.31300000,9.10000000,2.384
1749267610,2.31200000,11.40000000,2.384
1749267610,2.31100000,225.20000000,2.384
1749267610,2.31000000,1289.60000000,2.384
1749267610,2.30900000,19.90000000,2.384
1749267610,2.30800000,45.90000000,2.384
1749267610,2.30700000,26.40000000,2.384
1749267610,2.30600000,433.60000000,2.384
