timestamp,price,volume,current_price
1749260779,5.91000000,2757.12000000,5.92
1749260779,5.90000000,8392.80000000,5.92
1749260779,5.89000000,5662.51000000,5.92
1749260779,5.88000000,5086.73000000,5.92
1749260779,5.87000000,1090.32000000,5.92
1749260779,5.86000000,2980.86000000,5.92
1749260779,5.85000000,723.61000000,5.92
1749260779,5.84000000,962.08000000,5.92
1749260779,5.83000000,2011.22000000,5.92
1749260779,5.82000000,536.25000000,5.92
1749260779,5.81000000,545.20000000,5.92
1749260779,5.80000000,630.90000000,5.92
1749260779,5.79000000,314.35000000,5.92
1749260779,5.78000000,674.27000000,5.92
1749260779,5.77000000,333.58000000,5.92
1749260779,5.76000000,1097.09000000,5.92
1749260779,5.75000000,392.57000000,5.92
1749260779,5.74000000,675.72000000,5.92
1749260779,5.73000000,403.79000000,5.92
1749260779,5.72000000,253.15000000,5.92
1749260779,5.71000000,291.91000000,5.92
1749260779,5.70000000,327.05000000,5.92
1749260779,5.69000000,417.43000000,5.92
1749260779,5.68000000,254.27000000,5.92
1749260779,5.67000000,181.38000000,5.92
1749260779,5.66000000,161.92000000,5.92
1749260779,5.65000000,179.93000000,5.92
1749260779,5.64000000,164.90000000,5.92
1749260779,5.63000000,191.66000000,5.92
1749260779,5.62000000,166.05000000,5.92
1749260779,5.61000000,15.95000000,5.92
1749260779,5.60000000,1684.50000000,5.92
1749260779,5.59000000,174.52000000,5.92
1749260779,5.58000000,171.52000000,5.92
1749260779,5.57000000,3.22000000,5.92
1749260779,5.56000000,12.74000000,5.92
1749260779,5.55000000,15.32000000,5.92
1749260779,5.54000000,168.80000000,5.92
1749260779,5.53000000,180.78000000,5.92
1749260779,5.52000000,282.34000000,5.92
1749260779,5.51000000,762.75000000,5.92
1749260779,5.50000000,1702.22000000,5.92
1749260779,5.49000000,694.34000000,5.92
1749260779,5.48000000,8.33000000,5.92
1749260779,5.47000000,6.12000000,5.92
1749260779,5.46000000,15.80000000,5.92
1749260779,5.45000000,150.00000000,5.92
1749260779,5.44000000,73.61000000,5.92
1749260779,5.43000000,3.56000000,5.92
1749260779,5.42000000,97.60000000,5.92
1749260779,5.41000000,744.40000000,5.92
1749260779,5.40000000,210.03000000,5.92
1749260779,5.39000000,5.09000000,5.92
1749260779,5.38000000,43.43000000,5.92
1749260779,5.37000000,21.82000000,5.92
1749260779,5.36000000,13.57000000,5.92
1749260779,5.35000000,29.06000000,5.92
1749260779,5.34000000,6.47000000,5.92
1749260779,5.33000000,97.69000000,5.92
1749260779,5.32000000,124.47000000,5.92
1749260779,5.31000000,691.04000000,5.92
1749260779,5.30000000,1109.87000000,5.92
1749260779,5.29000000,3.25000000,5.92
1749260779,5.28000000,179.69000000,5.92
1749260779,5.27000000,19.90000000,5.92
1749260779,5.26000000,210.48000000,5.92
1749260779,5.25000000,313.75000000,5.92
1749260779,5.24000000,6.85000000,5.92
1749260779,5.23000000,3.19000000,5.92
1749260779,5.22000000,38.34000000,5.92
1749260779,5.21000000,436.61000000,5.92
1749260779,5.20000000,1793.62000000,5.92
1749260779,5.19000000,4030.63000000,5.92
1749260779,5.18000000,513.01000000,5.92
1749260779,5.17000000,1.60000000,5.92
1749260779,5.16000000,10.43000000,5.92
1749260779,5.15000000,726.18000000,5.92
1749260779,5.13000000,42.54000000,5.92
1749260779,5.12000000,40.73000000,5.92
1749260779,5.11000000,9.33000000,5.92
1749260779,5.10000000,434.46000000,5.92
1749260779,5.09000000,341.80000000,5.92
1749260779,5.08000000,26.17000000,5.92
1749260779,5.07000000,7.62000000,5.92
1749260779,5.06000000,4.39000000,5.92
1749260779,5.05000000,134.05000000,5.92
1749260779,5.04000000,2.84000000,5.92
1749260779,5.03000000,218.02000000,5.92
1749260779,5.02000000,274.11000000,5.92
1749260779,5.01000000,639.50000000,5.92
1749260779,5.00000000,4194.01000000,5.92
1749260779,4.99000000,87.64000000,5.92
1749260779,4.98000000,10.04000000,5.92
1749260779,4.97000000,1.87000000,5.92
1749260779,4.96000000,102.47000000,5.92
1749260779,4.95000000,8.38000000,5.92
1749260779,4.94000000,4.93000000,5.92
1749260779,4.93000000,20.38000000,5.92
1749260779,4.92000000,27.56000000,5.92
1749260779,4.91000000,35.16000000,5.92
1749261100,5.91000000,2594.14000000,5.91
1749261100,5.90000000,9174.26000000,5.91
1749261100,5.89000000,5404.03000000,5.91
1749261100,5.88000000,4408.06000000,5.91
1749261100,5.87000000,847.14000000,5.91
1749261100,5.86000000,2916.78000000,5.91
1749261100,5.85000000,1117.21000000,5.91
1749261100,5.84000000,936.66000000,5.91
1749261100,5.83000000,1641.72000000,5.91
1749261100,5.82000000,580.62000000,5.91
1749261100,5.81000000,333.95000000,5.91
1749261100,5.80000000,386.12000000,5.91
1749261100,5.79000000,227.82000000,5.91
1749261100,5.78000000,760.48000000,5.91
1749261100,5.77000000,1074.92000000,5.91
1749261100,5.76000000,354.51000000,5.91
1749261100,5.75000000,392.57000000,5.91
1749261100,5.74000000,675.72000000,5.91
1749261100,5.73000000,403.79000000,5.91
1749261100,5.72000000,251.86000000,5.91
1749261100,5.71000000,291.91000000,5.91
1749261100,5.70000000,327.05000000,5.91
1749261100,5.69000000,417.43000000,5.91
1749261100,5.68000000,254.27000000,5.91
1749261100,5.67000000,181.38000000,5.91
1749261100,5.66000000,161.92000000,5.91
1749261100,5.65000000,179.93000000,5.91
1749261100,5.64000000,164.90000000,5.91
1749261100,5.63000000,191.66000000,5.91
1749261100,5.62000000,166.05000000,5.91
1749261100,5.61000000,15.95000000,5.91
1749261100,5.60000000,1684.50000000,5.91
1749261100,5.59000000,174.52000000,5.91
1749261100,5.58000000,171.52000000,5.91
1749261100,5.57000000,3.22000000,5.91
1749261100,5.56000000,12.74000000,5.91
1749261100,5.55000000,15.32000000,5.91
1749261100,5.54000000,170.61000000,5.91
1749261100,5.53000000,178.97000000,5.91
1749261100,5.52000000,282.34000000,5.91
1749261100,5.51000000,762.75000000,5.91
1749261100,5.50000000,1544.72000000,5.91
1749261100,5.49000000,694.34000000,5.91
1749261100,5.48000000,8.33000000,5.91
1749261100,5.47000000,6.12000000,5.91
1749261100,5.46000000,15.80000000,5.91
1749261100,5.45000000,150.00000000,5.91
1749261100,5.44000000,73.61000000,5.91
1749261100,5.43000000,3.56000000,5.91
1749261100,5.42000000,97.60000000,5.91
1749261100,5.41000000,744.40000000,5.91
1749261100,5.40000000,210.03000000,5.91
1749261100,5.39000000,5.09000000,5.91
1749261100,5.38000000,43.43000000,5.91
1749261100,5.37000000,21.82000000,5.91
1749261100,5.36000000,13.57000000,5.91
1749261100,5.35000000,29.03000000,5.91
1749261100,5.34000000,6.47000000,5.91
1749261100,5.33000000,97.69000000,5.91
1749261100,5.32000000,124.47000000,5.91
1749261100,5.31000000,691.04000000,5.91
1749261100,5.30000000,1109.87000000,5.91
1749261100,5.29000000,3.25000000,5.91
1749261100,5.28000000,179.69000000,5.91
1749261100,5.27000000,19.90000000,5.91
1749261100,5.26000000,210.48000000,5.91
1749261100,5.25000000,313.75000000,5.91
1749261100,5.24000000,6.85000000,5.91
1749261100,5.23000000,3.19000000,5.91
1749261100,5.22000000,38.34000000,5.91
1749261100,5.21000000,436.61000000,5.91
1749261100,5.20000000,1793.62000000,5.91
1749261100,5.19000000,4030.63000000,5.91
1749261100,5.18000000,513.01000000,5.91
1749261100,5.17000000,1.60000000,5.91
1749261100,5.16000000,10.43000000,5.91
1749261100,5.15000000,726.18000000,5.91
1749261100,5.13000000,42.54000000,5.91
1749261100,5.12000000,40.73000000,5.91
1749261100,5.11000000,9.33000000,5.91
1749261100,5.10000000,434.46000000,5.91
1749261100,5.09000000,341.80000000,5.91
1749261100,5.08000000,26.17000000,5.91
1749261100,5.07000000,7.62000000,5.91
1749261100,5.06000000,4.39000000,5.91
1749261100,5.05000000,134.05000000,5.91
1749261100,5.04000000,2.84000000,5.91
1749261100,5.03000000,218.02000000,5.91
1749261100,5.02000000,274.11000000,5.91
1749261100,5.01000000,639.50000000,5.91
1749261100,5.00000000,4194.01000000,5.91
1749261100,4.99000000,87.64000000,5.91
1749261100,4.98000000,10.04000000,5.91
1749261100,4.97000000,1.87000000,5.91
1749261100,4.96000000,102.47000000,5.91
1749261100,4.95000000,8.38000000,5.91
1749261100,4.94000000,4.93000000,5.91
1749261100,4.93000000,20.38000000,5.91
1749261100,4.92000000,27.56000000,5.91
1749261100,4.91000000,35.16000000,5.91
1749261413,5.91000000,4089.29000000,5.91
1749261413,5.90000000,8029.55000000,5.91
1749261413,5.89000000,5648.25000000,5.91
1749261413,5.88000000,4064.55000000,5.91
1749261413,5.87000000,847.14000000,5.91
1749261413,5.86000000,2916.78000000,5.91
1749261413,5.85000000,1095.23000000,5.91
1749261413,5.84000000,962.10000000,5.91
1749261413,5.83000000,1616.23000000,5.91
1749261413,5.82000000,580.62000000,5.91
1749261413,5.81000000,333.95000000,5.91
1749261413,5.80000000,386.12000000,5.91
1749261413,5.79000000,316.38000000,5.91
1749261413,5.78000000,674.27000000,5.91
1749261413,5.77000000,1074.92000000,5.91
1749261413,5.76000000,354.51000000,5.91
1749261413,5.75000000,392.57000000,5.91
1749261413,5.74000000,675.72000000,5.91
1749261413,5.73000000,403.79000000,5.91
1749261413,5.72000000,251.86000000,5.91
1749261413,5.71000000,291.91000000,5.91
1749261413,5.70000000,327.05000000,5.91
1749261413,5.69000000,417.43000000,5.91
1749261413,5.68000000,254.27000000,5.91
1749261413,5.67000000,181.38000000,5.91
1749261413,5.66000000,161.92000000,5.91
1749261413,5.65000000,179.93000000,5.91
1749261413,5.64000000,164.90000000,5.91
1749261413,5.63000000,191.66000000,5.91
1749261413,5.62000000,166.05000000,5.91
1749261413,5.61000000,15.95000000,5.91
1749261413,5.60000000,1684.50000000,5.91
1749261413,5.59000000,174.52000000,5.91
1749261413,5.58000000,171.52000000,5.91
1749261413,5.57000000,3.22000000,5.91
1749261413,5.56000000,12.74000000,5.91
1749261413,5.55000000,15.32000000,5.91
1749261413,5.54000000,170.61000000,5.91
1749261413,5.53000000,178.97000000,5.91
1749261413,5.52000000,282.34000000,5.91
1749261413,5.51000000,762.75000000,5.91
1749261413,5.50000000,1544.72000000,5.91
1749261413,5.49000000,694.34000000,5.91
1749261413,5.48000000,8.33000000,5.91
1749261413,5.47000000,6.12000000,5.91
1749261413,5.46000000,15.80000000,5.91
1749261413,5.45000000,150.00000000,5.91
1749261413,5.44000000,73.61000000,5.91
1749261413,5.43000000,3.56000000,5.91
1749261413,5.42000000,97.60000000,5.91
1749261413,5.41000000,744.40000000,5.91
1749261413,5.40000000,210.03000000,5.91
1749261413,5.39000000,5.09000000,5.91
1749261413,5.38000000,43.43000000,5.91
1749261413,5.37000000,21.82000000,5.91
1749261413,5.36000000,13.57000000,5.91
1749261413,5.35000000,29.03000000,5.91
1749261413,5.34000000,6.47000000,5.91
1749261413,5.33000000,97.69000000,5.91
1749261413,5.32000000,124.47000000,5.91
1749261413,5.31000000,691.04000000,5.91
1749261413,5.30000000,1109.87000000,5.91
1749261413,5.29000000,3.25000000,5.91
1749261413,5.28000000,179.69000000,5.91
1749261413,5.27000000,19.90000000,5.91
1749261413,5.26000000,210.48000000,5.91
1749261413,5.25000000,313.75000000,5.91
1749261413,5.24000000,6.85000000,5.91
1749261413,5.23000000,3.19000000,5.91
1749261413,5.22000000,38.34000000,5.91
1749261413,5.21000000,436.61000000,5.91
1749261413,5.20000000,1793.62000000,5.91
1749261413,5.19000000,4030.63000000,5.91
1749261413,5.18000000,513.01000000,5.91
1749261413,5.17000000,1.60000000,5.91
1749261413,5.16000000,10.43000000,5.91
1749261413,5.15000000,726.18000000,5.91
1749261413,5.13000000,42.54000000,5.91
1749261413,5.12000000,40.73000000,5.91
1749261413,5.11000000,9.33000000,5.91
1749261413,5.10000000,434.46000000,5.91
1749261413,5.09000000,341.80000000,5.91
1749261413,5.08000000,26.17000000,5.91
1749261413,5.07000000,7.62000000,5.91
1749261413,5.06000000,4.39000000,5.91
1749261413,5.05000000,134.05000000,5.91
1749261413,5.04000000,2.84000000,5.91
1749261413,5.03000000,218.02000000,5.91
1749261413,5.02000000,274.11000000,5.91
1749261413,5.01000000,639.50000000,5.91
1749261413,5.00000000,4194.01000000,5.91
1749261413,4.99000000,87.64000000,5.91
1749261413,4.98000000,10.04000000,5.91
1749261413,4.97000000,1.87000000,5.91
1749261413,4.96000000,102.47000000,5.91
1749261413,4.95000000,8.38000000,5.91
1749261413,4.94000000,4.93000000,5.91
1749261413,4.93000000,20.38000000,5.91
1749261413,4.92000000,27.56000000,5.91
1749261413,4.91000000,35.16000000,5.91
1749261730,5.90000000,538.34000000,5.91
1749261730,5.89000000,7560.98000000,5.91
1749261730,5.88000000,7070.67000000,5.91
1749261730,5.87000000,3556.59000000,5.91
1749261730,5.86000000,3059.91000000,5.91
1749261730,5.85000000,1022.91000000,5.91
1749261730,5.84000000,1034.03000000,5.91
1749261730,5.83000000,1638.26000000,5.91
1749261730,5.82000000,731.23000000,5.91
1749261730,5.81000000,333.95000000,5.91
1749261730,5.80000000,630.90000000,5.91
1749261730,5.79000000,227.82000000,5.91
1749261730,5.78000000,674.27000000,5.91
1749261730,5.77000000,421.95000000,5.91
1749261730,5.76000000,354.51000000,5.91
1749261730,5.75000000,1134.32000000,5.91
1749261730,5.74000000,675.72000000,5.91
1749261730,5.73000000,403.79000000,5.91
1749261730,5.72000000,251.86000000,5.91
1749261730,5.71000000,291.91000000,5.91
1749261730,5.70000000,327.05000000,5.91
1749261730,5.69000000,417.43000000,5.91
1749261730,5.68000000,254.27000000,5.91
1749261730,5.67000000,181.38000000,5.91
1749261730,5.66000000,161.92000000,5.91
1749261730,5.65000000,179.93000000,5.91
1749261730,5.64000000,164.90000000,5.91
1749261730,5.63000000,191.66000000,5.91
1749261730,5.62000000,166.05000000,5.91
1749261730,5.61000000,15.95000000,5.91
1749261730,5.60000000,1684.50000000,5.91
1749261730,5.59000000,174.52000000,5.91
1749261730,5.58000000,171.52000000,5.91
1749261730,5.57000000,3.22000000,5.91
1749261730,5.56000000,12.74000000,5.91
1749261730,5.55000000,15.32000000,5.91
1749261730,5.54000000,170.61000000,5.91
1749261730,5.53000000,178.97000000,5.91
1749261730,5.52000000,282.34000000,5.91
1749261730,5.51000000,762.75000000,5.91
1749261730,5.50000000,1702.22000000,5.91
1749261730,5.49000000,694.34000000,5.91
1749261730,5.48000000,8.33000000,5.91
1749261730,5.47000000,6.12000000,5.91
1749261730,5.46000000,15.80000000,5.91
1749261730,5.45000000,150.00000000,5.91
1749261730,5.44000000,73.61000000,5.91
1749261730,5.43000000,3.56000000,5.91
1749261730,5.42000000,97.60000000,5.91
1749261730,5.41000000,744.40000000,5.91
1749261730,5.40000000,210.03000000,5.91
1749261730,5.39000000,5.09000000,5.91
1749261730,5.38000000,43.43000000,5.91
1749261730,5.37000000,21.82000000,5.91
1749261730,5.36000000,13.57000000,5.91
1749261730,5.35000000,29.03000000,5.91
1749261730,5.34000000,6.47000000,5.91
1749261730,5.33000000,99.39000000,5.91
1749261730,5.32000000,120.35000000,5.91
1749261730,5.31000000,691.04000000,5.91
1749261730,5.30000000,1109.87000000,5.91
1749261730,5.29000000,3.25000000,5.91
1749261730,5.28000000,179.69000000,5.91
1749261730,5.27000000,19.90000000,5.91
1749261730,5.26000000,210.48000000,5.91
1749261730,5.25000000,313.75000000,5.91
1749261730,5.24000000,6.85000000,5.91
1749261730,5.23000000,3.19000000,5.91
1749261730,5.22000000,38.34000000,5.91
1749261730,5.21000000,436.61000000,5.91
1749261730,5.20000000,1793.62000000,5.91
1749261730,5.19000000,4030.63000000,5.91
1749261730,5.18000000,513.01000000,5.91
1749261730,5.17000000,1.60000000,5.91
1749261730,5.16000000,10.43000000,5.91
1749261730,5.15000000,726.18000000,5.91
1749261730,5.13000000,42.54000000,5.91
1749261730,5.12000000,40.73000000,5.91
1749261730,5.11000000,9.33000000,5.91
1749261730,5.10000000,434.46000000,5.91
1749261730,5.09000000,341.80000000,5.91
1749261730,5.08000000,26.17000000,5.91
1749261730,5.07000000,7.62000000,5.91
1749261730,5.06000000,4.39000000,5.91
1749261730,5.05000000,134.05000000,5.91
1749261730,5.04000000,2.84000000,5.91
1749261730,5.03000000,218.02000000,5.91
1749261730,5.02000000,274.11000000,5.91
1749261730,5.01000000,639.50000000,5.91
1749261730,5.00000000,4194.01000000,5.91
1749261730,4.99000000,87.64000000,5.91
1749261730,4.98000000,10.04000000,5.91
1749261730,4.97000000,1.87000000,5.91
1749261730,4.96000000,102.47000000,5.91
1749261730,4.95000000,8.38000000,5.91
1749261730,4.94000000,4.93000000,5.91
1749261730,4.93000000,20.38000000,5.91
1749261730,4.92000000,27.56000000,5.91
1749261730,4.91000000,35.16000000,5.91
1749261730,4.90000000,1612.31000000,5.91
1749262036,5.89000000,561.22000000,5.89
1749262036,5.88000000,7628.61000000,5.89
1749262036,5.87000000,7336.21000000,5.89
1749262036,5.86000000,6011.82000000,5.89
1749262036,5.85000000,1022.91000000,5.89
1749262036,5.84000000,2781.51000000,5.89
1749262036,5.83000000,697.78000000,5.89
1749262036,5.82000000,1128.07000000,5.89
1749262036,5.81000000,927.81000000,5.89
1749262036,5.80000000,1476.58000000,5.89
1749262036,5.79000000,227.82000000,5.89
1749262036,5.78000000,674.27000000,5.89
1749262036,5.77000000,333.58000000,5.89
1749262036,5.76000000,439.97000000,5.89
1749262036,5.75000000,392.57000000,5.89
1749262036,5.74000000,1420.45000000,5.89
1749262036,5.73000000,403.79000000,5.89
1749262036,5.72000000,251.86000000,5.89
1749262036,5.71000000,291.91000000,5.89
1749262036,5.70000000,327.05000000,5.89
1749262036,5.69000000,417.43000000,5.89
1749262036,5.68000000,254.27000000,5.89
1749262036,5.67000000,181.38000000,5.89
1749262036,5.66000000,161.92000000,5.89
1749262036,5.65000000,179.93000000,5.89
1749262036,5.64000000,164.90000000,5.89
1749262036,5.63000000,191.66000000,5.89
1749262036,5.62000000,166.05000000,5.89
1749262036,5.61000000,15.95000000,5.89
1749262036,5.60000000,1684.50000000,5.89
1749262036,5.59000000,174.52000000,5.89
1749262036,5.58000000,171.52000000,5.89
1749262036,5.57000000,3.22000000,5.89
1749262036,5.56000000,12.74000000,5.89
1749262036,5.55000000,15.32000000,5.89
1749262036,5.54000000,170.61000000,5.89
1749262036,5.53000000,178.97000000,5.89
1749262036,5.52000000,282.34000000,5.89
1749262036,5.51000000,762.75000000,5.89
1749262036,5.50000000,1702.22000000,5.89
1749262036,5.49000000,851.84000000,5.89
1749262036,5.48000000,8.33000000,5.89
1749262036,5.47000000,6.12000000,5.89
1749262036,5.46000000,15.80000000,5.89
1749262036,5.45000000,150.00000000,5.89
1749262036,5.44000000,73.61000000,5.89
1749262036,5.43000000,3.56000000,5.89
1749262036,5.42000000,97.60000000,5.89
1749262036,5.41000000,744.40000000,5.89
1749262036,5.40000000,210.03000000,5.89
1749262036,5.39000000,5.09000000,5.89
1749262036,5.38000000,43.43000000,5.89
1749262036,5.37000000,21.82000000,5.89
1749262036,5.36000000,13.57000000,5.89
1749262036,5.35000000,29.03000000,5.89
1749262036,5.34000000,6.47000000,5.89
1749262036,5.33000000,99.39000000,5.89
1749262036,5.32000000,122.05000000,5.89
1749262036,5.31000000,691.04000000,5.89
1749262036,5.30000000,1113.99000000,5.89
1749262036,5.29000000,3.25000000,5.89
1749262036,5.28000000,179.69000000,5.89
1749262036,5.27000000,19.90000000,5.89
1749262036,5.26000000,210.48000000,5.89
1749262036,5.25000000,313.75000000,5.89
1749262036,5.24000000,6.85000000,5.89
1749262036,5.23000000,3.19000000,5.89
1749262036,5.22000000,38.34000000,5.89
1749262036,5.21000000,436.61000000,5.89
1749262036,5.20000000,1793.62000000,5.89
1749262036,5.19000000,4030.63000000,5.89
1749262036,5.18000000,513.01000000,5.89
1749262036,5.17000000,1.60000000,5.89
1749262036,5.16000000,10.43000000,5.89
1749262036,5.15000000,726.18000000,5.89
1749262036,5.13000000,42.54000000,5.89
1749262036,5.12000000,40.73000000,5.89
1749262036,5.11000000,9.33000000,5.89
1749262036,5.10000000,434.46000000,5.89
1749262036,5.09000000,341.80000000,5.89
1749262036,5.08000000,26.17000000,5.89
1749262036,5.07000000,7.62000000,5.89
1749262036,5.06000000,4.39000000,5.89
1749262036,5.05000000,134.05000000,5.89
1749262036,5.04000000,2.84000000,5.89
1749262036,5.03000000,218.02000000,5.89
1749262036,5.02000000,274.11000000,5.89
1749262036,5.01000000,639.50000000,5.89
1749262036,5.00000000,4194.01000000,5.89
1749262036,4.99000000,87.64000000,5.89
1749262036,4.98000000,10.04000000,5.89
1749262036,4.97000000,1.87000000,5.89
1749262036,4.96000000,102.47000000,5.89
1749262036,4.95000000,8.38000000,5.89
1749262036,4.94000000,4.93000000,5.89
1749262036,4.93000000,20.38000000,5.89
1749262036,4.92000000,27.56000000,5.89
1749262036,4.91000000,35.16000000,5.89
1749262036,4.90000000,1612.31000000,5.89
1749262036,4.89000000,7.25000000,5.89
1749262338,5.89000000,1283.72000000,5.9
1749262338,5.88000000,8230.49000000,5.9
1749262338,5.87000000,6355.00000000,5.9
1749262338,5.86000000,5974.77000000,5.9
1749262338,5.85000000,1022.91000000,5.9
1749262338,5.84000000,2717.22000000,5.9
1749262338,5.83000000,941.30000000,5.9
1749262338,5.82000000,1105.99000000,5.9
1749262338,5.81000000,683.45000000,5.9
1749262338,5.80000000,1476.58000000,5.9
1749262338,5.79000000,227.82000000,5.9
1749262338,5.78000000,674.27000000,5.9
1749262338,5.77000000,420.02000000,5.9
1749262338,5.76000000,354.51000000,5.9
1749262338,5.75000000,1136.39000000,5.9
1749262338,5.74000000,675.72000000,5.9
1749262338,5.73000000,403.79000000,5.9
1749262338,5.72000000,251.86000000,5.9
1749262338,5.71000000,291.91000000,5.9
1749262338,5.70000000,327.05000000,5.9
1749262338,5.69000000,417.43000000,5.9
1749262338,5.68000000,254.27000000,5.9
1749262338,5.67000000,181.38000000,5.9
1749262338,5.66000000,161.92000000,5.9
1749262338,5.65000000,179.93000000,5.9
1749262338,5.64000000,164.90000000,5.9
1749262338,5.63000000,191.66000000,5.9
1749262338,5.62000000,166.05000000,5.9
1749262338,5.61000000,15.95000000,5.9
1749262338,5.60000000,1684.50000000,5.9
1749262338,5.59000000,174.52000000,5.9
1749262338,5.58000000,171.52000000,5.9
1749262338,5.57000000,3.22000000,5.9
1749262338,5.56000000,12.74000000,5.9
1749262338,5.55000000,15.32000000,5.9
1749262338,5.54000000,170.61000000,5.9
1749262338,5.53000000,178.97000000,5.9
1749262338,5.52000000,282.34000000,5.9
1749262338,5.51000000,762.75000000,5.9
1749262338,5.50000000,1702.22000000,5.9
1749262338,5.49000000,694.34000000,5.9
1749262338,5.48000000,8.33000000,5.9
1749262338,5.47000000,6.12000000,5.9
1749262338,5.46000000,15.80000000,5.9
1749262338,5.45000000,150.00000000,5.9
1749262338,5.44000000,73.61000000,5.9
1749262338,5.43000000,3.56000000,5.9
1749262338,5.42000000,97.60000000,5.9
1749262338,5.41000000,744.40000000,5.9
1749262338,5.40000000,210.03000000,5.9
1749262338,5.39000000,5.09000000,5.9
1749262338,5.38000000,43.43000000,5.9
1749262338,5.37000000,21.82000000,5.9
1749262338,5.36000000,13.57000000,5.9
1749262338,5.35000000,29.03000000,5.9
1749262338,5.34000000,6.47000000,5.9
1749262338,5.33000000,99.39000000,5.9
1749262338,5.32000000,122.05000000,5.9
1749262338,5.31000000,691.04000000,5.9
1749262338,5.30000000,1113.99000000,5.9
1749262338,5.29000000,3.25000000,5.9
1749262338,5.28000000,179.69000000,5.9
1749262338,5.27000000,19.90000000,5.9
1749262338,5.26000000,210.48000000,5.9
1749262338,5.25000000,313.75000000,5.9
1749262338,5.24000000,6.85000000,5.9
1749262338,5.23000000,3.19000000,5.9
1749262338,5.22000000,38.34000000,5.9
1749262338,5.21000000,436.61000000,5.9
1749262338,5.20000000,1793.62000000,5.9
1749262338,5.19000000,4030.63000000,5.9
1749262338,5.18000000,513.01000000,5.9
1749262338,5.17000000,1.60000000,5.9
1749262338,5.16000000,10.43000000,5.9
1749262338,5.15000000,726.18000000,5.9
1749262338,5.13000000,42.54000000,5.9
1749262338,5.12000000,40.73000000,5.9
1749262338,5.11000000,9.33000000,5.9
1749262338,5.10000000,434.46000000,5.9
1749262338,5.09000000,341.80000000,5.9
1749262338,5.08000000,26.17000000,5.9
1749262338,5.07000000,7.62000000,5.9
1749262338,5.06000000,4.39000000,5.9
1749262338,5.05000000,134.05000000,5.9
1749262338,5.04000000,2.84000000,5.9
1749262338,5.03000000,218.02000000,5.9
1749262338,5.02000000,274.11000000,5.9
1749262338,5.01000000,639.50000000,5.9
1749262338,5.00000000,4194.01000000,5.9
1749262338,4.99000000,87.64000000,5.9
1749262338,4.98000000,10.04000000,5.9
1749262338,4.97000000,1.87000000,5.9
1749262338,4.96000000,102.47000000,5.9
1749262338,4.95000000,8.38000000,5.9
1749262338,4.94000000,4.93000000,5.9
1749262338,4.93000000,20.38000000,5.9
1749262338,4.92000000,27.56000000,5.9
1749262338,4.91000000,35.16000000,5.9
1749262338,4.90000000,1612.31000000,5.9
1749262338,4.89000000,7.25000000,5.9
1749262639,5.90000000,2469.75000000,5.91
1749262639,5.89000000,8213.54000000,5.91
1749262639,5.88000000,6728.81000000,5.91
1749262639,5.87000000,3149.36000000,5.91
1749262639,5.86000000,3600.92000000,5.91
1749262639,5.85000000,1022.91000000,5.91
1749262639,5.84000000,2323.97000000,5.91
1749262639,5.83000000,817.64000000,5.91
1749262639,5.82000000,1080.47000000,5.91
1749262639,5.81000000,683.45000000,5.91
1749262639,5.80000000,1476.58000000,5.91
1749262639,5.79000000,227.82000000,5.91
1749262639,5.78000000,762.39000000,5.91
1749262639,5.77000000,333.58000000,5.91
1749262639,5.76000000,354.51000000,5.91
1749262639,5.75000000,1136.39000000,5.91
1749262639,5.74000000,675.72000000,5.91
1749262639,5.73000000,403.79000000,5.91
1749262639,5.72000000,251.86000000,5.91
1749262639,5.71000000,291.91000000,5.91
1749262639,5.70000000,327.05000000,5.91
1749262639,5.69000000,417.43000000,5.91
1749262639,5.68000000,254.27000000,5.91
1749262639,5.67000000,181.38000000,5.91
1749262639,5.66000000,161.92000000,5.91
1749262639,5.65000000,179.93000000,5.91
1749262639,5.64000000,164.90000000,5.91
1749262639,5.63000000,191.66000000,5.91
1749262639,5.62000000,166.05000000,5.91
1749262639,5.61000000,15.95000000,5.91
1749262639,5.60000000,1684.50000000,5.91
1749262639,5.59000000,174.52000000,5.91
1749262639,5.58000000,171.52000000,5.91
1749262639,5.57000000,3.22000000,5.91
1749262639,5.56000000,12.74000000,5.91
1749262639,5.55000000,15.32000000,5.91
1749262639,5.54000000,170.61000000,5.91
1749262639,5.53000000,178.97000000,5.91
1749262639,5.52000000,282.34000000,5.91
1749262639,5.51000000,762.75000000,5.91
1749262639,5.50000000,1702.22000000,5.91
1749262639,5.49000000,694.34000000,5.91
1749262639,5.48000000,8.33000000,5.91
1749262639,5.47000000,6.12000000,5.91
1749262639,5.46000000,15.80000000,5.91
1749262639,5.45000000,150.00000000,5.91
1749262639,5.44000000,73.61000000,5.91
1749262639,5.43000000,3.56000000,5.91
1749262639,5.42000000,97.60000000,5.91
1749262639,5.41000000,744.40000000,5.91
1749262639,5.40000000,210.03000000,5.91
1749262639,5.39000000,5.09000000,5.91
1749262639,5.38000000,43.43000000,5.91
1749262639,5.37000000,21.82000000,5.91
1749262639,5.36000000,13.57000000,5.91
1749262639,5.35000000,29.03000000,5.91
1749262639,5.34000000,6.47000000,5.91
1749262639,5.33000000,99.39000000,5.91
1749262639,5.32000000,120.35000000,5.91
1749262639,5.31000000,691.04000000,5.91
1749262639,5.30000000,1113.99000000,5.91
1749262639,5.29000000,3.25000000,5.91
1749262639,5.28000000,179.69000000,5.91
1749262639,5.27000000,19.90000000,5.91
1749262639,5.26000000,210.48000000,5.91
1749262639,5.25000000,313.75000000,5.91
1749262639,5.24000000,6.85000000,5.91
1749262639,5.23000000,3.19000000,5.91
1749262639,5.22000000,38.34000000,5.91
1749262639,5.21000000,436.61000000,5.91
1749262639,5.20000000,1793.62000000,5.91
1749262639,5.19000000,4030.63000000,5.91
1749262639,5.18000000,513.01000000,5.91
1749262639,5.17000000,1.60000000,5.91
1749262639,5.16000000,10.43000000,5.91
1749262639,5.15000000,726.18000000,5.91
1749262639,5.13000000,42.54000000,5.91
1749262639,5.12000000,40.73000000,5.91
1749262639,5.11000000,9.33000000,5.91
1749262639,5.10000000,434.46000000,5.91
1749262639,5.09000000,341.80000000,5.91
1749262639,5.08000000,26.17000000,5.91
1749262639,5.07000000,7.62000000,5.91
1749262639,5.06000000,4.39000000,5.91
1749262639,5.05000000,134.05000000,5.91
1749262639,5.04000000,2.84000000,5.91
1749262639,5.03000000,218.02000000,5.91
1749262639,5.02000000,274.11000000,5.91
1749262639,5.01000000,639.50000000,5.91
1749262639,5.00000000,4194.01000000,5.91
1749262639,4.99000000,87.64000000,5.91
1749262639,4.98000000,10.04000000,5.91
1749262639,4.97000000,1.87000000,5.91
1749262639,4.96000000,102.47000000,5.91
1749262639,4.95000000,8.38000000,5.91
1749262639,4.94000000,4.93000000,5.91
1749262639,4.93000000,20.38000000,5.91
1749262639,4.92000000,27.56000000,5.91
1749262639,4.91000000,35.16000000,5.91
1749262639,4.90000000,1612.31000000,5.91
1749262941,5.90000000,3559.15000000,5.9
1749262941,5.89000000,6661.51000000,5.9
1749262941,5.88000000,6852.91000000,5.9
1749262941,5.87000000,3350.21000000,5.9
1749262941,5.86000000,2087.34000000,5.9
1749262941,5.85000000,2426.35000000,5.9
1749262941,5.84000000,1107.12000000,5.9
1749262941,5.83000000,817.65000000,5.9
1749262941,5.82000000,1922.84000000,5.9
1749262941,5.81000000,683.45000000,5.9
1749262941,5.80000000,630.90000000,5.9
1749262941,5.79000000,227.82000000,5.9
1749262941,5.78000000,421.62000000,5.9
1749262941,5.77000000,679.69000000,5.9
1749262941,5.76000000,354.51000000,5.9
1749262941,5.75000000,1136.20000000,5.9
1749262941,5.74000000,338.75000000,5.9
1749262941,5.73000000,756.45000000,5.9
1749262941,5.72000000,251.86000000,5.9
1749262941,5.71000000,291.91000000,5.9
1749262941,5.70000000,327.05000000,5.9
1749262941,5.69000000,418.84000000,5.9
1749262941,5.68000000,254.27000000,5.9
1749262941,5.67000000,181.38000000,5.9
1749262941,5.66000000,161.92000000,5.9
1749262941,5.65000000,179.93000000,5.9
1749262941,5.64000000,164.90000000,5.9
1749262941,5.63000000,191.66000000,5.9
1749262941,5.62000000,166.05000000,5.9
1749262941,5.61000000,15.95000000,5.9
1749262941,5.60000000,1684.50000000,5.9
1749262941,5.59000000,174.52000000,5.9
1749262941,5.58000000,171.52000000,5.9
1749262941,5.57000000,3.22000000,5.9
1749262941,5.56000000,12.74000000,5.9
1749262941,5.55000000,17.13000000,5.9
1749262941,5.54000000,168.80000000,5.9
1749262941,5.53000000,178.97000000,5.9
1749262941,5.52000000,282.34000000,5.9
1749262941,5.51000000,762.75000000,5.9
1749262941,5.50000000,1702.22000000,5.9
1749262941,5.49000000,694.34000000,5.9
1749262941,5.48000000,8.33000000,5.9
1749262941,5.47000000,6.12000000,5.9
1749262941,5.46000000,15.80000000,5.9
1749262941,5.45000000,150.00000000,5.9
1749262941,5.44000000,73.61000000,5.9
1749262941,5.43000000,3.56000000,5.9
1749262941,5.42000000,97.60000000,5.9
1749262941,5.41000000,744.40000000,5.9
1749262941,5.40000000,210.03000000,5.9
1749262941,5.39000000,5.09000000,5.9
1749262941,5.38000000,43.43000000,5.9
1749262941,5.37000000,21.82000000,5.9
1749262941,5.36000000,13.57000000,5.9
1749262941,5.35000000,29.03000000,5.9
1749262941,5.34000000,6.47000000,5.9
1749262941,5.33000000,99.39000000,5.9
1749262941,5.32000000,120.35000000,5.9
1749262941,5.31000000,691.04000000,5.9
1749262941,5.30000000,1113.99000000,5.9
1749262941,5.29000000,3.25000000,5.9
1749262941,5.28000000,179.69000000,5.9
1749262941,5.27000000,19.90000000,5.9
1749262941,5.26000000,210.48000000,5.9
1749262941,5.25000000,313.75000000,5.9
1749262941,5.24000000,6.85000000,5.9
1749262941,5.23000000,3.19000000,5.9
1749262941,5.22000000,38.34000000,5.9
1749262941,5.21000000,436.61000000,5.9
1749262941,5.20000000,1793.62000000,5.9
1749262941,5.19000000,4030.63000000,5.9
1749262941,5.18000000,513.01000000,5.9
1749262941,5.17000000,1.60000000,5.9
1749262941,5.16000000,10.43000000,5.9
1749262941,5.15000000,726.18000000,5.9
1749262941,5.13000000,42.54000000,5.9
1749262941,5.12000000,40.73000000,5.9
1749262941,5.11000000,9.33000000,5.9
1749262941,5.10000000,434.46000000,5.9
1749262941,5.09000000,341.80000000,5.9
1749262941,5.08000000,26.17000000,5.9
1749262941,5.07000000,7.62000000,5.9
1749262941,5.06000000,4.39000000,5.9
1749262941,5.05000000,134.05000000,5.9
1749262941,5.04000000,2.84000000,5.9
1749262941,5.03000000,218.02000000,5.9
1749262941,5.02000000,274.11000000,5.9
1749262941,5.01000000,639.50000000,5.9
1749262941,5.00000000,4194.01000000,5.9
1749262941,4.99000000,87.64000000,5.9
1749262941,4.98000000,10.04000000,5.9
1749262941,4.97000000,1.87000000,5.9
1749262941,4.96000000,102.47000000,5.9
1749262941,4.95000000,8.38000000,5.9
1749262941,4.94000000,4.93000000,5.9
1749262941,4.93000000,20.38000000,5.9
1749262941,4.92000000,27.56000000,5.9
1749262941,4.91000000,35.16000000,5.9
1749262941,4.90000000,1612.31000000,5.9
1749263242,5.91000000,1762.11000000,5.91
1749263242,5.90000000,7752.59000000,5.91
1749263242,5.89000000,5582.89000000,5.91
1749263242,5.88000000,4856.59000000,5.91
1749263242,5.87000000,3055.02000000,5.91
1749263242,5.86000000,1920.78000000,5.91
1749263242,5.85000000,2517.97000000,5.91
1749263242,5.84000000,718.58000000,5.91
1749263242,5.83000000,951.54000000,5.91
1749263242,5.82000000,1527.29000000,5.91
1749263242,5.81000000,683.45000000,5.91
1749263242,5.80000000,630.90000000,5.91
1749263242,5.79000000,227.82000000,5.91
1749263242,5.78000000,421.60000000,5.91
1749263242,5.77000000,679.69000000,5.91
1749263242,5.76000000,1097.26000000,5.91
1749263242,5.75000000,392.57000000,5.91
1749263242,5.74000000,338.75000000,5.91
1749263242,5.73000000,756.45000000,5.91
1749263242,5.72000000,251.86000000,5.91
1749263242,5.71000000,291.91000000,5.91
1749263242,5.70000000,327.05000000,5.91
1749263242,5.69000000,418.84000000,5.91
1749263242,5.68000000,254.27000000,5.91
1749263242,5.67000000,181.38000000,5.91
1749263242,5.66000000,161.92000000,5.91
1749263242,5.65000000,179.93000000,5.91
1749263242,5.64000000,164.90000000,5.91
1749263242,5.63000000,191.66000000,5.91
1749263242,5.62000000,166.05000000,5.91
1749263242,5.61000000,15.95000000,5.91
1749263242,5.60000000,1684.50000000,5.91
1749263242,5.59000000,174.52000000,5.91
1749263242,5.58000000,171.52000000,5.91
1749263242,5.57000000,3.22000000,5.91
1749263242,5.56000000,12.74000000,5.91
1749263242,5.55000000,17.13000000,5.91
1749263242,5.54000000,168.80000000,5.91
1749263242,5.53000000,178.97000000,5.91
1749263242,5.52000000,282.34000000,5.91
1749263242,5.51000000,762.75000000,5.91
1749263242,5.50000000,1702.22000000,5.91
1749263242,5.49000000,694.34000000,5.91
1749263242,5.48000000,8.33000000,5.91
1749263242,5.47000000,6.12000000,5.91
1749263242,5.46000000,15.80000000,5.91
1749263242,5.45000000,150.00000000,5.91
1749263242,5.44000000,73.61000000,5.91
1749263242,5.43000000,3.56000000,5.91
1749263242,5.42000000,97.60000000,5.91
1749263242,5.41000000,744.40000000,5.91
1749263242,5.40000000,210.03000000,5.91
1749263242,5.39000000,5.09000000,5.91
1749263242,5.38000000,43.43000000,5.91
1749263242,5.37000000,21.82000000,5.91
1749263242,5.36000000,13.57000000,5.91
1749263242,5.35000000,29.03000000,5.91
1749263242,5.34000000,6.47000000,5.91
1749263242,5.33000000,97.69000000,5.91
1749263242,5.32000000,124.47000000,5.91
1749263242,5.31000000,691.04000000,5.91
1749263242,5.30000000,1109.87000000,5.91
1749263242,5.29000000,3.25000000,5.91
1749263242,5.28000000,179.69000000,5.91
1749263242,5.27000000,19.90000000,5.91
1749263242,5.26000000,210.48000000,5.91
1749263242,5.25000000,313.75000000,5.91
1749263242,5.24000000,6.85000000,5.91
1749263242,5.23000000,3.19000000,5.91
1749263242,5.22000000,38.34000000,5.91
1749263242,5.21000000,436.61000000,5.91
1749263242,5.20000000,1793.62000000,5.91
1749263242,5.19000000,4030.63000000,5.91
1749263242,5.18000000,513.01000000,5.91
1749263242,5.17000000,1.60000000,5.91
1749263242,5.16000000,10.43000000,5.91
1749263242,5.15000000,726.18000000,5.91
1749263242,5.13000000,42.54000000,5.91
1749263242,5.12000000,40.73000000,5.91
1749263242,5.11000000,9.33000000,5.91
1749263242,5.10000000,434.46000000,5.91
1749263242,5.09000000,341.80000000,5.91
1749263242,5.08000000,26.17000000,5.91
1749263242,5.07000000,7.62000000,5.91
1749263242,5.06000000,4.39000000,5.91
1749263242,5.05000000,134.05000000,5.91
1749263242,5.04000000,2.84000000,5.91
1749263242,5.03000000,218.02000000,5.91
1749263242,5.02000000,274.11000000,5.91
1749263242,5.01000000,639.50000000,5.91
1749263242,5.00000000,4194.01000000,5.91
1749263242,4.99000000,87.64000000,5.91
1749263242,4.98000000,10.04000000,5.91
1749263242,4.97000000,1.87000000,5.91
1749263242,4.96000000,102.47000000,5.91
1749263242,4.95000000,8.38000000,5.91
1749263242,4.94000000,4.93000000,5.91
1749263242,4.93000000,20.38000000,5.91
1749263242,4.92000000,27.56000000,5.91
1749263242,4.91000000,35.16000000,5.91
1749263549,5.91000000,567.89000000,5.91
1749263549,5.90000000,7885.20000000,5.91
1749263549,5.89000000,6972.27000000,5.91
1749263549,5.88000000,5361.41000000,5.91
1749263549,5.87000000,1468.35000000,5.91
1749263549,5.86000000,1360.78000000,5.91
1749263549,5.85000000,2517.97000000,5.91
1749263549,5.84000000,740.58000000,5.91
1749263549,5.83000000,922.11000000,5.91
1749263549,5.82000000,1527.29000000,5.91
1749263549,5.81000000,683.45000000,5.91
1749263549,5.80000000,630.90000000,5.91
1749263549,5.79000000,227.82000000,5.91
1749263549,5.78000000,421.80000000,5.91
1749263549,5.77000000,679.69000000,5.91
1749263549,5.76000000,1097.26000000,5.91
1749263549,5.75000000,392.57000000,5.91
1749263549,5.74000000,338.75000000,5.91
1749263549,5.73000000,756.45000000,5.91
1749263549,5.72000000,251.86000000,5.91
1749263549,5.71000000,291.91000000,5.91
1749263549,5.70000000,327.05000000,5.91
1749263549,5.69000000,418.84000000,5.91
1749263549,5.68000000,254.27000000,5.91
1749263549,5.67000000,181.38000000,5.91
1749263549,5.66000000,161.92000000,5.91
1749263549,5.65000000,179.93000000,5.91
1749263549,5.64000000,164.90000000,5.91
1749263549,5.63000000,191.66000000,5.91
1749263549,5.62000000,166.05000000,5.91
1749263549,5.61000000,15.95000000,5.91
1749263549,5.60000000,1684.50000000,5.91
1749263549,5.59000000,174.52000000,5.91
1749263549,5.58000000,171.52000000,5.91
1749263549,5.57000000,3.22000000,5.91
1749263549,5.56000000,12.74000000,5.91
1749263549,5.55000000,17.13000000,5.91
1749263549,5.54000000,168.80000000,5.91
1749263549,5.53000000,178.97000000,5.91
1749263549,5.52000000,282.34000000,5.91
1749263549,5.51000000,762.75000000,5.91
1749263549,5.50000000,1702.22000000,5.91
1749263549,5.49000000,694.34000000,5.91
1749263549,5.48000000,8.33000000,5.91
1749263549,5.47000000,6.12000000,5.91
1749263549,5.46000000,15.80000000,5.91
1749263549,5.45000000,150.00000000,5.91
1749263549,5.44000000,73.61000000,5.91
1749263549,5.43000000,3.56000000,5.91
1749263549,5.42000000,97.60000000,5.91
1749263549,5.41000000,744.40000000,5.91
1749263549,5.40000000,210.03000000,5.91
1749263549,5.39000000,5.09000000,5.91
1749263549,5.38000000,43.43000000,5.91
1749263549,5.37000000,21.82000000,5.91
1749263549,5.36000000,13.57000000,5.91
1749263549,5.35000000,29.03000000,5.91
1749263549,5.34000000,6.47000000,5.91
1749263549,5.33000000,97.69000000,5.91
1749263549,5.32000000,124.47000000,5.91
1749263549,5.31000000,691.04000000,5.91
1749263549,5.30000000,1109.87000000,5.91
1749263549,5.29000000,3.25000000,5.91
1749263549,5.28000000,179.69000000,5.91
1749263549,5.27000000,19.90000000,5.91
1749263549,5.26000000,210.48000000,5.91
1749263549,5.25000000,313.75000000,5.91
1749263549,5.24000000,6.85000000,5.91
1749263549,5.23000000,3.19000000,5.91
1749263549,5.22000000,38.34000000,5.91
1749263549,5.21000000,436.61000000,5.91
1749263549,5.20000000,1793.62000000,5.91
1749263549,5.19000000,4030.63000000,5.91
1749263549,5.18000000,513.01000000,5.91
1749263549,5.17000000,1.60000000,5.91
1749263549,5.16000000,10.43000000,5.91
1749263549,5.15000000,726.18000000,5.91
1749263549,5.13000000,42.54000000,5.91
1749263549,5.12000000,40.73000000,5.91
1749263549,5.11000000,9.33000000,5.91
1749263549,5.10000000,434.46000000,5.91
1749263549,5.09000000,341.80000000,5.91
1749263549,5.08000000,26.17000000,5.91
1749263549,5.07000000,7.62000000,5.91
1749263549,5.06000000,4.39000000,5.91
1749263549,5.05000000,134.05000000,5.91
1749263549,5.04000000,2.84000000,5.91
1749263549,5.03000000,218.02000000,5.91
1749263549,5.02000000,274.11000000,5.91
1749263549,5.01000000,639.50000000,5.91
1749263549,5.00000000,4194.01000000,5.91
1749263549,4.99000000,87.64000000,5.91
1749263549,4.98000000,10.04000000,5.91
1749263549,4.97000000,1.87000000,5.91
1749263549,4.96000000,102.47000000,5.91
1749263549,4.95000000,8.38000000,5.91
1749263549,4.94000000,4.93000000,5.91
1749263549,4.93000000,20.38000000,5.91
1749263549,4.92000000,27.56000000,5.91
1749263549,4.91000000,35.16000000,5.91
1749263850,5.91000000,313.42000000,5.91
1749263850,5.90000000,7717.99000000,5.91
1749263850,5.89000000,7485.34000000,5.91
1749263850,5.88000000,5250.58000000,5.91
1749263850,5.87000000,2249.99000000,5.91
1749263850,5.86000000,1360.78000000,5.91
1749263850,5.85000000,2304.71000000,5.91
1749263850,5.84000000,718.58000000,5.91
1749263850,5.83000000,1165.63000000,5.91
1749263850,5.82000000,1527.29000000,5.91
1749263850,5.81000000,683.45000000,5.91
1749263850,5.80000000,630.90000000,5.91
1749263850,5.79000000,227.82000000,5.91
1749263850,5.78000000,422.15000000,5.91
1749263850,5.77000000,679.69000000,5.91
1749263850,5.76000000,1097.26000000,5.91
1749263850,5.75000000,392.57000000,5.91
1749263850,5.74000000,338.75000000,5.91
1749263850,5.73000000,756.45000000,5.91
1749263850,5.72000000,251.86000000,5.91
1749263850,5.71000000,291.91000000,5.91
1749263850,5.70000000,327.05000000,5.91
1749263850,5.69000000,418.84000000,5.91
1749263850,5.68000000,254.27000000,5.91
1749263850,5.67000000,181.38000000,5.91
1749263850,5.66000000,161.92000000,5.91
1749263850,5.65000000,179.93000000,5.91
1749263850,5.64000000,164.90000000,5.91
1749263850,5.63000000,191.66000000,5.91
1749263850,5.62000000,166.05000000,5.91
1749263850,5.61000000,15.95000000,5.91
1749263850,5.60000000,1684.50000000,5.91
1749263850,5.59000000,174.52000000,5.91
1749263850,5.58000000,171.52000000,5.91
1749263850,5.57000000,3.22000000,5.91
1749263850,5.56000000,14.54000000,5.91
1749263850,5.55000000,15.32000000,5.91
1749263850,5.54000000,168.80000000,5.91
1749263850,5.53000000,178.97000000,5.91
1749263850,5.52000000,282.34000000,5.91
1749263850,5.51000000,762.75000000,5.91
1749263850,5.50000000,1544.72000000,5.91
1749263850,5.49000000,694.34000000,5.91
1749263850,5.48000000,8.33000000,5.91
1749263850,5.47000000,6.12000000,5.91
1749263850,5.46000000,15.80000000,5.91
1749263850,5.45000000,150.00000000,5.91
1749263850,5.44000000,73.61000000,5.91
1749263850,5.43000000,3.56000000,5.91
1749263850,5.42000000,97.60000000,5.91
1749263850,5.41000000,744.40000000,5.91
1749263850,5.40000000,210.03000000,5.91
1749263850,5.39000000,5.09000000,5.91
1749263850,5.38000000,43.43000000,5.91
1749263850,5.37000000,21.82000000,5.91
1749263850,5.36000000,13.57000000,5.91
1749263850,5.35000000,29.03000000,5.91
1749263850,5.34000000,6.47000000,5.91
1749263850,5.33000000,97.69000000,5.91
1749263850,5.32000000,120.35000000,5.91
1749263850,5.31000000,695.16000000,5.91
1749263850,5.30000000,1109.87000000,5.91
1749263850,5.29000000,3.25000000,5.91
1749263850,5.28000000,179.69000000,5.91
1749263850,5.27000000,19.90000000,5.91
1749263850,5.26000000,210.48000000,5.91
1749263850,5.25000000,313.75000000,5.91
1749263850,5.24000000,6.85000000,5.91
1749263850,5.23000000,3.19000000,5.91
1749263850,5.22000000,38.34000000,5.91
1749263850,5.21000000,436.61000000,5.91
1749263850,5.20000000,1793.62000000,5.91
1749263850,5.19000000,4030.63000000,5.91
1749263850,5.18000000,513.01000000,5.91
1749263850,5.17000000,1.60000000,5.91
1749263850,5.16000000,10.43000000,5.91
1749263850,5.15000000,726.18000000,5.91
1749263850,5.13000000,42.54000000,5.91
1749263850,5.12000000,40.73000000,5.91
1749263850,5.11000000,9.33000000,5.91
1749263850,5.10000000,434.46000000,5.91
1749263850,5.09000000,341.80000000,5.91
1749263850,5.08000000,26.17000000,5.91
1749263850,5.07000000,7.62000000,5.91
1749263850,5.06000000,4.39000000,5.91
1749263850,5.05000000,134.05000000,5.91
1749263850,5.04000000,2.84000000,5.91
1749263850,5.03000000,218.02000000,5.91
1749263850,5.02000000,274.11000000,5.91
1749263850,5.01000000,639.50000000,5.91
1749263850,5.00000000,4194.01000000,5.91
1749263850,4.99000000,87.64000000,5.91
1749263850,4.98000000,10.04000000,5.91
1749263850,4.97000000,1.87000000,5.91
1749263850,4.96000000,102.47000000,5.91
1749263850,4.95000000,8.38000000,5.91
1749263850,4.94000000,4.93000000,5.91
1749263850,4.93000000,20.38000000,5.91
1749263850,4.92000000,27.56000000,5.91
1749263850,4.91000000,35.16000000,5.91
1749264152,5.91000000,525.28000000,5.91
1749264152,5.90000000,7912.80000000,5.91
1749264152,5.89000000,6702.13000000,5.91
1749264152,5.88000000,5368.35000000,5.91
1749264152,5.87000000,1976.41000000,5.91
1749264152,5.86000000,1360.78000000,5.91
1749264152,5.85000000,2300.50000000,5.91
1749264152,5.84000000,1087.87000000,5.91
1749264152,5.83000000,770.55000000,5.91
1749264152,5.82000000,1527.29000000,5.91
1749264152,5.81000000,683.45000000,5.91
1749264152,5.80000000,630.90000000,5.91
1749264152,5.79000000,227.82000000,5.91
1749264152,5.78000000,421.09000000,5.91
1749264152,5.77000000,679.69000000,5.91
1749264152,5.76000000,1074.45000000,5.91
1749264152,5.75000000,392.57000000,5.91
1749264152,5.74000000,338.75000000,5.91
1749264152,5.73000000,756.45000000,5.91
1749264152,5.72000000,251.86000000,5.91
1749264152,5.71000000,291.91000000,5.91
1749264152,5.70000000,327.05000000,5.91
1749264152,5.69000000,418.84000000,5.91
1749264152,5.68000000,254.27000000,5.91
1749264152,5.67000000,181.38000000,5.91
1749264152,5.66000000,161.92000000,5.91
1749264152,5.65000000,179.93000000,5.91
1749264152,5.64000000,164.90000000,5.91
1749264152,5.63000000,191.66000000,5.91
1749264152,5.62000000,166.05000000,5.91
1749264152,5.61000000,15.95000000,5.91
1749264152,5.60000000,1684.50000000,5.91
1749264152,5.59000000,174.52000000,5.91
1749264152,5.58000000,171.52000000,5.91
1749264152,5.57000000,3.22000000,5.91
1749264152,5.56000000,14.54000000,5.91
1749264152,5.55000000,15.32000000,5.91
1749264152,5.54000000,168.80000000,5.91
1749264152,5.53000000,178.97000000,5.91
1749264152,5.52000000,282.34000000,5.91
1749264152,5.51000000,605.25000000,5.91
1749264152,5.50000000,1544.72000000,5.91
1749264152,5.49000000,694.34000000,5.91
1749264152,5.48000000,8.33000000,5.91
1749264152,5.47000000,6.12000000,5.91
1749264152,5.46000000,15.80000000,5.91
1749264152,5.45000000,150.00000000,5.91
1749264152,5.44000000,73.61000000,5.91
1749264152,5.43000000,3.56000000,5.91
1749264152,5.42000000,97.60000000,5.91
1749264152,5.41000000,744.40000000,5.91
1749264152,5.40000000,210.03000000,5.91
1749264152,5.39000000,5.09000000,5.91
1749264152,5.38000000,43.43000000,5.91
1749264152,5.37000000,21.82000000,5.91
1749264152,5.36000000,13.57000000,5.91
1749264152,5.35000000,29.03000000,5.91
1749264152,5.34000000,6.47000000,5.91
1749264152,5.33000000,97.69000000,5.91
1749264152,5.32000000,120.35000000,5.91
1749264152,5.31000000,695.16000000,5.91
1749264152,5.30000000,1109.87000000,5.91
1749264152,5.29000000,3.25000000,5.91
1749264152,5.28000000,179.69000000,5.91
1749264152,5.27000000,19.90000000,5.91
1749264152,5.26000000,210.48000000,5.91
1749264152,5.25000000,313.75000000,5.91
1749264152,5.24000000,6.85000000,5.91
1749264152,5.23000000,3.19000000,5.91
1749264152,5.22000000,38.34000000,5.91
1749264152,5.21000000,436.61000000,5.91
1749264152,5.20000000,1793.62000000,5.91
1749264152,5.19000000,4030.63000000,5.91
1749264152,5.18000000,513.01000000,5.91
1749264152,5.17000000,1.60000000,5.91
1749264152,5.16000000,10.43000000,5.91
1749264152,5.15000000,726.18000000,5.91
1749264152,5.13000000,42.54000000,5.91
1749264152,5.12000000,40.73000000,5.91
1749264152,5.11000000,9.33000000,5.91
1749264152,5.10000000,434.46000000,5.91
1749264152,5.09000000,341.80000000,5.91
1749264152,5.08000000,26.17000000,5.91
1749264152,5.07000000,7.62000000,5.91
1749264152,5.06000000,4.39000000,5.91
1749264152,5.05000000,134.05000000,5.91
1749264152,5.04000000,2.84000000,5.91
1749264152,5.03000000,218.02000000,5.91
1749264152,5.02000000,274.11000000,5.91
1749264152,5.01000000,639.50000000,5.91
1749264152,5.00000000,4194.01000000,5.91
1749264152,4.99000000,87.64000000,5.91
1749264152,4.98000000,10.04000000,5.91
1749264152,4.97000000,1.87000000,5.91
1749264152,4.96000000,102.47000000,5.91
1749264152,4.95000000,8.38000000,5.91
1749264152,4.94000000,4.93000000,5.91
1749264152,4.93000000,20.38000000,5.91
1749264152,4.92000000,27.56000000,5.91
1749264152,4.91000000,35.16000000,5.91
1749264454,5.91000000,349.50000000,5.91
1749264454,5.90000000,6664.47000000,5.91
1749264454,5.89000000,8472.27000000,5.91
1749264454,5.88000000,5173.22000000,5.91
1749264454,5.87000000,1895.12000000,5.91
1749264454,5.86000000,1199.93000000,5.91
1749264454,5.85000000,2105.03000000,5.91
1749264454,5.84000000,1548.78000000,5.91
1749264454,5.83000000,770.55000000,5.91
1749264454,5.82000000,1527.29000000,5.91
1749264454,5.81000000,683.45000000,5.91
1749264454,5.80000000,630.90000000,5.91
1749264454,5.79000000,227.82000000,5.91
1749264454,5.78000000,423.06000000,5.91
1749264454,5.77000000,679.69000000,5.91
1749264454,5.76000000,1074.45000000,5.91
1749264454,5.75000000,392.57000000,5.91
1749264454,5.74000000,338.75000000,5.91
1749264454,5.73000000,756.45000000,5.91
1749264454,5.72000000,251.86000000,5.91
1749264454,5.71000000,291.91000000,5.91
1749264454,5.70000000,327.05000000,5.91
1749264454,5.69000000,418.84000000,5.91
1749264454,5.68000000,254.27000000,5.91
1749264454,5.67000000,181.38000000,5.91
1749264454,5.66000000,161.92000000,5.91
1749264454,5.65000000,179.93000000,5.91
1749264454,5.64000000,164.90000000,5.91
1749264454,5.63000000,191.66000000,5.91
1749264454,5.62000000,166.05000000,5.91
1749264454,5.61000000,15.95000000,5.91
1749264454,5.60000000,1684.50000000,5.91
1749264454,5.59000000,174.52000000,5.91
1749264454,5.58000000,171.52000000,5.91
1749264454,5.57000000,3.22000000,5.91
1749264454,5.56000000,14.54000000,5.91
1749264454,5.55000000,15.32000000,5.91
1749264454,5.54000000,168.80000000,5.91
1749264454,5.53000000,178.97000000,5.91
1749264454,5.52000000,282.34000000,5.91
1749264454,5.51000000,762.75000000,5.91
1749264454,5.50000000,1544.72000000,5.91
1749264454,5.49000000,694.34000000,5.91
1749264454,5.48000000,8.33000000,5.91
1749264454,5.47000000,6.12000000,5.91
1749264454,5.46000000,15.80000000,5.91
1749264454,5.45000000,150.00000000,5.91
1749264454,5.44000000,73.61000000,5.91
1749264454,5.43000000,3.56000000,5.91
1749264454,5.42000000,97.60000000,5.91
1749264454,5.41000000,744.40000000,5.91
1749264454,5.40000000,210.03000000,5.91
1749264454,5.39000000,5.09000000,5.91
1749264454,5.38000000,43.43000000,5.91
1749264454,5.37000000,21.82000000,5.91
1749264454,5.36000000,13.57000000,5.91
1749264454,5.35000000,29.03000000,5.91
1749264454,5.34000000,6.47000000,5.91
1749264454,5.33000000,97.69000000,5.91
1749264454,5.32000000,124.47000000,5.91
1749264454,5.31000000,691.04000000,5.91
1749264454,5.30000000,1109.87000000,5.91
1749264454,5.29000000,3.25000000,5.91
1749264454,5.28000000,179.69000000,5.91
1749264454,5.27000000,19.90000000,5.91
1749264454,5.26000000,210.48000000,5.91
1749264454,5.25000000,313.75000000,5.91
1749264454,5.24000000,6.85000000,5.91
1749264454,5.23000000,3.19000000,5.91
1749264454,5.22000000,38.34000000,5.91
1749264454,5.21000000,436.61000000,5.91
1749264454,5.20000000,1793.62000000,5.91
1749264454,5.19000000,4030.63000000,5.91
1749264454,5.18000000,513.01000000,5.91
1749264454,5.17000000,1.60000000,5.91
1749264454,5.16000000,10.43000000,5.91
1749264454,5.15000000,726.18000000,5.91
1749264454,5.13000000,42.54000000,5.91
1749264454,5.12000000,40.73000000,5.91
1749264454,5.11000000,9.33000000,5.91
1749264454,5.10000000,434.46000000,5.91
1749264454,5.09000000,341.80000000,5.91
1749264454,5.08000000,26.17000000,5.91
1749264454,5.07000000,7.62000000,5.91
1749264454,5.06000000,4.39000000,5.91
1749264454,5.05000000,134.05000000,5.91
1749264454,5.04000000,2.84000000,5.91
1749264454,5.03000000,218.02000000,5.91
1749264454,5.02000000,274.11000000,5.91
1749264454,5.01000000,639.50000000,5.91
1749264454,5.00000000,4194.01000000,5.91
1749264454,4.99000000,87.64000000,5.91
1749264454,4.98000000,10.04000000,5.91
1749264454,4.97000000,1.87000000,5.91
1749264454,4.96000000,102.47000000,5.91
1749264454,4.95000000,8.38000000,5.91
1749264454,4.94000000,4.93000000,5.91
1749264454,4.93000000,20.38000000,5.91
1749264454,4.92000000,27.56000000,5.91
1749264454,4.91000000,35.16000000,5.91
1749264755,5.92000000,1584.86000000,5.92
1749264755,5.91000000,7094.64000000,5.92
1749264755,5.90000000,6465.58000000,5.92
1749264755,5.89000000,4735.16000000,5.92
1749264755,5.88000000,3124.08000000,5.92
1749264755,5.87000000,1560.75000000,5.92
1749264755,5.86000000,817.94000000,5.92
1749264755,5.85000000,2394.68000000,5.92
1749264755,5.84000000,1258.41000000,5.92
1749264755,5.83000000,527.03000000,5.92
1749264755,5.82000000,1527.29000000,5.92
1749264755,5.81000000,683.45000000,5.92
1749264755,5.80000000,630.90000000,5.92
1749264755,5.79000000,314.08000000,5.92
1749264755,5.78000000,337.19000000,5.92
1749264755,5.77000000,1421.03000000,5.92
1749264755,5.76000000,354.51000000,5.92
1749264755,5.75000000,392.57000000,5.92
1749264755,5.74000000,338.75000000,5.92
1749264755,5.73000000,756.45000000,5.92
1749264755,5.72000000,250.81000000,5.92
1749264755,5.71000000,291.91000000,5.92
1749264755,5.70000000,327.05000000,5.92
1749264755,5.69000000,418.84000000,5.92
1749264755,5.68000000,254.27000000,5.92
1749264755,5.67000000,181.38000000,5.92
1749264755,5.66000000,161.92000000,5.92
1749264755,5.65000000,179.93000000,5.92
1749264755,5.64000000,164.90000000,5.92
1749264755,5.63000000,191.66000000,5.92
1749264755,5.62000000,166.05000000,5.92
1749264755,5.61000000,15.95000000,5.92
1749264755,5.60000000,1684.50000000,5.92
1749264755,5.59000000,174.52000000,5.92
1749264755,5.58000000,171.52000000,5.92
1749264755,5.57000000,3.22000000,5.92
1749264755,5.56000000,14.54000000,5.92
1749264755,5.55000000,13.70000000,5.92
1749264755,5.54000000,168.80000000,5.92
1749264755,5.53000000,178.97000000,5.92
1749264755,5.52000000,282.34000000,5.92
1749264755,5.51000000,762.75000000,5.92
1749264755,5.50000000,1544.72000000,5.92
1749264755,5.49000000,694.34000000,5.92
1749264755,5.48000000,8.33000000,5.92
1749264755,5.47000000,6.12000000,5.92
1749264755,5.46000000,15.80000000,5.92
1749264755,5.45000000,150.00000000,5.92
1749264755,5.44000000,73.61000000,5.92
1749264755,5.43000000,3.56000000,5.92
1749264755,5.42000000,97.60000000,5.92
1749264755,5.41000000,744.40000000,5.92
1749264755,5.40000000,210.03000000,5.92
1749264755,5.39000000,5.09000000,5.92
1749264755,5.38000000,43.43000000,5.92
1749264755,5.37000000,19.59000000,5.92
1749264755,5.36000000,13.57000000,5.92
1749264755,5.35000000,29.03000000,5.92
1749264755,5.34000000,4.78000000,5.92
1749264755,5.33000000,97.69000000,5.92
1749264755,5.32000000,124.47000000,5.92
1749264755,5.31000000,691.04000000,5.92
1749264755,5.30000000,1109.87000000,5.92
1749264755,5.29000000,3.25000000,5.92
1749264755,5.28000000,179.69000000,5.92
1749264755,5.27000000,19.90000000,5.92
1749264755,5.26000000,210.48000000,5.92
1749264755,5.25000000,313.75000000,5.92
1749264755,5.24000000,6.85000000,5.92
1749264755,5.23000000,3.19000000,5.92
1749264755,5.22000000,38.34000000,5.92
1749264755,5.21000000,436.61000000,5.92
1749264755,5.20000000,1793.62000000,5.92
1749264755,5.19000000,4030.63000000,5.92
1749264755,5.18000000,513.01000000,5.92
1749264755,5.17000000,1.60000000,5.92
1749264755,5.16000000,10.43000000,5.92
1749264755,5.15000000,726.18000000,5.92
1749264755,5.13000000,42.54000000,5.92
1749264755,5.12000000,40.73000000,5.92
1749264755,5.11000000,9.33000000,5.92
1749264755,5.10000000,434.46000000,5.92
1749264755,5.09000000,341.80000000,5.92
1749264755,5.08000000,26.17000000,5.92
1749264755,5.07000000,7.62000000,5.92
1749264755,5.06000000,4.39000000,5.92
1749264755,5.05000000,134.05000000,5.92
1749264755,5.04000000,2.84000000,5.92
1749264755,5.03000000,218.02000000,5.92
1749264755,5.02000000,274.11000000,5.92
1749264755,5.01000000,639.50000000,5.92
1749264755,5.00000000,4194.01000000,5.92
1749264755,4.99000000,87.64000000,5.92
1749264755,4.98000000,10.04000000,5.92
1749264755,4.97000000,1.87000000,5.92
1749264755,4.96000000,102.47000000,5.92
1749264755,4.95000000,8.38000000,5.92
1749264755,4.94000000,4.93000000,5.92
1749264755,4.93000000,20.38000000,5.92
1749264755,4.92000000,27.56000000,5.92
1749265057,5.93000000,2432.05000000,5.93
1749265057,5.92000000,8278.03000000,5.93
1749265057,5.91000000,4177.59000000,5.93
1749265057,5.90000000,5269.39000000,5.93
1749265057,5.89000000,2924.64000000,5.93
1749265057,5.88000000,1655.83000000,5.93
1749265057,5.87000000,956.86000000,5.93
1749265057,5.86000000,2372.30000000,5.93
1749265057,5.85000000,695.88000000,5.93
1749265057,5.84000000,703.83000000,5.93
1749265057,5.83000000,331.14000000,5.93
1749265057,5.82000000,1427.14000000,5.93
1749265057,5.81000000,323.67000000,5.93
1749265057,5.80000000,472.60000000,5.93
1749265057,5.79000000,980.37000000,5.93
1749265057,5.78000000,337.19000000,5.93
1749265057,5.77000000,679.69000000,5.93
1749265057,5.76000000,336.01000000,5.93
1749265057,5.75000000,392.57000000,5.93
1749265057,5.74000000,338.75000000,5.93
1749265057,5.73000000,671.06000000,5.93
1749265057,5.72000000,250.81000000,5.93
1749265057,5.71000000,258.61000000,5.93
1749265057,5.70000000,327.05000000,5.93
1749265057,5.69000000,418.84000000,5.93
1749265057,5.68000000,254.27000000,5.93
1749265057,5.67000000,181.38000000,5.93
1749265057,5.66000000,161.92000000,5.93
1749265057,5.65000000,179.93000000,5.93
1749265057,5.64000000,164.90000000,5.93
1749265057,5.63000000,191.66000000,5.93
1749265057,5.62000000,166.05000000,5.93
1749265057,5.61000000,15.95000000,5.93
1749265057,5.60000000,1684.50000000,5.93
1749265057,5.59000000,174.52000000,5.93
1749265057,5.58000000,171.52000000,5.93
1749265057,5.57000000,3.22000000,5.93
1749265057,5.56000000,14.54000000,5.93
1749265057,5.55000000,13.70000000,5.93
1749265057,5.54000000,168.80000000,5.93
1749265057,5.53000000,178.97000000,5.93
1749265057,5.52000000,124.84000000,5.93
1749265057,5.51000000,605.25000000,5.93
1749265057,5.50000000,1544.72000000,5.93
1749265057,5.49000000,694.34000000,5.93
1749265057,5.48000000,8.33000000,5.93
1749265057,5.47000000,6.12000000,5.93
1749265057,5.46000000,15.80000000,5.93
1749265057,5.45000000,150.00000000,5.93
1749265057,5.44000000,73.61000000,5.93
1749265057,5.43000000,3.56000000,5.93
1749265057,5.42000000,97.60000000,5.93
1749265057,5.41000000,744.40000000,5.93
1749265057,5.40000000,210.03000000,5.93
1749265057,5.39000000,5.09000000,5.93
1749265057,5.38000000,43.43000000,5.93
1749265057,5.37000000,19.59000000,5.93
1749265057,5.36000000,13.54000000,5.93
1749265057,5.35000000,27.34000000,5.93
1749265057,5.34000000,8.90000000,5.93
1749265057,5.33000000,97.69000000,5.93
1749265057,5.32000000,120.35000000,5.93
1749265057,5.31000000,691.04000000,5.93
1749265057,5.30000000,1109.87000000,5.93
1749265057,5.29000000,3.25000000,5.93
1749265057,5.28000000,179.69000000,5.93
1749265057,5.27000000,19.90000000,5.93
1749265057,5.26000000,210.48000000,5.93
1749265057,5.25000000,313.75000000,5.93
1749265057,5.24000000,6.85000000,5.93
1749265057,5.23000000,3.19000000,5.93
1749265057,5.22000000,38.34000000,5.93
1749265057,5.21000000,436.61000000,5.93
1749265057,5.20000000,1793.62000000,5.93
1749265057,5.19000000,4030.63000000,5.93
1749265057,5.18000000,513.01000000,5.93
1749265057,5.17000000,1.60000000,5.93
1749265057,5.16000000,10.43000000,5.93
1749265057,5.15000000,726.18000000,5.93
1749265057,5.13000000,42.54000000,5.93
1749265057,5.12000000,40.73000000,5.93
1749265057,5.11000000,9.33000000,5.93
1749265057,5.10000000,434.46000000,5.93
1749265057,5.09000000,341.80000000,5.93
1749265057,5.08000000,26.17000000,5.93
1749265057,5.07000000,7.62000000,5.93
1749265057,5.06000000,4.39000000,5.93
1749265057,5.05000000,134.05000000,5.93
1749265057,5.04000000,2.84000000,5.93
1749265057,5.03000000,218.02000000,5.93
1749265057,5.02000000,274.11000000,5.93
1749265057,5.01000000,639.50000000,5.93
1749265057,5.00000000,4194.01000000,5.93
1749265057,4.99000000,87.64000000,5.93
1749265057,4.98000000,10.04000000,5.93
1749265057,4.97000000,1.87000000,5.93
1749265057,4.96000000,102.47000000,5.93
1749265057,4.95000000,8.38000000,5.93
1749265057,4.94000000,4.93000000,5.93
1749265057,4.93000000,20.38000000,5.93
1749265367,5.92000000,6646.92000000,5.93
1749265367,5.91000000,6676.56000000,5.93
1749265367,5.90000000,6281.87000000,5.93
1749265367,5.89000000,2191.81000000,5.93
1749265367,5.88000000,1736.99000000,5.93
1749265367,5.87000000,4196.34000000,5.93
1749265367,5.86000000,993.83000000,5.93
1749265367,5.85000000,1537.25000000,5.93
1749265367,5.84000000,703.83000000,5.93
1749265367,5.83000000,331.14000000,5.93
1749265367,5.82000000,585.77000000,5.93
1749265367,5.81000000,323.67000000,5.93
1749265367,5.80000000,473.75000000,5.93
1749265367,5.79000000,241.15000000,5.93
1749265367,5.78000000,337.19000000,5.93
1749265367,5.77000000,1418.78000000,5.93
1749265367,5.76000000,336.01000000,5.93
1749265367,5.75000000,392.57000000,5.93
1749265367,5.74000000,372.05000000,5.93
1749265367,5.73000000,671.06000000,5.93
1749265367,5.72000000,250.81000000,5.93
1749265367,5.71000000,258.61000000,5.93
1749265367,5.70000000,327.05000000,5.93
1749265367,5.69000000,418.84000000,5.93
1749265367,5.68000000,254.27000000,5.93
1749265367,5.67000000,181.38000000,5.93
1749265367,5.66000000,161.92000000,5.93
1749265367,5.65000000,179.93000000,5.93
1749265367,5.64000000,164.90000000,5.93
1749265367,5.63000000,191.66000000,5.93
1749265367,5.62000000,166.05000000,5.93
1749265367,5.61000000,15.95000000,5.93
1749265367,5.60000000,1684.50000000,5.93
1749265367,5.59000000,174.52000000,5.93
1749265367,5.58000000,171.52000000,5.93
1749265367,5.57000000,3.22000000,5.93
1749265367,5.56000000,14.54000000,5.93
1749265367,5.55000000,13.70000000,5.93
1749265367,5.54000000,168.80000000,5.93
1749265367,5.53000000,178.97000000,5.93
1749265367,5.52000000,124.84000000,5.93
1749265367,5.51000000,605.25000000,5.93
1749265367,5.50000000,1544.72000000,5.93
1749265367,5.49000000,694.34000000,5.93
1749265367,5.48000000,8.33000000,5.93
1749265367,5.47000000,6.12000000,5.93
1749265367,5.46000000,15.80000000,5.93
1749265367,5.45000000,150.00000000,5.93
1749265367,5.44000000,73.61000000,5.93
1749265367,5.43000000,3.56000000,5.93
1749265367,5.42000000,97.60000000,5.93
1749265367,5.41000000,744.40000000,5.93
1749265367,5.40000000,210.03000000,5.93
1749265367,5.39000000,5.09000000,5.93
1749265367,5.38000000,43.43000000,5.93
1749265367,5.37000000,19.59000000,5.93
1749265367,5.36000000,13.54000000,5.93
1749265367,5.35000000,29.03000000,5.93
1749265367,5.34000000,4.78000000,5.93
1749265367,5.33000000,101.81000000,5.93
1749265367,5.32000000,120.35000000,5.93
1749265367,5.31000000,691.04000000,5.93
1749265367,5.30000000,1109.87000000,5.93
1749265367,5.29000000,3.25000000,5.93
1749265367,5.28000000,179.69000000,5.93
1749265367,5.27000000,19.90000000,5.93
1749265367,5.26000000,210.48000000,5.93
1749265367,5.25000000,313.75000000,5.93
1749265367,5.24000000,6.85000000,5.93
1749265367,5.23000000,3.19000000,5.93
1749265367,5.22000000,38.34000000,5.93
1749265367,5.21000000,436.61000000,5.93
1749265367,5.20000000,1793.62000000,5.93
1749265367,5.19000000,4030.63000000,5.93
1749265367,5.18000000,513.01000000,5.93
1749265367,5.17000000,1.60000000,5.93
1749265367,5.16000000,10.43000000,5.93
1749265367,5.15000000,726.18000000,5.93
1749265367,5.13000000,42.54000000,5.93
1749265367,5.12000000,40.73000000,5.93
1749265367,5.11000000,9.33000000,5.93
1749265367,5.10000000,434.46000000,5.93
1749265367,5.09000000,341.80000000,5.93
1749265367,5.08000000,26.17000000,5.93
1749265367,5.07000000,7.62000000,5.93
1749265367,5.06000000,4.39000000,5.93
1749265367,5.05000000,134.05000000,5.93
1749265367,5.04000000,2.84000000,5.93
1749265367,5.03000000,218.02000000,5.93
1749265367,5.02000000,274.11000000,5.93
1749265367,5.01000000,639.50000000,5.93
1749265367,5.00000000,4194.01000000,5.93
1749265367,4.99000000,87.64000000,5.93
1749265367,4.98000000,10.04000000,5.93
1749265367,4.97000000,1.87000000,5.93
1749265367,4.96000000,102.47000000,5.93
1749265367,4.95000000,8.38000000,5.93
1749265367,4.94000000,4.93000000,5.93
1749265367,4.93000000,20.38000000,5.93
1749265367,4.92000000,27.56000000,5.93
1749265669,5.94000000,717.45000000,5.94
1749265669,5.93000000,7567.10000000,5.94
1749265669,5.92000000,6546.90000000,5.94
1749265669,5.91000000,4611.11000000,5.94
1749265669,5.90000000,3358.03000000,5.94
1749265669,5.89000000,940.54000000,5.94
1749265669,5.88000000,1189.15000000,5.94
1749265669,5.87000000,3728.61000000,5.94
1749265669,5.86000000,995.41000000,5.94
1749265669,5.85000000,1537.25000000,5.94
1749265669,5.84000000,946.94000000,5.94
1749265669,5.83000000,331.14000000,5.94
1749265669,5.82000000,341.83000000,5.94
1749265669,5.81000000,410.57000000,5.94
1749265669,5.80000000,388.30000000,5.94
1749265669,5.79000000,979.84000000,5.94
1749265669,5.78000000,337.19000000,5.94
1749265669,5.77000000,679.69000000,5.94
1749265669,5.76000000,336.01000000,5.94
1749265669,5.75000000,392.57000000,5.94
1749265669,5.74000000,287.95000000,5.94
1749265669,5.73000000,671.06000000,5.94
1749265669,5.72000000,250.81000000,5.94
1749265669,5.71000000,258.61000000,5.94
1749265669,5.70000000,327.05000000,5.94
1749265669,5.69000000,418.84000000,5.94
1749265669,5.68000000,254.27000000,5.94
1749265669,5.67000000,181.38000000,5.94
1749265669,5.66000000,161.92000000,5.94
1749265669,5.65000000,179.93000000,5.94
1749265669,5.64000000,164.90000000,5.94
1749265669,5.63000000,191.66000000,5.94
1749265669,5.62000000,166.05000000,5.94
1749265669,5.61000000,15.95000000,5.94
1749265669,5.60000000,1684.50000000,5.94
1749265669,5.59000000,174.52000000,5.94
1749265669,5.58000000,171.52000000,5.94
1749265669,5.57000000,3.22000000,5.94
1749265669,5.56000000,14.54000000,5.94
1749265669,5.55000000,13.70000000,5.94
1749265669,5.54000000,168.80000000,5.94
1749265669,5.53000000,178.97000000,5.94
1749265669,5.52000000,124.84000000,5.94
1749265669,5.51000000,605.25000000,5.94
1749265669,5.50000000,1544.72000000,5.94
1749265669,5.49000000,694.34000000,5.94
1749265669,5.48000000,8.33000000,5.94
1749265669,5.47000000,6.12000000,5.94
1749265669,5.46000000,15.80000000,5.94
1749265669,5.45000000,150.00000000,5.94
1749265669,5.44000000,73.61000000,5.94
1749265669,5.43000000,3.56000000,5.94
1749265669,5.42000000,97.60000000,5.94
1749265669,5.41000000,744.40000000,5.94
1749265669,5.40000000,210.03000000,5.94
1749265669,5.39000000,5.09000000,5.94
1749265669,5.38000000,43.43000000,5.94
1749265669,5.37000000,19.59000000,5.94
1749265669,5.36000000,11.85000000,5.94
1749265669,5.35000000,27.34000000,5.94
1749265669,5.34000000,4.78000000,5.94
1749265669,5.33000000,101.81000000,5.94
1749265669,5.32000000,120.35000000,5.94
1749265669,5.31000000,691.04000000,5.94
1749265669,5.30000000,1109.87000000,5.94
1749265669,5.29000000,3.25000000,5.94
1749265669,5.28000000,179.69000000,5.94
1749265669,5.27000000,19.90000000,5.94
1749265669,5.26000000,210.48000000,5.94
1749265669,5.25000000,313.75000000,5.94
1749265669,5.24000000,6.85000000,5.94
1749265669,5.23000000,3.19000000,5.94
1749265669,5.22000000,38.34000000,5.94
1749265669,5.21000000,436.61000000,5.94
1749265669,5.20000000,1793.62000000,5.94
1749265669,5.19000000,4030.63000000,5.94
1749265669,5.18000000,513.01000000,5.94
1749265669,5.17000000,1.60000000,5.94
1749265669,5.16000000,10.43000000,5.94
1749265669,5.15000000,726.18000000,5.94
1749265669,5.13000000,42.54000000,5.94
1749265669,5.12000000,40.73000000,5.94
1749265669,5.11000000,9.33000000,5.94
1749265669,5.10000000,434.46000000,5.94
1749265669,5.09000000,341.80000000,5.94
1749265669,5.08000000,26.17000000,5.94
1749265669,5.07000000,7.62000000,5.94
1749265669,5.06000000,4.39000000,5.94
1749265669,5.05000000,134.05000000,5.94
1749265669,5.04000000,2.84000000,5.94
1749265669,5.03000000,218.02000000,5.94
1749265669,5.02000000,274.11000000,5.94
1749265669,5.01000000,639.50000000,5.94
1749265669,5.00000000,4194.01000000,5.94
1749265669,4.99000000,87.64000000,5.94
1749265669,4.98000000,10.04000000,5.94
1749265669,4.97000000,1.87000000,5.94
1749265669,4.96000000,102.47000000,5.94
1749265669,4.95000000,8.38000000,5.94
1749265669,4.94000000,4.93000000,5.94
1749265970,5.95000000,1493.08000000,5.96
1749265970,5.94000000,8517.31000000,5.96
1749265970,5.93000000,3312.47000000,5.96
1749265970,5.92000000,6095.40000000,5.96
1749265970,5.91000000,2833.11000000,5.96
1749265970,5.90000000,1562.96000000,5.96
1749265970,5.89000000,779.24000000,5.96
1749265970,5.88000000,2282.31000000,5.96
1749265970,5.87000000,1073.74000000,5.96
1749265970,5.86000000,602.21000000,5.96
1749265970,5.85000000,1537.25000000,5.96
1749265970,5.84000000,946.94000000,5.96
1749265970,5.83000000,417.17000000,5.96
1749265970,5.82000000,341.83000000,5.96
1749265970,5.81000000,323.67000000,5.96
1749265970,5.80000000,388.30000000,5.96
1749265970,5.79000000,241.15000000,5.96
1749265970,5.78000000,337.19000000,5.96
1749265970,5.77000000,679.69000000,5.96
1749265970,5.76000000,336.01000000,5.96
1749265970,5.75000000,308.47000000,5.96
1749265970,5.74000000,286.66000000,5.96
1749265970,5.73000000,671.06000000,5.96
1749265970,5.72000000,250.81000000,5.96
1749265970,5.71000000,258.61000000,5.96
1749265970,5.70000000,327.05000000,5.96
1749265970,5.69000000,418.84000000,5.96
1749265970,5.68000000,254.27000000,5.96
1749265970,5.67000000,181.38000000,5.96
1749265970,5.66000000,161.92000000,5.96
1749265970,5.65000000,179.93000000,5.96
1749265970,5.64000000,164.90000000,5.96
1749265970,5.63000000,191.66000000,5.96
1749265970,5.62000000,166.05000000,5.96
1749265970,5.61000000,15.95000000,5.96
1749265970,5.60000000,1684.50000000,5.96
1749265970,5.59000000,174.52000000,5.96
1749265970,5.58000000,171.52000000,5.96
1749265970,5.57000000,3.22000000,5.96
1749265970,5.56000000,12.74000000,5.96
1749265970,5.55000000,15.51000000,5.96
1749265970,5.54000000,168.80000000,5.96
1749265970,5.53000000,21.47000000,5.96
1749265970,5.52000000,124.84000000,5.96
1749265970,5.51000000,605.25000000,5.96
1749265970,5.50000000,1544.72000000,5.96
1749265970,5.49000000,694.34000000,5.96
1749265970,5.48000000,8.33000000,5.96
1749265970,5.47000000,6.12000000,5.96
1749265970,5.46000000,15.80000000,5.96
1749265970,5.45000000,150.00000000,5.96
1749265970,5.44000000,73.61000000,5.96
1749265970,5.43000000,3.56000000,5.96
1749265970,5.42000000,97.60000000,5.96
1749265970,5.41000000,744.40000000,5.96
1749265970,5.40000000,210.03000000,5.96
1749265970,5.39000000,5.09000000,5.96
1749265970,5.38000000,43.43000000,5.96
1749265970,5.37000000,17.87000000,5.96
1749265970,5.36000000,11.85000000,5.96
1749265970,5.35000000,31.42000000,5.96
1749265970,5.34000000,4.78000000,5.96
1749265970,5.33000000,97.69000000,5.96
1749265970,5.32000000,120.35000000,5.96
1749265970,5.31000000,691.04000000,5.96
1749265970,5.30000000,1109.87000000,5.96
1749265970,5.29000000,3.25000000,5.96
1749265970,5.28000000,179.69000000,5.96
1749265970,5.27000000,19.90000000,5.96
1749265970,5.26000000,210.48000000,5.96
1749265970,5.25000000,313.75000000,5.96
1749265970,5.24000000,6.85000000,5.96
1749265970,5.23000000,3.19000000,5.96
1749265970,5.22000000,38.34000000,5.96
1749265970,5.21000000,436.61000000,5.96
1749265970,5.20000000,1793.62000000,5.96
1749265970,5.19000000,4030.63000000,5.96
1749265970,5.18000000,513.01000000,5.96
1749265970,5.17000000,1.60000000,5.96
1749265970,5.16000000,10.43000000,5.96
1749265970,5.15000000,726.18000000,5.96
1749265970,5.13000000,42.54000000,5.96
1749265970,5.12000000,40.73000000,5.96
1749265970,5.11000000,9.33000000,5.96
1749265970,5.10000000,434.46000000,5.96
1749265970,5.09000000,341.80000000,5.96
1749265970,5.08000000,26.17000000,5.96
1749265970,5.07000000,7.62000000,5.96
1749265970,5.06000000,4.39000000,5.96
1749265970,5.05000000,134.05000000,5.96
1749265970,5.04000000,2.84000000,5.96
1749265970,5.03000000,218.02000000,5.96
1749265970,5.02000000,274.11000000,5.96
1749265970,5.01000000,639.50000000,5.96
1749265970,5.00000000,4194.01000000,5.96
1749265970,4.99000000,87.64000000,5.96
1749265970,4.98000000,10.04000000,5.96
1749265970,4.97000000,1.87000000,5.96
1749265970,4.96000000,102.47000000,5.96
1749265970,4.95000000,8.38000000,5.96
1749266276,5.95000000,615.44000000,5.95
1749266276,5.94000000,9226.73000000,5.95
1749266276,5.93000000,7721.05000000,5.95
1749266276,5.92000000,4196.02000000,5.95
1749266276,5.91000000,1247.33000000,5.95
1749266276,5.90000000,1583.85000000,5.95
1749266276,5.89000000,2187.19000000,5.95
1749266276,5.88000000,756.17000000,5.95
1749266276,5.87000000,521.74000000,5.95
1749266276,5.86000000,577.24000000,5.95
1749266276,5.85000000,1532.74000000,5.95
1749266276,5.84000000,584.82000000,5.95
1749266276,5.83000000,331.14000000,5.95
1749266276,5.82000000,771.65000000,5.95
1749266276,5.81000000,323.67000000,5.95
1749266276,5.80000000,388.30000000,5.95
1749266276,5.79000000,241.15000000,5.95
1749266276,5.78000000,337.19000000,5.95
1749266276,5.77000000,333.58000000,5.95
1749266276,5.76000000,336.01000000,5.95
1749266276,5.75000000,307.18000000,5.95
1749266276,5.74000000,286.66000000,5.95
1749266276,5.73000000,671.06000000,5.95
1749266276,5.72000000,250.81000000,5.95
1749266276,5.71000000,258.61000000,5.95
1749266276,5.70000000,327.05000000,5.95
1749266276,5.69000000,418.84000000,5.95
1749266276,5.68000000,254.27000000,5.95
1749266276,5.67000000,181.38000000,5.95
1749266276,5.66000000,161.92000000,5.95
1749266276,5.65000000,179.93000000,5.95
1749266276,5.64000000,164.90000000,5.95
1749266276,5.63000000,191.66000000,5.95
1749266276,5.62000000,166.05000000,5.95
1749266276,5.61000000,15.95000000,5.95
1749266276,5.60000000,1684.50000000,5.95
1749266276,5.59000000,17.02000000,5.95
1749266276,5.58000000,171.52000000,5.95
1749266276,5.57000000,3.22000000,5.95
1749266276,5.56000000,12.74000000,5.95
1749266276,5.55000000,173.01000000,5.95
1749266276,5.54000000,11.30000000,5.95
1749266276,5.53000000,21.47000000,5.95
1749266276,5.52000000,124.84000000,5.95
1749266276,5.51000000,605.25000000,5.95
1749266276,5.50000000,1544.72000000,5.95
1749266276,5.49000000,694.34000000,5.95
1749266276,5.48000000,8.33000000,5.95
1749266276,5.47000000,6.12000000,5.95
1749266276,5.46000000,15.80000000,5.95
1749266276,5.45000000,150.00000000,5.95
1749266276,5.44000000,73.61000000,5.95
1749266276,5.43000000,3.56000000,5.95
1749266276,5.42000000,97.60000000,5.95
1749266276,5.41000000,744.40000000,5.95
1749266276,5.40000000,210.03000000,5.95
1749266276,5.39000000,5.09000000,5.95
1749266276,5.38000000,43.39000000,5.95
1749266276,5.37000000,17.87000000,5.95
1749266276,5.36000000,11.85000000,5.95
1749266276,5.35000000,31.42000000,5.95
1749266276,5.34000000,4.78000000,5.95
1749266276,5.33000000,97.69000000,5.95
1749266276,5.32000000,120.35000000,5.95
1749266276,5.31000000,691.04000000,5.95
1749266276,5.30000000,1109.87000000,5.95
1749266276,5.29000000,3.25000000,5.95
1749266276,5.28000000,179.69000000,5.95
1749266276,5.27000000,19.90000000,5.95
1749266276,5.26000000,210.48000000,5.95
1749266276,5.25000000,313.75000000,5.95
1749266276,5.24000000,6.85000000,5.95
1749266276,5.23000000,3.19000000,5.95
1749266276,5.22000000,38.34000000,5.95
1749266276,5.21000000,436.61000000,5.95
1749266276,5.20000000,1793.62000000,5.95
1749266276,5.19000000,4030.63000000,5.95
1749266276,5.18000000,513.01000000,5.95
1749266276,5.17000000,1.60000000,5.95
1749266276,5.16000000,10.43000000,5.95
1749266276,5.15000000,726.18000000,5.95
1749266276,5.13000000,42.54000000,5.95
1749266276,5.12000000,40.73000000,5.95
1749266276,5.11000000,9.33000000,5.95
1749266276,5.10000000,434.46000000,5.95
1749266276,5.09000000,341.80000000,5.95
1749266276,5.08000000,26.17000000,5.95
1749266276,5.07000000,7.62000000,5.95
1749266276,5.06000000,4.39000000,5.95
1749266276,5.05000000,134.05000000,5.95
1749266276,5.04000000,2.84000000,5.95
1749266276,5.03000000,218.02000000,5.95
1749266276,5.02000000,274.11000000,5.95
1749266276,5.01000000,639.50000000,5.95
1749266276,5.00000000,4194.01000000,5.95
1749266276,4.99000000,87.64000000,5.95
1749266276,4.98000000,10.04000000,5.95
1749266276,4.97000000,1.87000000,5.95
1749266276,4.96000000,102.47000000,5.95
1749266276,4.95000000,8.38000000,5.95
1749266578,5.94000000,2914.36000000,5.94
1749266578,5.93000000,8637.55000000,5.94
1749266578,5.92000000,4586.32000000,5.94
1749266578,5.91000000,4087.88000000,5.94
1749266578,5.90000000,1658.89000000,5.94
1749266578,5.89000000,2508.51000000,5.94
1749266578,5.88000000,1145.26000000,5.94
1749266578,5.87000000,543.64000000,5.94
1749266578,5.86000000,969.06000000,5.94
1749266578,5.85000000,1532.74000000,5.94
1749266578,5.84000000,584.82000000,5.94
1749266578,5.83000000,331.14000000,5.94
1749266578,5.82000000,687.94000000,5.94
1749266578,5.81000000,408.83000000,5.94
1749266578,5.80000000,388.30000000,5.94
1749266578,5.79000000,977.78000000,5.94
1749266578,5.78000000,337.19000000,5.94
1749266578,5.77000000,333.58000000,5.94
1749266578,5.76000000,336.01000000,5.94
1749266578,5.75000000,307.18000000,5.94
1749266578,5.74000000,286.66000000,5.94
1749266578,5.73000000,671.06000000,5.94
1749266578,5.72000000,250.81000000,5.94
1749266578,5.71000000,258.61000000,5.94
1749266578,5.70000000,327.05000000,5.94
1749266578,5.69000000,418.84000000,5.94
1749266578,5.68000000,254.27000000,5.94
1749266578,5.67000000,181.38000000,5.94
1749266578,5.66000000,161.92000000,5.94
1749266578,5.65000000,179.93000000,5.94
1749266578,5.64000000,164.90000000,5.94
1749266578,5.63000000,191.66000000,5.94
1749266578,5.62000000,166.05000000,5.94
1749266578,5.61000000,15.95000000,5.94
1749266578,5.60000000,1684.50000000,5.94
1749266578,5.59000000,17.02000000,5.94
1749266578,5.58000000,171.52000000,5.94
1749266578,5.57000000,3.22000000,5.94
1749266578,5.56000000,12.74000000,5.94
1749266578,5.55000000,173.01000000,5.94
1749266578,5.54000000,11.30000000,5.94
1749266578,5.53000000,21.47000000,5.94
1749266578,5.52000000,124.84000000,5.94
1749266578,5.51000000,605.25000000,5.94
1749266578,5.50000000,1544.72000000,5.94
1749266578,5.49000000,694.34000000,5.94
1749266578,5.48000000,8.33000000,5.94
1749266578,5.47000000,6.12000000,5.94
1749266578,5.46000000,15.80000000,5.94
1749266578,5.45000000,150.00000000,5.94
1749266578,5.44000000,73.61000000,5.94
1749266578,5.43000000,3.56000000,5.94
1749266578,5.42000000,97.60000000,5.94
1749266578,5.41000000,744.40000000,5.94
1749266578,5.40000000,210.03000000,5.94
1749266578,5.39000000,5.09000000,5.94
1749266578,5.38000000,43.39000000,5.94
1749266578,5.37000000,19.55000000,5.94
1749266578,5.36000000,11.85000000,5.94
1749266578,5.35000000,31.42000000,5.94
1749266578,5.34000000,4.78000000,5.94
1749266578,5.33000000,97.69000000,5.94
1749266578,5.32000000,120.35000000,5.94
1749266578,5.31000000,691.04000000,5.94
1749266578,5.30000000,1109.87000000,5.94
1749266578,5.29000000,3.25000000,5.94
1749266578,5.28000000,179.69000000,5.94
1749266578,5.27000000,19.90000000,5.94
1749266578,5.26000000,210.48000000,5.94
1749266578,5.25000000,313.75000000,5.94
1749266578,5.24000000,6.85000000,5.94
1749266578,5.23000000,3.19000000,5.94
1749266578,5.22000000,38.34000000,5.94
1749266578,5.21000000,436.61000000,5.94
1749266578,5.20000000,1793.62000000,5.94
1749266578,5.19000000,4030.63000000,5.94
1749266578,5.18000000,513.01000000,5.94
1749266578,5.17000000,1.60000000,5.94
1749266578,5.16000000,10.43000000,5.94
1749266578,5.15000000,726.18000000,5.94
1749266578,5.13000000,42.54000000,5.94
1749266578,5.12000000,40.73000000,5.94
1749266578,5.11000000,9.33000000,5.94
1749266578,5.10000000,434.46000000,5.94
1749266578,5.09000000,341.80000000,5.94
1749266578,5.08000000,26.17000000,5.94
1749266578,5.07000000,7.62000000,5.94
1749266578,5.06000000,4.39000000,5.94
1749266578,5.05000000,134.05000000,5.94
1749266578,5.04000000,2.84000000,5.94
1749266578,5.03000000,218.02000000,5.94
1749266578,5.02000000,274.11000000,5.94
1749266578,5.01000000,639.50000000,5.94
1749266578,5.00000000,4194.01000000,5.94
1749266578,4.99000000,87.64000000,5.94
1749266578,4.98000000,10.04000000,5.94
1749266578,4.97000000,1.87000000,5.94
1749266578,4.96000000,102.47000000,5.94
1749266578,4.95000000,8.38000000,5.94
1749266578,4.94000000,4.93000000,5.94
1749266879,5.94000000,4105.86000000,5.95
1749266879,5.93000000,9082.87000000,5.95
1749266879,5.92000000,5904.32000000,5.95
1749266879,5.91000000,3483.70000000,5.95
1749266879,5.90000000,1420.56000000,5.95
1749266879,5.89000000,2508.51000000,5.95
1749266879,5.88000000,1167.12000000,5.95
1749266879,5.87000000,521.74000000,5.95
1749266879,5.86000000,969.25000000,5.95
1749266879,5.85000000,1532.74000000,5.95
1749266879,5.84000000,584.82000000,5.95
1749266879,5.83000000,331.14000000,5.95
1749266879,5.82000000,773.90000000,5.95
1749266879,5.81000000,323.67000000,5.95
1749266879,5.80000000,388.30000000,5.95
1749266879,5.79000000,978.12000000,5.95
1749266879,5.78000000,337.19000000,5.95
1749266879,5.77000000,333.58000000,5.95
1749266879,5.76000000,336.01000000,5.95
1749266879,5.75000000,307.18000000,5.95
1749266879,5.74000000,286.66000000,5.95
1749266879,5.73000000,671.06000000,5.95
1749266879,5.72000000,250.81000000,5.95
1749266879,5.71000000,258.61000000,5.95
1749266879,5.70000000,327.05000000,5.95
1749266879,5.69000000,418.84000000,5.95
1749266879,5.68000000,254.27000000,5.95
1749266879,5.67000000,181.38000000,5.95
1749266879,5.66000000,161.92000000,5.95
1749266879,5.65000000,179.93000000,5.95
1749266879,5.64000000,164.90000000,5.95
1749266879,5.63000000,191.66000000,5.95
1749266879,5.62000000,166.05000000,5.95
1749266879,5.61000000,15.95000000,5.95
1749266879,5.60000000,1684.50000000,5.95
1749266879,5.59000000,17.02000000,5.95
1749266879,5.58000000,171.52000000,5.95
1749266879,5.57000000,3.22000000,5.95
1749266879,5.56000000,14.54000000,5.95
1749266879,5.55000000,171.20000000,5.95
1749266879,5.54000000,11.30000000,5.95
1749266879,5.53000000,21.47000000,5.95
1749266879,5.52000000,124.84000000,5.95
1749266879,5.51000000,605.25000000,5.95
1749266879,5.50000000,1544.72000000,5.95
1749266879,5.49000000,694.34000000,5.95
1749266879,5.48000000,8.33000000,5.95
1749266879,5.47000000,6.12000000,5.95
1749266879,5.46000000,15.80000000,5.95
1749266879,5.45000000,150.00000000,5.95
1749266879,5.44000000,73.61000000,5.95
1749266879,5.43000000,3.56000000,5.95
1749266879,5.42000000,97.60000000,5.95
1749266879,5.41000000,744.40000000,5.95
1749266879,5.40000000,210.03000000,5.95
1749266879,5.39000000,5.09000000,5.95
1749266879,5.38000000,43.39000000,5.95
1749266879,5.37000000,19.55000000,5.95
1749266879,5.36000000,11.85000000,5.95
1749266879,5.35000000,31.42000000,5.95
1749266879,5.34000000,4.78000000,5.95
1749266879,5.33000000,97.69000000,5.95
1749266879,5.32000000,120.35000000,5.95
1749266879,5.31000000,691.04000000,5.95
1749266879,5.30000000,1109.87000000,5.95
1749266879,5.29000000,3.25000000,5.95
1749266879,5.28000000,179.69000000,5.95
1749266879,5.27000000,19.90000000,5.95
1749266879,5.26000000,210.48000000,5.95
1749266879,5.25000000,313.75000000,5.95
1749266879,5.24000000,6.85000000,5.95
1749266879,5.23000000,3.19000000,5.95
1749266879,5.22000000,38.34000000,5.95
1749266879,5.21000000,436.61000000,5.95
1749266879,5.20000000,1793.62000000,5.95
1749266879,5.19000000,4030.63000000,5.95
1749266879,5.18000000,513.01000000,5.95
1749266879,5.17000000,1.60000000,5.95
1749266879,5.16000000,10.43000000,5.95
1749266879,5.15000000,726.18000000,5.95
1749266879,5.13000000,42.54000000,5.95
1749266879,5.12000000,40.73000000,5.95
1749266879,5.11000000,9.33000000,5.95
1749266879,5.10000000,434.46000000,5.95
1749266879,5.09000000,341.80000000,5.95
1749266879,5.08000000,26.17000000,5.95
1749266879,5.07000000,7.62000000,5.95
1749266879,5.06000000,4.39000000,5.95
1749266879,5.05000000,134.05000000,5.95
1749266879,5.04000000,2.84000000,5.95
1749266879,5.03000000,218.02000000,5.95
1749266879,5.02000000,274.11000000,5.95
1749266879,5.01000000,639.50000000,5.95
1749266879,5.00000000,4194.01000000,5.95
1749266879,4.99000000,87.64000000,5.95
1749266879,4.98000000,10.04000000,5.95
1749266879,4.97000000,1.87000000,5.95
1749266879,4.96000000,102.47000000,5.95
1749266879,4.95000000,8.38000000,5.95
1749266879,4.94000000,4.93000000,5.95
1749267181,5.93000000,4888.16000000,5.94
1749267181,5.92000000,8177.84000000,5.94
1749267181,5.91000000,6867.00000000,5.94
1749267181,5.90000000,1919.78000000,5.94
1749267181,5.89000000,2572.25000000,5.94
1749267181,5.88000000,1534.91000000,5.94
1749267181,5.87000000,543.64000000,5.94
1749267181,5.86000000,969.25000000,5.94
1749267181,5.85000000,1532.74000000,5.94
1749267181,5.84000000,584.82000000,5.94
1749267181,5.83000000,331.14000000,5.94
1749267181,5.82000000,687.94000000,5.94
1749267181,5.81000000,410.57000000,5.94
1749267181,5.80000000,388.30000000,5.94
1749267181,5.79000000,978.12000000,5.94
1749267181,5.78000000,337.19000000,5.94
1749267181,5.77000000,333.58000000,5.94
1749267181,5.76000000,336.01000000,5.94
1749267181,5.75000000,307.18000000,5.94
1749267181,5.74000000,286.66000000,5.94
1749267181,5.73000000,671.06000000,5.94
1749267181,5.72000000,250.81000000,5.94
1749267181,5.71000000,258.61000000,5.94
1749267181,5.70000000,327.05000000,5.94
1749267181,5.69000000,418.84000000,5.94
1749267181,5.68000000,254.27000000,5.94
1749267181,5.67000000,181.38000000,5.94
1749267181,5.66000000,161.92000000,5.94
1749267181,5.65000000,179.93000000,5.94
1749267181,5.64000000,164.90000000,5.94
1749267181,5.63000000,191.66000000,5.94
1749267181,5.62000000,166.05000000,5.94
1749267181,5.61000000,15.95000000,5.94
1749267181,5.60000000,1684.50000000,5.94
1749267181,5.59000000,17.02000000,5.94
1749267181,5.58000000,171.52000000,5.94
1749267181,5.57000000,3.22000000,5.94
1749267181,5.56000000,14.54000000,5.94
1749267181,5.55000000,171.20000000,5.94
1749267181,5.54000000,11.30000000,5.94
1749267181,5.53000000,178.97000000,5.94
1749267181,5.52000000,124.84000000,5.94
1749267181,5.51000000,605.25000000,5.94
1749267181,5.50000000,1544.72000000,5.94
1749267181,5.49000000,694.34000000,5.94
1749267181,5.48000000,8.33000000,5.94
1749267181,5.47000000,6.12000000,5.94
1749267181,5.46000000,15.80000000,5.94
1749267181,5.45000000,150.00000000,5.94
1749267181,5.44000000,73.61000000,5.94
1749267181,5.43000000,3.56000000,5.94
1749267181,5.42000000,97.60000000,5.94
1749267181,5.41000000,744.40000000,5.94
1749267181,5.40000000,210.03000000,5.94
1749267181,5.39000000,5.09000000,5.94
1749267181,5.38000000,43.39000000,5.94
1749267181,5.37000000,19.55000000,5.94
1749267181,5.36000000,13.54000000,5.94
1749267181,5.35000000,31.42000000,5.94
1749267181,5.34000000,4.78000000,5.94
1749267181,5.33000000,97.69000000,5.94
1749267181,5.32000000,120.35000000,5.94
1749267181,5.31000000,691.04000000,5.94
1749267181,5.30000000,1109.87000000,5.94
1749267181,5.29000000,3.25000000,5.94
1749267181,5.28000000,179.69000000,5.94
1749267181,5.27000000,19.90000000,5.94
1749267181,5.26000000,210.48000000,5.94
1749267181,5.25000000,313.75000000,5.94
1749267181,5.24000000,6.85000000,5.94
1749267181,5.23000000,3.19000000,5.94
1749267181,5.22000000,38.34000000,5.94
1749267181,5.21000000,436.61000000,5.94
1749267181,5.20000000,1793.62000000,5.94
1749267181,5.19000000,4030.63000000,5.94
1749267181,5.18000000,513.01000000,5.94
1749267181,5.17000000,1.60000000,5.94
1749267181,5.16000000,10.43000000,5.94
1749267181,5.15000000,726.18000000,5.94
1749267181,5.13000000,42.54000000,5.94
1749267181,5.12000000,40.73000000,5.94
1749267181,5.11000000,9.33000000,5.94
1749267181,5.10000000,434.46000000,5.94
1749267181,5.09000000,341.80000000,5.94
1749267181,5.08000000,26.17000000,5.94
1749267181,5.07000000,7.62000000,5.94
1749267181,5.06000000,4.39000000,5.94
1749267181,5.05000000,134.05000000,5.94
1749267181,5.04000000,2.84000000,5.94
1749267181,5.03000000,218.02000000,5.94
1749267181,5.02000000,274.11000000,5.94
1749267181,5.01000000,639.50000000,5.94
1749267181,5.00000000,4194.01000000,5.94
1749267181,4.99000000,87.64000000,5.94
1749267181,4.98000000,10.04000000,5.94
1749267181,4.97000000,1.87000000,5.94
1749267181,4.96000000,102.47000000,5.94
1749267181,4.95000000,8.38000000,5.94
1749267181,4.94000000,4.93000000,5.94
1749267181,4.93000000,20.38000000,5.94
1749267488,5.93000000,3771.20000000,5.94
1749267488,5.92000000,9674.98000000,5.94
1749267488,5.91000000,7081.19000000,5.94
1749267488,5.90000000,2145.29000000,5.94
1749267488,5.89000000,2331.21000000,5.94
1749267488,5.88000000,1534.91000000,5.94
1749267488,5.87000000,763.60000000,5.94
1749267488,5.86000000,969.25000000,5.94
1749267488,5.85000000,1532.74000000,5.94
1749267488,5.84000000,584.82000000,5.94
1749267488,5.83000000,331.14000000,5.94
1749267488,5.82000000,688.97000000,5.94
1749267488,5.81000000,412.13000000,5.94
1749267488,5.80000000,388.30000000,5.94
1749267488,5.79000000,978.12000000,5.94
1749267488,5.78000000,337.19000000,5.94
1749267488,5.77000000,333.58000000,5.94
1749267488,5.76000000,336.01000000,5.94
1749267488,5.75000000,307.18000000,5.94
1749267488,5.74000000,286.66000000,5.94
1749267488,5.73000000,671.06000000,5.94
1749267488,5.72000000,250.81000000,5.94
1749267488,5.71000000,258.61000000,5.94
1749267488,5.70000000,328.45000000,5.94
1749267488,5.69000000,418.84000000,5.94
1749267488,5.68000000,254.27000000,5.94
1749267488,5.67000000,181.38000000,5.94
1749267488,5.66000000,161.92000000,5.94
1749267488,5.65000000,179.93000000,5.94
1749267488,5.64000000,164.90000000,5.94
1749267488,5.63000000,191.66000000,5.94
1749267488,5.62000000,166.05000000,5.94
1749267488,5.61000000,15.95000000,5.94
1749267488,5.60000000,1684.50000000,5.94
1749267488,5.59000000,17.02000000,5.94
1749267488,5.58000000,173.31000000,5.94
1749267488,5.57000000,3.22000000,5.94
1749267488,5.56000000,14.54000000,5.94
1749267488,5.55000000,171.20000000,5.94
1749267488,5.54000000,11.30000000,5.94
1749267488,5.53000000,178.97000000,5.94
1749267488,5.52000000,124.84000000,5.94
1749267488,5.51000000,605.25000000,5.94
1749267488,5.50000000,1544.72000000,5.94
1749267488,5.49000000,694.34000000,5.94
1749267488,5.48000000,8.33000000,5.94
1749267488,5.47000000,6.12000000,5.94
1749267488,5.46000000,15.80000000,5.94
1749267488,5.45000000,150.00000000,5.94
1749267488,5.44000000,73.61000000,5.94
1749267488,5.43000000,3.56000000,5.94
1749267488,5.42000000,97.60000000,5.94
1749267488,5.41000000,744.40000000,5.94
1749267488,5.40000000,210.03000000,5.94
1749267488,5.39000000,5.09000000,5.94
1749267488,5.38000000,43.39000000,5.94
1749267488,5.37000000,19.55000000,5.94
1749267488,5.36000000,13.54000000,5.94
1749267488,5.35000000,27.34000000,5.94
1749267488,5.34000000,8.90000000,5.94
1749267488,5.33000000,97.69000000,5.94
1749267488,5.32000000,120.35000000,5.94
1749267488,5.31000000,691.04000000,5.94
1749267488,5.30000000,1109.87000000,5.94
1749267488,5.29000000,3.25000000,5.94
1749267488,5.28000000,179.69000000,5.94
1749267488,5.27000000,19.90000000,5.94
1749267488,5.26000000,210.48000000,5.94
1749267488,5.25000000,313.75000000,5.94
1749267488,5.24000000,6.85000000,5.94
1749267488,5.23000000,3.19000000,5.94
1749267488,5.22000000,38.34000000,5.94
1749267488,5.21000000,436.61000000,5.94
1749267488,5.20000000,1793.62000000,5.94
1749267488,5.19000000,4030.63000000,5.94
1749267488,5.18000000,513.01000000,5.94
1749267488,5.17000000,1.60000000,5.94
1749267488,5.16000000,10.43000000,5.94
1749267488,5.15000000,726.18000000,5.94
1749267488,5.13000000,42.54000000,5.94
1749267488,5.12000000,40.73000000,5.94
1749267488,5.11000000,9.33000000,5.94
1749267488,5.10000000,434.46000000,5.94
1749267488,5.09000000,341.80000000,5.94
1749267488,5.08000000,26.17000000,5.94
1749267488,5.07000000,7.62000000,5.94
1749267488,5.06000000,4.39000000,5.94
1749267488,5.05000000,134.05000000,5.94
1749267488,5.04000000,2.84000000,5.94
1749267488,5.03000000,218.02000000,5.94
1749267488,5.02000000,274.11000000,5.94
1749267488,5.01000000,639.50000000,5.94
1749267488,5.00000000,4194.01000000,5.94
1749267488,4.99000000,87.64000000,5.94
1749267488,4.98000000,10.04000000,5.94
1749267488,4.97000000,1.87000000,5.94
1749267488,4.96000000,102.47000000,5.94
1749267488,4.95000000,8.38000000,5.94
1749267488,4.94000000,4.93000000,5.94
1749267488,4.93000000,20.38000000,5.94
1749267789,5.95000000,1118.29000000,5.95
1749267789,5.94000000,8249.05000000,5.95
1749267789,5.93000000,6080.18000000,5.95
1749267789,5.92000000,3748.15000000,5.95
1749267789,5.91000000,3331.05000000,5.95
1749267789,5.90000000,1420.56000000,5.95
1749267789,5.89000000,2187.19000000,5.95
1749267789,5.88000000,1167.12000000,5.95
1749267789,5.87000000,521.74000000,5.95
1749267789,5.86000000,577.24000000,5.95
1749267789,5.85000000,2806.54000000,5.95
1749267789,5.84000000,584.82000000,5.95
1749267789,5.83000000,331.14000000,5.95
1749267789,5.82000000,775.49000000,5.95
1749267789,5.81000000,323.67000000,5.95
1749267789,5.80000000,388.30000000,5.95
1749267789,5.79000000,241.15000000,5.95
1749267789,5.78000000,337.19000000,5.95
1749267789,5.77000000,333.58000000,5.95
1749267789,5.76000000,336.01000000,5.95
1749267789,5.75000000,307.18000000,5.95
1749267789,5.74000000,286.66000000,5.95
1749267789,5.73000000,671.06000000,5.95
1749267789,5.72000000,250.81000000,5.95
1749267789,5.71000000,258.61000000,5.95
1749267789,5.70000000,328.45000000,5.95
1749267789,5.69000000,418.84000000,5.95
1749267789,5.68000000,254.27000000,5.95
1749267789,5.67000000,181.38000000,5.95
1749267789,5.66000000,161.92000000,5.95
1749267789,5.65000000,179.93000000,5.95
1749267789,5.64000000,164.90000000,5.95
1749267789,5.63000000,191.66000000,5.95
1749267789,5.62000000,166.05000000,5.95
1749267789,5.61000000,15.95000000,5.95
1749267789,5.60000000,353.84000000,5.95
1749267789,5.59000000,17.02000000,5.95
1749267789,5.58000000,173.31000000,5.95
1749267789,5.57000000,3.22000000,5.95
1749267789,5.56000000,14.54000000,5.95
1749267789,5.55000000,171.20000000,5.95
1749267789,5.54000000,11.30000000,5.95
1749267789,5.53000000,21.47000000,5.95
1749267789,5.52000000,124.84000000,5.95
1749267789,5.51000000,605.25000000,5.95
1749267789,5.50000000,1544.72000000,5.95
1749267789,5.49000000,694.34000000,5.95
1749267789,5.48000000,8.33000000,5.95
1749267789,5.47000000,6.12000000,5.95
1749267789,5.46000000,15.80000000,5.95
1749267789,5.45000000,150.00000000,5.95
1749267789,5.44000000,73.61000000,5.95
1749267789,5.43000000,3.56000000,5.95
1749267789,5.42000000,97.60000000,5.95
1749267789,5.41000000,744.40000000,5.95
1749267789,5.40000000,210.03000000,5.95
1749267789,5.39000000,5.09000000,5.95
1749267789,5.38000000,43.39000000,5.95
1749267789,5.37000000,17.87000000,5.95
1749267789,5.36000000,11.85000000,5.95
1749267789,5.35000000,27.34000000,5.95
1749267789,5.34000000,8.90000000,5.95
1749267789,5.33000000,97.69000000,5.95
1749267789,5.32000000,120.35000000,5.95
1749267789,5.31000000,691.04000000,5.95
1749267789,5.30000000,1109.87000000,5.95
1749267789,5.29000000,3.25000000,5.95
1749267789,5.28000000,179.69000000,5.95
1749267789,5.27000000,19.90000000,5.95
1749267789,5.26000000,210.48000000,5.95
1749267789,5.25000000,313.75000000,5.95
1749267789,5.24000000,6.85000000,5.95
1749267789,5.23000000,3.19000000,5.95
1749267789,5.22000000,38.34000000,5.95
1749267789,5.21000000,436.61000000,5.95
1749267789,5.20000000,1793.62000000,5.95
1749267789,5.19000000,4030.63000000,5.95
1749267789,5.18000000,513.01000000,5.95
1749267789,5.17000000,1.60000000,5.95
1749267789,5.16000000,10.43000000,5.95
1749267789,5.15000000,726.18000000,5.95
1749267789,5.13000000,42.54000000,5.95
1749267789,5.12000000,40.73000000,5.95
1749267789,5.11000000,9.33000000,5.95
1749267789,5.10000000,434.46000000,5.95
1749267789,5.09000000,341.80000000,5.95
1749267789,5.08000000,26.17000000,5.95
1749267789,5.07000000,7.62000000,5.95
1749267789,5.06000000,4.39000000,5.95
1749267789,5.05000000,134.05000000,5.95
1749267789,5.04000000,2.84000000,5.95
1749267789,5.03000000,218.02000000,5.95
1749267789,5.02000000,274.11000000,5.95
1749267789,5.01000000,639.50000000,5.95
1749267789,5.00000000,4194.01000000,5.95
1749267789,4.99000000,87.64000000,5.95
1749267789,4.98000000,10.04000000,5.95
1749267789,4.97000000,1.87000000,5.95
1749267789,4.96000000,102.47000000,5.95
1749267789,4.95000000,8.38000000,5.95
1749268091,5.95000000,4090.31000000,5.95
1749268091,5.94000000,7681.28000000,5.95
1749268091,5.93000000,4884.68000000,5.95
1749268091,5.92000000,3457.47000000,5.95
1749268091,5.91000000,3325.37000000,5.95
1749268091,5.90000000,1174.31000000,5.95
1749268091,5.89000000,2198.43000000,5.95
1749268091,5.88000000,1167.11000000,5.95
1749268091,5.87000000,521.74000000,5.95
1749268091,5.86000000,1664.31000000,5.95
1749268091,5.85000000,1965.17000000,5.95
1749268091,5.84000000,425.66000000,5.95
1749268091,5.83000000,331.14000000,5.95
1749268091,5.82000000,684.97000000,5.95
1749268091,5.81000000,323.67000000,5.95
1749268091,5.80000000,388.30000000,5.95
1749268091,5.79000000,241.15000000,5.95
1749268091,5.78000000,337.19000000,5.95
1749268091,5.77000000,685.24000000,5.95
1749268091,5.76000000,336.01000000,5.95
1749268091,5.75000000,307.18000000,5.95
1749268091,5.74000000,286.66000000,5.95
1749268091,5.73000000,487.68000000,5.95
1749268091,5.72000000,250.81000000,5.95
1749268091,5.71000000,258.61000000,5.95
1749268091,5.70000000,328.45000000,5.95
1749268091,5.69000000,250.05000000,5.95
1749268091,5.68000000,254.27000000,5.95
1749268091,5.67000000,181.38000000,5.95
1749268091,5.66000000,161.92000000,5.95
1749268091,5.65000000,179.93000000,5.95
1749268091,5.64000000,164.90000000,5.95
1749268091,5.63000000,191.66000000,5.95
1749268091,5.62000000,166.05000000,5.95
1749268091,5.61000000,15.95000000,5.95
1749268091,5.60000000,353.84000000,5.95
1749268091,5.59000000,17.02000000,5.95
1749268091,5.58000000,173.31000000,5.95
1749268091,5.57000000,3.22000000,5.95
1749268091,5.56000000,14.54000000,5.95
1749268091,5.55000000,171.20000000,5.95
1749268091,5.54000000,11.30000000,5.95
1749268091,5.53000000,21.47000000,5.95
1749268091,5.52000000,124.84000000,5.95
1749268091,5.51000000,605.25000000,5.95
1749268091,5.50000000,1544.72000000,5.95
1749268091,5.49000000,694.34000000,5.95
1749268091,5.48000000,8.33000000,5.95
1749268091,5.47000000,6.12000000,5.95
1749268091,5.46000000,15.80000000,5.95
1749268091,5.45000000,150.00000000,5.95
1749268091,5.44000000,73.61000000,5.95
1749268091,5.43000000,3.56000000,5.95
1749268091,5.42000000,97.60000000,5.95
1749268091,5.41000000,744.40000000,5.95
1749268091,5.40000000,210.03000000,5.95
1749268091,5.39000000,5.09000000,5.95
1749268091,5.38000000,43.39000000,5.95
1749268091,5.37000000,17.87000000,5.95
1749268091,5.36000000,11.85000000,5.95
1749268091,5.35000000,31.42000000,5.95
1749268091,5.34000000,4.78000000,5.95
1749268091,5.33000000,97.69000000,5.95
1749268091,5.32000000,120.35000000,5.95
1749268091,5.31000000,691.04000000,5.95
1749268091,5.30000000,1109.87000000,5.95
1749268091,5.29000000,3.25000000,5.95
