timestamp,price,volume,current_price
1749258395,5.91000000,4562.19000000,5.91
1749258395,5.90000000,7055.78000000,5.91
1749258395,5.89000000,6936.15000000,5.91
1749258395,5.88000000,4071.82000000,5.91
1749258395,5.87000000,1126.19000000,5.91
1749258395,5.86000000,1840.90000000,5.91
1749258395,5.85000000,2312.95000000,5.91
1749258395,5.84000000,1151.74000000,5.91
1749258395,5.83000000,531.28000000,5.91
1749258395,5.82000000,1646.15000000,5.91
1749258395,5.81000000,545.20000000,5.91
1749258395,5.80000000,381.15000000,5.91
1749258395,5.79000000,316.28000000,5.91
1749258395,5.78000000,341.15000000,5.91
1749258395,5.77000000,333.58000000,5.91
1749258395,5.76000000,1097.10000000,5.91
1749258395,5.75000000,734.06000000,5.91
1749258395,5.74000000,338.75000000,5.91
1749258395,5.73000000,403.79000000,5.91
1749258395,5.72000000,336.20000000,5.91
1749258395,5.71000000,291.91000000,5.91
1749258395,5.70000000,662.27000000,5.91
1749258395,5.69000000,250.05000000,5.91
1749258395,5.68000000,254.27000000,5.91
1749258395,5.67000000,181.38000000,5.91
1749258395,5.66000000,334.92000000,5.91
1749258395,5.65000000,179.93000000,5.91
1749258395,5.64000000,164.90000000,5.91
1749258395,5.63000000,191.66000000,5.91
1749258395,5.62000000,167.90000000,5.91
1749258395,5.61000000,15.95000000,5.91
1749258395,5.60000000,1684.50000000,5.91
1749258395,5.59000000,174.52000000,5.91
1749258395,5.58000000,171.52000000,5.91
1749258395,5.57000000,3.22000000,5.91
1749258395,5.56000000,12.74000000,5.91
1749258395,5.55000000,13.70000000,5.91
1749258395,5.54000000,168.80000000,5.91
1749258395,5.53000000,859.67000000,5.91
1749258395,5.52000000,284.16000000,5.91
1749258395,5.51000000,762.75000000,5.91
1749258395,5.50000000,1702.22000000,5.91
1749258395,5.49000000,8.68000000,5.91
1749258395,5.48000000,8.33000000,5.91
1749258395,5.47000000,6.12000000,5.91
1749258395,5.46000000,15.80000000,5.91
1749258395,5.45000000,150.00000000,5.91
1749258395,5.44000000,73.61000000,5.91
1749258395,5.43000000,3.56000000,5.91
1749258395,5.42000000,97.60000000,5.91
1749258395,5.41000000,744.40000000,5.91
1749258395,5.40000000,210.03000000,5.91
1749258395,5.39000000,5.09000000,5.91
1749258395,5.38000000,43.43000000,5.91
1749258395,5.37000000,19.59000000,5.91
1749258395,5.36000000,13.57000000,5.91
1749258395,5.35000000,29.06000000,5.91
1749258395,5.34000000,6.47000000,5.91
1749258395,5.33000000,101.81000000,5.91
1749258395,5.32000000,120.35000000,5.91
1749258395,5.31000000,691.04000000,5.91
1749258395,5.30000000,1109.87000000,5.91
1749258395,5.29000000,3.25000000,5.91
1749258395,5.28000000,179.69000000,5.91
1749258395,5.27000000,19.90000000,5.91
1749258395,5.26000000,210.48000000,5.91
1749258395,5.25000000,313.75000000,5.91
1749258395,5.24000000,6.85000000,5.91
1749258395,5.23000000,3.19000000,5.91
1749258395,5.22000000,38.34000000,5.91
1749258395,5.21000000,436.61000000,5.91
1749258395,5.20000000,1793.62000000,5.91
1749258395,5.19000000,4030.63000000,5.91
1749258395,5.18000000,513.01000000,5.91
1749258395,5.17000000,1.60000000,5.91
1749258395,5.16000000,10.43000000,5.91
1749258395,5.15000000,726.18000000,5.91
1749258395,5.13000000,42.54000000,5.91
1749258395,5.12000000,40.73000000,5.91
1749258395,5.11000000,9.33000000,5.91
1749258395,5.10000000,434.46000000,5.91
1749258395,5.09000000,341.80000000,5.91
1749258395,5.08000000,26.17000000,5.91
1749258395,5.07000000,7.62000000,5.91
1749258395,5.06000000,4.39000000,5.91
1749258395,5.05000000,134.05000000,5.91
1749258395,5.04000000,2.84000000,5.91
1749258395,5.03000000,218.02000000,5.91
1749258395,5.02000000,274.11000000,5.91
1749258395,5.01000000,639.50000000,5.91
1749258395,5.00000000,4194.01000000,5.91
1749258395,4.99000000,87.64000000,5.91
1749258395,4.98000000,10.04000000,5.91
1749258395,4.97000000,1.87000000,5.91
1749258395,4.96000000,102.47000000,5.91
1749258395,4.95000000,8.38000000,5.91
1749258395,4.94000000,4.93000000,5.91
1749258395,4.93000000,20.38000000,5.91
1749258395,4.92000000,27.56000000,5.91
1749258395,4.91000000,35.16000000,5.91
1749258716,5.90000000,873.39000000,5.9
1749258716,5.89000000,10120.59000000,5.9
1749258716,5.88000000,7049.18000000,5.9
1749258716,5.87000000,4017.68000000,5.9
1749258716,5.86000000,1841.94000000,5.9
1749258716,5.85000000,2696.62000000,5.9
1749258716,5.84000000,1114.47000000,5.9
1749258716,5.83000000,531.26000000,5.9
1749258716,5.82000000,1678.98000000,5.9
1749258716,5.81000000,549.43000000,5.9
1749258716,5.80000000,385.38000000,5.9
1749258716,5.79000000,227.82000000,5.9
1749258716,5.78000000,676.43000000,5.9
1749258716,5.77000000,418.56000000,5.9
1749258716,5.76000000,354.51000000,5.9
1749258716,5.75000000,1133.76000000,5.9
1749258716,5.74000000,338.75000000,5.9
1749258716,5.73000000,750.59000000,5.9
1749258716,5.72000000,337.25000000,5.9
1749258716,5.71000000,291.91000000,5.9
1749258716,5.70000000,327.05000000,5.9
1749258716,5.69000000,423.53000000,5.9
1749258716,5.68000000,254.27000000,5.9
1749258716,5.67000000,181.38000000,5.9
1749258716,5.66000000,161.92000000,5.9
1749258716,5.65000000,179.93000000,5.9
1749258716,5.64000000,164.90000000,5.9
1749258716,5.63000000,191.66000000,5.9
1749258716,5.62000000,167.90000000,5.9
1749258716,5.61000000,15.95000000,5.9
1749258716,5.60000000,1684.50000000,5.9
1749258716,5.59000000,174.52000000,5.9
1749258716,5.58000000,171.52000000,5.9
1749258716,5.57000000,3.22000000,5.9
1749258716,5.56000000,12.74000000,5.9
1749258716,5.55000000,15.32000000,5.9
1749258716,5.54000000,168.80000000,5.9
1749258716,5.53000000,859.67000000,5.9
1749258716,5.52000000,284.16000000,5.9
1749258716,5.51000000,762.75000000,5.9
1749258716,5.50000000,1702.22000000,5.9
1749258716,5.49000000,8.68000000,5.9
1749258716,5.48000000,8.33000000,5.9
1749258716,5.47000000,6.12000000,5.9
1749258716,5.46000000,15.80000000,5.9
1749258716,5.45000000,150.00000000,5.9
1749258716,5.44000000,73.61000000,5.9
1749258716,5.43000000,3.56000000,5.9
1749258716,5.42000000,97.60000000,5.9
1749258716,5.41000000,744.40000000,5.9
1749258716,5.40000000,210.03000000,5.9
1749258716,5.39000000,5.09000000,5.9
1749258716,5.38000000,43.43000000,5.9
1749258716,5.37000000,21.82000000,5.9
1749258716,5.36000000,13.57000000,5.9
1749258716,5.35000000,29.06000000,5.9
1749258716,5.34000000,6.48000000,5.9
1749258716,5.33000000,103.51000000,5.9
1749258716,5.32000000,120.35000000,5.9
1749258716,5.31000000,691.04000000,5.9
1749258716,5.30000000,1109.87000000,5.9
1749258716,5.29000000,3.25000000,5.9
1749258716,5.28000000,179.69000000,5.9
1749258716,5.27000000,19.90000000,5.9
1749258716,5.26000000,210.48000000,5.9
1749258716,5.25000000,313.75000000,5.9
1749258716,5.24000000,6.85000000,5.9
1749258716,5.23000000,3.19000000,5.9
1749258716,5.22000000,38.34000000,5.9
1749258716,5.21000000,436.61000000,5.9
1749258716,5.20000000,1793.62000000,5.9
1749258716,5.19000000,4030.63000000,5.9
1749258716,5.18000000,513.01000000,5.9
1749258716,5.17000000,1.60000000,5.9
1749258716,5.16000000,10.43000000,5.9
1749258716,5.15000000,726.18000000,5.9
1749258716,5.13000000,42.54000000,5.9
1749258716,5.12000000,40.73000000,5.9
1749258716,5.11000000,9.33000000,5.9
1749258716,5.10000000,434.46000000,5.9
1749258716,5.09000000,341.80000000,5.9
1749258716,5.08000000,26.17000000,5.9
1749258716,5.07000000,7.62000000,5.9
1749258716,5.06000000,4.39000000,5.9
1749258716,5.05000000,134.05000000,5.9
1749258716,5.04000000,2.84000000,5.9
1749258716,5.03000000,218.02000000,5.9
1749258716,5.02000000,274.11000000,5.9
1749258716,5.01000000,639.50000000,5.9
1749258716,5.00000000,4194.01000000,5.9
1749258716,4.99000000,87.64000000,5.9
1749258716,4.98000000,10.04000000,5.9
1749258716,4.97000000,1.87000000,5.9
1749258716,4.96000000,102.47000000,5.9
1749258716,4.95000000,8.38000000,5.9
1749258716,4.94000000,4.93000000,5.9
1749258716,4.93000000,20.38000000,5.9
1749258716,4.92000000,27.56000000,5.9
1749258716,4.91000000,35.16000000,5.9
1749258716,4.90000000,1612.31000000,5.9
1749259018,5.91000000,4600.21000000,5.92
1749259018,5.90000000,6918.32000000,5.92
1749259018,5.89000000,5098.46000000,5.92
1749259018,5.88000000,4278.23000000,5.92
1749259018,5.87000000,2606.82000000,5.92
1749259018,5.86000000,1775.09000000,5.92
1749259018,5.85000000,2316.78000000,5.92
1749259018,5.84000000,1092.45000000,5.92
1749259018,5.83000000,531.26000000,5.92
1749259018,5.82000000,1653.44000000,5.92
1749259018,5.81000000,549.42000000,5.92
1749259018,5.80000000,386.12000000,5.92
1749259018,5.79000000,227.82000000,5.92
1749259018,5.78000000,757.08000000,5.92
1749259018,5.77000000,1076.18000000,5.92
1749259018,5.76000000,354.51000000,5.92
1749259018,5.75000000,392.57000000,5.92
1749259018,5.74000000,338.75000000,5.92
1749259018,5.73000000,750.59000000,5.92
1749259018,5.72000000,253.15000000,5.92
1749259018,5.71000000,291.91000000,5.92
1749259018,5.70000000,327.05000000,5.92
1749259018,5.69000000,423.53000000,5.92
1749259018,5.68000000,254.27000000,5.92
1749259018,5.67000000,181.38000000,5.92
1749259018,5.66000000,161.92000000,5.92
1749259018,5.65000000,179.93000000,5.92
1749259018,5.64000000,164.90000000,5.92
1749259018,5.63000000,191.66000000,5.92
1749259018,5.62000000,167.90000000,5.92
1749259018,5.61000000,15.95000000,5.92
1749259018,5.60000000,1684.50000000,5.92
1749259018,5.59000000,174.52000000,5.92
1749259018,5.58000000,171.52000000,5.92
1749259018,5.57000000,3.22000000,5.92
1749259018,5.56000000,12.74000000,5.92
1749259018,5.55000000,15.32000000,5.92
1749259018,5.54000000,168.80000000,5.92
1749259018,5.53000000,859.67000000,5.92
1749259018,5.52000000,284.16000000,5.92
1749259018,5.51000000,762.75000000,5.92
1749259018,5.50000000,1544.72000000,5.92
1749259018,5.49000000,8.68000000,5.92
1749259018,5.48000000,8.33000000,5.92
1749259018,5.47000000,6.12000000,5.92
1749259018,5.46000000,15.80000000,5.92
1749259018,5.45000000,150.00000000,5.92
1749259018,5.44000000,73.61000000,5.92
1749259018,5.43000000,3.56000000,5.92
1749259018,5.42000000,97.60000000,5.92
1749259018,5.41000000,744.40000000,5.92
1749259018,5.40000000,210.03000000,5.92
1749259018,5.39000000,5.09000000,5.92
1749259018,5.38000000,43.43000000,5.92
1749259018,5.37000000,21.82000000,5.92
1749259018,5.36000000,13.57000000,5.92
1749259018,5.35000000,29.06000000,5.92
1749259018,5.34000000,6.47000000,5.92
1749259018,5.33000000,97.69000000,5.92
1749259018,5.32000000,120.35000000,5.92
1749259018,5.31000000,695.16000000,5.92
1749259018,5.30000000,1109.87000000,5.92
1749259018,5.29000000,3.25000000,5.92
1749259018,5.28000000,179.69000000,5.92
1749259018,5.27000000,19.90000000,5.92
1749259018,5.26000000,210.48000000,5.92
1749259018,5.25000000,313.75000000,5.92
1749259018,5.24000000,6.85000000,5.92
1749259018,5.23000000,3.19000000,5.92
1749259018,5.22000000,38.34000000,5.92
1749259018,5.21000000,436.61000000,5.92
1749259018,5.20000000,1793.62000000,5.92
1749259018,5.19000000,4030.63000000,5.92
1749259018,5.18000000,513.01000000,5.92
1749259018,5.17000000,1.60000000,5.92
1749259018,5.16000000,10.43000000,5.92
1749259018,5.15000000,726.18000000,5.92
1749259018,5.13000000,42.54000000,5.92
1749259018,5.12000000,40.73000000,5.92
1749259018,5.11000000,9.33000000,5.92
1749259018,5.10000000,434.46000000,5.92
1749259018,5.09000000,341.80000000,5.92
1749259018,5.08000000,26.17000000,5.92
1749259018,5.07000000,7.62000000,5.92
1749259018,5.06000000,4.39000000,5.92
1749259018,5.05000000,134.05000000,5.92
1749259018,5.04000000,2.84000000,5.92
1749259018,5.03000000,218.02000000,5.92
1749259018,5.02000000,274.11000000,5.92
1749259018,5.01000000,639.50000000,5.92
1749259018,5.00000000,4194.01000000,5.92
1749259018,4.99000000,87.64000000,5.92
1749259018,4.98000000,10.04000000,5.92
1749259018,4.97000000,1.87000000,5.92
1749259018,4.96000000,102.47000000,5.92
1749259018,4.95000000,8.38000000,5.92
1749259018,4.94000000,4.93000000,5.92
1749259018,4.93000000,20.38000000,5.92
1749259018,4.92000000,27.56000000,5.92
1749259018,4.91000000,35.16000000,5.92
