timestamp,price,volume,current_price
1749260730,1.21000000,457.16000000,1.211
1749260730,1.20900000,549.19000000,1.211
1749260730,1.20800000,3728.01000000,1.211
1749260730,1.20700000,3548.99000000,1.211
1749260730,1.20600000,287.72000000,1.211
1749260730,1.20500000,5436.96000000,1.211
1749260730,1.20400000,149.35000000,1.211
1749260730,1.20300000,9179.13000000,1.211
1749260730,1.20200000,264.41000000,1.211
1749260730,1.20100000,1054.38000000,1.211
1749260730,1.20000000,18562.10000000,1.211
1749260730,1.19900000,1017.92000000,1.211
1749260730,1.19800000,90.25000000,1.211
1749260730,1.19700000,3889.76000000,1.211
1749260730,1.19600000,9780.01000000,1.211
1749260730,1.19500000,2184.33000000,1.211
1749260730,1.19400000,5.87000000,1.211
1749260730,1.19300000,406.50000000,1.211
1749260730,1.19200000,7.77000000,1.211
1749260730,1.19100000,20.61000000,1.211
1749260730,1.19000000,1253.51000000,1.211
1749260730,1.18900000,27.76000000,1.211
1749260730,1.18800000,180.96000000,1.211
1749260730,1.18700000,107.35000000,1.211
1749260730,1.18600000,9.71000000,1.211
1749260730,1.18500000,16477.71000000,1.211
1749260730,1.18400000,56.22000000,1.211
1749260730,1.18300000,112.84000000,1.211
1749260730,1.18200000,18.17000000,1.211
1749260730,1.18100000,721.82000000,1.211
1749260730,1.18000000,916.68000000,1.211
1749260730,1.17900000,23.00000000,1.211
1749260730,1.17800000,11.35000000,1.211
1749260730,1.17700000,200.00000000,1.211
1749260730,1.17600000,272.72000000,1.211
1749260730,1.17500000,171.38000000,1.211
1749260730,1.17400000,53.38000000,1.211
1749260730,1.17300000,16.40000000,1.211
1749260730,1.17200000,95.17000000,1.211
1749260730,1.17100000,51.53000000,1.211
1749260730,1.17000000,6.32000000,1.211
1749260730,1.16800000,9.85000000,1.211
1749260730,1.16700000,348.13000000,1.211
1749260730,1.16600000,112.15000000,1.211
1749260730,1.16500000,1191.48000000,1.211
1749260730,1.16400000,28.39000000,1.211
1749260730,1.16300000,49.26000000,1.211
1749260730,1.16200000,36.90000000,1.211
1749260730,1.16100000,16408.65000000,1.211
1749260730,1.16000000,31.21000000,1.211
1749260730,1.15800000,18.54000000,1.211
1749260730,1.15700000,279.93000000,1.211
1749260730,1.15600000,104.37000000,1.211
1749260730,1.15500000,24.17000000,1.211
1749260730,1.15400000,64.43000000,1.211
1749260730,1.15300000,18.54000000,1.211
1749260730,1.15200000,54.70000000,1.211
1749260730,1.15100000,19.04000000,1.211
1749260730,1.15000000,36.47000000,1.211
1749260730,1.14900000,9836.20000000,1.211
1749260730,1.14800000,75.91000000,1.211
1749260730,1.14700000,112.28000000,1.211
1749260730,1.14600000,35.85000000,1.211
1749260730,1.14500000,18.68000000,1.211
1749260730,1.14400000,9.85000000,1.211
1749260730,1.14300000,18.54000000,1.211
1749260730,1.14200000,1317.70000000,1.211
1749260730,1.14100000,10.74000000,1.211
1749260730,1.14000000,59.10000000,1.211
1749260730,1.13900000,68.64000000,1.211
1749260730,1.13800000,7.91000000,1.211
1749260730,1.13700000,22.72000000,1.211
1749260730,1.13600000,16411.30000000,1.211
1749260730,1.13400000,26.71000000,1.211
1749260730,1.13300000,43.60000000,1.211
1749260730,1.13200000,12.00000000,1.211
1749260730,1.13000000,60.96000000,1.211
1749260730,1.12900000,69.94000000,1.211
1749260730,1.12700000,4.77000000,1.211
1749260730,1.12600000,19.07000000,1.211
1749260730,1.12500000,29.74000000,1.211
1749260730,1.12400000,24564.35000000,1.211
1749260730,1.12300000,18.54000000,1.211
1749260730,1.12100000,492.57000000,1.211
1749260730,1.12000000,27.17000000,1.211
1749260730,1.11900000,7.77000000,1.211
1749260730,1.11800000,761.74000000,1.211
1749260730,1.11700000,44.85000000,1.211
1749260730,1.11500000,4.89000000,1.211
1749260730,1.11300000,18.54000000,1.211
1749260730,1.11200000,33082.79000000,1.211
1749260730,1.11100000,19.33000000,1.211
1749260730,1.11000000,1004.59000000,1.211
1749260730,1.10900000,15.41000000,1.211
1749260730,1.10800000,11.06000000,1.211
1749260730,1.10700000,16188.25000000,1.211
1749260730,1.10600000,55.31000000,1.211
1749260730,1.10400000,36.06000000,1.211
1749260730,1.10300000,59.42000000,1.211
1749260730,1.10200000,10.89000000,1.211
1749261050,1.21000000,432.64000000,1.212
1749261050,1.20900000,630.57000000,1.212
1749261050,1.20800000,5031.24000000,1.212
1749261050,1.20700000,3549.32000000,1.212
1749261050,1.20600000,287.72000000,1.212
1749261050,1.20500000,5405.31000000,1.212
1749261050,1.20400000,149.35000000,1.212
1749261050,1.20300000,9173.46000000,1.212
1749261050,1.20200000,264.41000000,1.212
1749261050,1.20100000,1054.38000000,1.212
1749261050,1.20000000,18562.10000000,1.212
1749261050,1.19900000,1017.92000000,1.212
1749261050,1.19800000,90.25000000,1.212
1749261050,1.19700000,3889.79000000,1.212
1749261050,1.19600000,9780.01000000,1.212
1749261050,1.19500000,2184.33000000,1.212
1749261050,1.19400000,5.87000000,1.212
1749261050,1.19300000,406.50000000,1.212
1749261050,1.19200000,7.77000000,1.212
1749261050,1.19100000,20.61000000,1.212
1749261050,1.19000000,1253.51000000,1.212
1749261050,1.18900000,27.76000000,1.212
1749261050,1.18800000,180.96000000,1.212
1749261050,1.18700000,107.35000000,1.212
1749261050,1.18600000,9.71000000,1.212
1749261050,1.18500000,16389.07000000,1.212
1749261050,1.18400000,56.22000000,1.212
1749261050,1.18300000,112.84000000,1.212
1749261050,1.18200000,18.17000000,1.212
1749261050,1.18100000,721.82000000,1.212
1749261050,1.18000000,916.68000000,1.212
1749261050,1.17900000,23.00000000,1.212
1749261050,1.17800000,11.35000000,1.212
1749261050,1.17700000,200.00000000,1.212
1749261050,1.17600000,272.72000000,1.212
1749261050,1.17500000,171.38000000,1.212
1749261050,1.17400000,53.38000000,1.212
1749261050,1.17300000,16.40000000,1.212
1749261050,1.17200000,95.17000000,1.212
1749261050,1.17100000,51.53000000,1.212
1749261050,1.17000000,6.32000000,1.212
1749261050,1.16800000,9.85000000,1.212
1749261050,1.16700000,348.13000000,1.212
1749261050,1.16600000,112.15000000,1.212
1749261050,1.16500000,1191.48000000,1.212
1749261050,1.16400000,28.39000000,1.212
1749261050,1.16300000,49.26000000,1.212
1749261050,1.16200000,36.90000000,1.212
1749261050,1.16100000,16570.56000000,1.212
1749261050,1.16000000,31.21000000,1.212
1749261050,1.15800000,18.54000000,1.212
1749261050,1.15700000,279.93000000,1.212
1749261050,1.15600000,104.37000000,1.212
1749261050,1.15500000,24.17000000,1.212
1749261050,1.15400000,64.43000000,1.212
1749261050,1.15300000,18.54000000,1.212
1749261050,1.15200000,54.70000000,1.212
1749261050,1.15100000,19.04000000,1.212
1749261050,1.15000000,36.47000000,1.212
1749261050,1.14900000,9836.20000000,1.212
1749261050,1.14800000,75.91000000,1.212
1749261050,1.14700000,112.28000000,1.212
1749261050,1.14600000,35.85000000,1.212
1749261050,1.14500000,18.68000000,1.212
1749261050,1.14400000,9.85000000,1.212
1749261050,1.14300000,18.54000000,1.212
1749261050,1.14200000,1317.70000000,1.212
1749261050,1.14100000,10.74000000,1.212
1749261050,1.14000000,59.10000000,1.212
1749261050,1.13900000,68.64000000,1.212
1749261050,1.13800000,7.91000000,1.212
1749261050,1.13700000,22.72000000,1.212
1749261050,1.13600000,16411.30000000,1.212
1749261050,1.13400000,26.71000000,1.212
1749261050,1.13300000,43.60000000,1.212
1749261050,1.13200000,12.00000000,1.212
1749261050,1.13000000,60.96000000,1.212
1749261050,1.12900000,69.94000000,1.212
1749261050,1.12700000,4.77000000,1.212
1749261050,1.12600000,19.07000000,1.212
1749261050,1.12500000,29.74000000,1.212
1749261050,1.12400000,24564.35000000,1.212
1749261050,1.12300000,18.54000000,1.212
1749261050,1.12100000,492.57000000,1.212
1749261050,1.12000000,27.17000000,1.212
1749261050,1.11900000,7.77000000,1.212
1749261050,1.11800000,761.74000000,1.212
1749261050,1.11700000,44.85000000,1.212
1749261050,1.11500000,4.89000000,1.212
1749261050,1.11300000,18.54000000,1.212
1749261050,1.11200000,33082.79000000,1.212
1749261050,1.11100000,19.33000000,1.212
1749261050,1.11000000,1004.59000000,1.212
1749261050,1.10900000,15.41000000,1.212
1749261050,1.10800000,11.06000000,1.212
1749261050,1.10700000,16188.25000000,1.212
1749261050,1.10600000,55.31000000,1.212
1749261050,1.10400000,36.06000000,1.212
1749261050,1.10300000,59.42000000,1.212
1749261050,1.10200000,10.89000000,1.212
1749261354,1.21000000,599.71000000,1.21
1749261354,1.20900000,2919.80000000,1.21
1749261354,1.20800000,3601.96000000,1.21
1749261354,1.20700000,143.34000000,1.21
1749261354,1.20600000,5215.19000000,1.21
1749261354,1.20500000,442.65000000,1.21
1749261354,1.20400000,9248.33000000,1.21
1749261354,1.20300000,980.17000000,1.21
1749261354,1.20200000,264.41000000,1.21
1749261354,1.20100000,1054.38000000,1.21
1749261354,1.20000000,18562.10000000,1.21
1749261354,1.19900000,164.61000000,1.21
1749261354,1.19800000,90.25000000,1.21
1749261354,1.19700000,3889.79000000,1.21
1749261354,1.19600000,9780.01000000,1.21
1749261354,1.19500000,2184.33000000,1.21
1749261354,1.19400000,5.87000000,1.21
1749261354,1.19300000,406.50000000,1.21
1749261354,1.19200000,7.77000000,1.21
1749261354,1.19100000,20.61000000,1.21
1749261354,1.19000000,1253.51000000,1.21
1749261354,1.18900000,27.76000000,1.21
1749261354,1.18800000,180.96000000,1.21
1749261354,1.18700000,107.35000000,1.21
1749261354,1.18600000,16384.85000000,1.21
1749261354,1.18500000,18.54000000,1.21
1749261354,1.18400000,56.22000000,1.21
1749261354,1.18300000,112.84000000,1.21
1749261354,1.18200000,18.17000000,1.21
1749261354,1.18100000,721.82000000,1.21
1749261354,1.18000000,76.68000000,1.21
1749261354,1.17900000,23.00000000,1.21
1749261354,1.17800000,11.35000000,1.21
1749261354,1.17700000,200.00000000,1.21
1749261354,1.17600000,272.72000000,1.21
1749261354,1.17500000,171.38000000,1.21
1749261354,1.17400000,53.38000000,1.21
1749261354,1.17300000,16.40000000,1.21
1749261354,1.17200000,95.17000000,1.21
1749261354,1.17100000,51.53000000,1.21
1749261354,1.17000000,6.32000000,1.21
1749261354,1.16800000,9.85000000,1.21
1749261354,1.16700000,348.13000000,1.21
1749261354,1.16600000,112.15000000,1.21
1749261354,1.16500000,1191.48000000,1.21
1749261354,1.16400000,28.39000000,1.21
1749261354,1.16300000,49.26000000,1.21
1749261354,1.16200000,16486.89000000,1.21
1749261354,1.16000000,31.21000000,1.21
1749261354,1.15800000,18.54000000,1.21
1749261354,1.15700000,279.93000000,1.21
1749261354,1.15600000,104.37000000,1.21
1749261354,1.15500000,24.17000000,1.21
1749261354,1.15400000,64.43000000,1.21
1749261354,1.15300000,18.54000000,1.21
1749261354,1.15200000,54.70000000,1.21
1749261354,1.15100000,19.04000000,1.21
1749261354,1.15000000,36.47000000,1.21
1749261354,1.14900000,9836.20000000,1.21
1749261354,1.14800000,75.91000000,1.21
1749261354,1.14700000,112.28000000,1.21
1749261354,1.14600000,35.85000000,1.21
1749261354,1.14500000,18.68000000,1.21
1749261354,1.14400000,9.85000000,1.21
1749261354,1.14300000,18.54000000,1.21
1749261354,1.14200000,1317.70000000,1.21
1749261354,1.14100000,10.74000000,1.21
1749261354,1.14000000,59.10000000,1.21
1749261354,1.13900000,68.64000000,1.21
1749261354,1.13800000,7.91000000,1.21
1749261354,1.13700000,22.72000000,1.21
1749261354,1.13600000,16411.30000000,1.21
1749261354,1.13400000,26.71000000,1.21
1749261354,1.13300000,43.60000000,1.21
1749261354,1.13200000,12.00000000,1.21
1749261354,1.13000000,60.96000000,1.21
1749261354,1.12900000,69.94000000,1.21
1749261354,1.12700000,4.77000000,1.21
1749261354,1.12600000,19.07000000,1.21
1749261354,1.12500000,29.74000000,1.21
1749261354,1.12400000,24564.35000000,1.21
1749261354,1.12300000,18.54000000,1.21
1749261354,1.12100000,492.57000000,1.21
1749261354,1.12000000,27.17000000,1.21
1749261354,1.11900000,7.77000000,1.21
1749261354,1.11800000,761.74000000,1.21
1749261354,1.11700000,44.85000000,1.21
1749261354,1.11500000,4.89000000,1.21
1749261354,1.11300000,18.54000000,1.21
1749261354,1.11200000,33082.79000000,1.21
1749261354,1.11100000,19.33000000,1.21
1749261354,1.11000000,1004.59000000,1.21
1749261354,1.10900000,15.41000000,1.21
1749261354,1.10800000,11.06000000,1.21
1749261354,1.10700000,16188.25000000,1.21
1749261354,1.10600000,55.31000000,1.21
1749261354,1.10400000,36.06000000,1.21
1749261354,1.10300000,59.42000000,1.21
1749261354,1.10200000,10.89000000,1.21
1749261354,1.10000000,201.41000000,1.21
1749261656,1.20900000,329.97000000,1.211
1749261656,1.20800000,602.82000000,1.211
1749261656,1.20700000,2973.16000000,1.211
1749261656,1.20600000,6939.99000000,1.211
1749261656,1.20500000,442.65000000,1.211
1749261656,1.20400000,1872.57000000,1.211
1749261656,1.20300000,8392.69000000,1.211
1749261656,1.20200000,1117.72000000,1.211
1749261656,1.20100000,1054.38000000,1.211
1749261656,1.20000000,18562.10000000,1.211
1749261656,1.19900000,164.61000000,1.211
1749261656,1.19800000,289.25000000,1.211
1749261656,1.19700000,3552.39000000,1.211
1749261656,1.19600000,10005.29000000,1.211
1749261656,1.19500000,2184.33000000,1.211
1749261656,1.19400000,113.58000000,1.211
1749261656,1.19300000,406.50000000,1.211
1749261656,1.19200000,7.77000000,1.211
1749261656,1.19100000,20.61000000,1.211
1749261656,1.19000000,1253.51000000,1.211
1749261656,1.18900000,27.76000000,1.211
1749261656,1.18800000,180.96000000,1.211
1749261656,1.18700000,107.35000000,1.211
1749261656,1.18600000,9.71000000,1.211
1749261656,1.18500000,18.54000000,1.211
1749261656,1.18400000,16665.81000000,1.211
1749261656,1.18300000,112.84000000,1.211
1749261656,1.18200000,18.17000000,1.211
1749261656,1.18100000,721.82000000,1.211
1749261656,1.18000000,916.68000000,1.211
1749261656,1.17900000,23.00000000,1.211
1749261656,1.17800000,11.35000000,1.211
1749261656,1.17700000,200.00000000,1.211
1749261656,1.17600000,272.72000000,1.211
1749261656,1.17500000,171.38000000,1.211
1749261656,1.17400000,53.38000000,1.211
1749261656,1.17300000,16.40000000,1.211
1749261656,1.17200000,95.17000000,1.211
1749261656,1.17100000,51.53000000,1.211
1749261656,1.17000000,6.32000000,1.211
1749261656,1.16800000,9.85000000,1.211
1749261656,1.16700000,348.13000000,1.211
1749261656,1.16600000,112.15000000,1.211
1749261656,1.16500000,1191.48000000,1.211
1749261656,1.16400000,28.39000000,1.211
1749261656,1.16300000,49.26000000,1.211
1749261656,1.16200000,36.90000000,1.211
1749261656,1.16000000,16459.68000000,1.211
1749261656,1.15800000,18.54000000,1.211
1749261656,1.15700000,279.93000000,1.211
1749261656,1.15600000,104.37000000,1.211
1749261656,1.15500000,24.17000000,1.211
1749261656,1.15400000,64.43000000,1.211
1749261656,1.15300000,18.54000000,1.211
1749261656,1.15200000,54.70000000,1.211
1749261656,1.15100000,19.04000000,1.211
1749261656,1.15000000,36.47000000,1.211
1749261656,1.14800000,8290.20000000,1.211
1749261656,1.14700000,112.28000000,1.211
1749261656,1.14600000,35.85000000,1.211
1749261656,1.14500000,18.68000000,1.211
1749261656,1.14400000,9.85000000,1.211
1749261656,1.14300000,18.54000000,1.211
1749261656,1.14200000,3219.03000000,1.211
1749261656,1.14100000,10.74000000,1.211
1749261656,1.14000000,59.10000000,1.211
1749261656,1.13900000,68.64000000,1.211
1749261656,1.13800000,7.91000000,1.211
1749261656,1.13700000,22.72000000,1.211
1749261656,1.13600000,16411.30000000,1.211
1749261656,1.13400000,26.71000000,1.211
1749261656,1.13300000,43.60000000,1.211
1749261656,1.13200000,12.00000000,1.211
1749261656,1.13000000,60.96000000,1.211
1749261656,1.12900000,69.94000000,1.211
1749261656,1.12700000,4.77000000,1.211
1749261656,1.12600000,19.07000000,1.211
1749261656,1.12500000,29.74000000,1.211
1749261656,1.12400000,24564.35000000,1.211
1749261656,1.12300000,18.54000000,1.211
1749261656,1.12100000,492.57000000,1.211
1749261656,1.12000000,27.17000000,1.211
1749261656,1.11900000,7.77000000,1.211
1749261656,1.11800000,761.74000000,1.211
1749261656,1.11700000,44.85000000,1.211
1749261656,1.11500000,4.89000000,1.211
1749261656,1.11300000,18.54000000,1.211
1749261656,1.11200000,33082.79000000,1.211
1749261656,1.11100000,19.33000000,1.211
1749261656,1.11000000,1004.59000000,1.211
1749261656,1.10900000,15.41000000,1.211
1749261656,1.10800000,11.06000000,1.211
1749261656,1.10700000,16188.25000000,1.211
1749261656,1.10600000,55.31000000,1.211
1749261656,1.10400000,36.06000000,1.211
1749261656,1.10300000,59.42000000,1.211
1749261656,1.10200000,10.89000000,1.211
1749261656,1.10000000,201.41000000,1.211
1749261656,1.09700000,17.07000000,1.211
1749261656,1.09600000,6.32000000,1.211
1749261963,1.20900000,329.97000000,1.211
1749261963,1.20800000,547.36000000,1.211
1749261963,1.20700000,3796.65000000,1.211
1749261963,1.20600000,6898.86000000,1.211
1749261963,1.20500000,442.65000000,1.211
1749261963,1.20400000,1872.58000000,1.211
1749261963,1.20300000,8432.12000000,1.211
1749261963,1.20200000,1117.72000000,1.211
1749261963,1.20100000,1054.38000000,1.211
1749261963,1.20000000,18562.10000000,1.211
1749261963,1.19900000,164.61000000,1.211
1749261963,1.19800000,289.25000000,1.211
1749261963,1.19700000,3552.39000000,1.211
1749261963,1.19600000,10005.29000000,1.211
1749261963,1.19500000,2184.33000000,1.211
1749261963,1.19400000,113.58000000,1.211
1749261963,1.19300000,406.50000000,1.211
1749261963,1.19200000,7.77000000,1.211
1749261963,1.19100000,20.61000000,1.211
1749261963,1.19000000,1253.51000000,1.211
1749261963,1.18900000,27.76000000,1.211
1749261963,1.18800000,180.96000000,1.211
1749261963,1.18700000,107.35000000,1.211
1749261963,1.18600000,9.71000000,1.211
1749261963,1.18500000,18.54000000,1.211
1749261963,1.18400000,16607.15000000,1.211
1749261963,1.18300000,112.84000000,1.211
1749261963,1.18200000,18.17000000,1.211
1749261963,1.18100000,721.82000000,1.211
1749261963,1.18000000,76.68000000,1.211
1749261963,1.17900000,23.00000000,1.211
1749261963,1.17800000,851.35000000,1.211
1749261963,1.17700000,200.00000000,1.211
1749261963,1.17600000,272.72000000,1.211
1749261963,1.17500000,171.38000000,1.211
1749261963,1.17400000,53.38000000,1.211
1749261963,1.17300000,16.40000000,1.211
1749261963,1.17200000,95.17000000,1.211
1749261963,1.17100000,51.53000000,1.211
1749261963,1.17000000,6.32000000,1.211
1749261963,1.16800000,9.85000000,1.211
1749261963,1.16700000,348.13000000,1.211
1749261963,1.16600000,112.15000000,1.211
1749261963,1.16500000,1191.48000000,1.211
1749261963,1.16400000,28.39000000,1.211
1749261963,1.16300000,49.26000000,1.211
1749261963,1.16200000,36.90000000,1.211
1749261963,1.16000000,16385.98000000,1.211
1749261963,1.15800000,18.54000000,1.211
1749261963,1.15700000,279.93000000,1.211
1749261963,1.15600000,104.37000000,1.211
1749261963,1.15500000,24.17000000,1.211
1749261963,1.15400000,64.43000000,1.211
1749261963,1.15300000,18.54000000,1.211
1749261963,1.15200000,54.70000000,1.211
1749261963,1.15100000,19.04000000,1.211
1749261963,1.15000000,36.47000000,1.211
1749261963,1.14800000,8290.20000000,1.211
1749261963,1.14700000,112.28000000,1.211
1749261963,1.14600000,35.85000000,1.211
1749261963,1.14500000,18.68000000,1.211
1749261963,1.14400000,9.85000000,1.211
1749261963,1.14300000,18.54000000,1.211
1749261963,1.14200000,3219.03000000,1.211
1749261963,1.14100000,10.74000000,1.211
1749261963,1.14000000,59.10000000,1.211
1749261963,1.13900000,68.64000000,1.211
1749261963,1.13800000,7.91000000,1.211
1749261963,1.13700000,22.72000000,1.211
1749261963,1.13600000,16411.30000000,1.211
1749261963,1.13400000,26.71000000,1.211
1749261963,1.13300000,43.60000000,1.211
1749261963,1.13200000,12.00000000,1.211
1749261963,1.13000000,60.96000000,1.211
1749261963,1.12900000,69.94000000,1.211
1749261963,1.12700000,4.77000000,1.211
1749261963,1.12600000,19.07000000,1.211
1749261963,1.12500000,29.74000000,1.211
1749261963,1.12400000,24564.35000000,1.211
1749261963,1.12300000,18.54000000,1.211
1749261963,1.12100000,492.57000000,1.211
1749261963,1.12000000,27.17000000,1.211
1749261963,1.11900000,7.77000000,1.211
1749261963,1.11800000,761.74000000,1.211
1749261963,1.11700000,44.85000000,1.211
1749261963,1.11500000,4.89000000,1.211
1749261963,1.11300000,18.54000000,1.211
1749261963,1.11200000,33082.79000000,1.211
1749261963,1.11100000,19.33000000,1.211
1749261963,1.11000000,1004.59000000,1.211
1749261963,1.10900000,15.41000000,1.211
1749261963,1.10800000,11.06000000,1.211
1749261963,1.10700000,16188.25000000,1.211
1749261963,1.10600000,55.31000000,1.211
1749261963,1.10400000,36.06000000,1.211
1749261963,1.10300000,59.42000000,1.211
1749261963,1.10200000,10.89000000,1.211
1749261963,1.10000000,201.41000000,1.211
1749261963,1.09700000,17.07000000,1.211
1749261963,1.09600000,6.32000000,1.211
1749262264,1.20900000,329.97000000,1.211
1749262264,1.20800000,602.96000000,1.211
1749262264,1.20700000,2624.66000000,1.211
1749262264,1.20600000,1696.33000000,1.211
1749262264,1.20500000,5113.56000000,1.211
1749262264,1.20400000,3581.22000000,1.211
1749262264,1.20300000,8643.90000000,1.211
1749262264,1.20200000,1117.72000000,1.211
1749262264,1.20100000,1054.38000000,1.211
1749262264,1.20000000,18562.10000000,1.211
1749262264,1.19900000,164.61000000,1.211
1749262264,1.19800000,289.25000000,1.211
1749262264,1.19700000,3552.39000000,1.211
1749262264,1.19600000,10005.29000000,1.211
1749262264,1.19500000,2184.33000000,1.211
1749262264,1.19400000,113.58000000,1.211
1749262264,1.19300000,406.50000000,1.211
1749262264,1.19200000,7.77000000,1.211
1749262264,1.19100000,20.61000000,1.211
1749262264,1.19000000,1253.51000000,1.211
1749262264,1.18900000,27.76000000,1.211
1749262264,1.18800000,180.96000000,1.211
1749262264,1.18700000,107.35000000,1.211
1749262264,1.18600000,9.71000000,1.211
1749262264,1.18500000,18.54000000,1.211
1749262264,1.18400000,16693.38000000,1.211
1749262264,1.18300000,112.84000000,1.211
1749262264,1.18200000,18.17000000,1.211
1749262264,1.18100000,721.82000000,1.211
1749262264,1.18000000,76.68000000,1.211
1749262264,1.17900000,23.00000000,1.211
1749262264,1.17800000,11.35000000,1.211
1749262264,1.17700000,200.00000000,1.211
1749262264,1.17600000,272.72000000,1.211
1749262264,1.17500000,171.38000000,1.211
1749262264,1.17400000,53.38000000,1.211
1749262264,1.17300000,16.40000000,1.211
1749262264,1.17200000,95.17000000,1.211
1749262264,1.17100000,51.53000000,1.211
1749262264,1.17000000,6.32000000,1.211
1749262264,1.16800000,9.85000000,1.211
1749262264,1.16700000,348.13000000,1.211
1749262264,1.16600000,112.15000000,1.211
1749262264,1.16500000,1191.48000000,1.211
1749262264,1.16400000,28.39000000,1.211
1749262264,1.16300000,49.26000000,1.211
1749262264,1.16200000,36.90000000,1.211
1749262264,1.16000000,16574.87000000,1.211
1749262264,1.15800000,18.54000000,1.211
1749262264,1.15700000,279.93000000,1.211
1749262264,1.15600000,104.37000000,1.211
1749262264,1.15500000,24.17000000,1.211
1749262264,1.15400000,64.43000000,1.211
1749262264,1.15300000,18.54000000,1.211
1749262264,1.15200000,54.70000000,1.211
1749262264,1.15100000,19.04000000,1.211
1749262264,1.15000000,36.47000000,1.211
1749262264,1.14800000,8290.20000000,1.211
1749262264,1.14700000,112.28000000,1.211
1749262264,1.14600000,35.85000000,1.211
1749262264,1.14500000,18.68000000,1.211
1749262264,1.14400000,9.85000000,1.211
1749262264,1.14300000,18.54000000,1.211
1749262264,1.14200000,3219.03000000,1.211
1749262264,1.14100000,10.74000000,1.211
1749262264,1.14000000,59.10000000,1.211
1749262264,1.13900000,68.64000000,1.211
1749262264,1.13800000,7.91000000,1.211
1749262264,1.13700000,22.72000000,1.211
1749262264,1.13600000,16411.30000000,1.211
1749262264,1.13400000,26.71000000,1.211
1749262264,1.13300000,43.60000000,1.211
1749262264,1.13200000,12.00000000,1.211
1749262264,1.13000000,60.96000000,1.211
1749262264,1.12900000,69.94000000,1.211
1749262264,1.12700000,4.77000000,1.211
1749262264,1.12600000,19.07000000,1.211
1749262264,1.12500000,29.74000000,1.211
1749262264,1.12400000,24564.35000000,1.211
1749262264,1.12300000,18.54000000,1.211
1749262264,1.12100000,492.57000000,1.211
1749262264,1.12000000,27.17000000,1.211
1749262264,1.11900000,7.77000000,1.211
1749262264,1.11800000,761.74000000,1.211
1749262264,1.11700000,44.85000000,1.211
1749262264,1.11500000,4.89000000,1.211
1749262264,1.11300000,18.54000000,1.211
1749262264,1.11200000,33082.79000000,1.211
1749262264,1.11100000,19.33000000,1.211
1749262264,1.11000000,1004.59000000,1.211
1749262264,1.10900000,15.41000000,1.211
1749262264,1.10800000,11.06000000,1.211
1749262264,1.10700000,16188.25000000,1.211
1749262264,1.10600000,55.31000000,1.211
1749262264,1.10400000,36.06000000,1.211
1749262264,1.10300000,59.42000000,1.211
1749262264,1.10200000,10.89000000,1.211
1749262264,1.10000000,201.41000000,1.211
1749262264,1.09700000,17.07000000,1.211
1749262264,1.09600000,6.32000000,1.211
1749262566,1.21000000,863.53000000,1.211
1749262566,1.20900000,262.76000000,1.211
1749262566,1.20800000,945.00000000,1.211
1749262566,1.20700000,4343.08000000,1.211
1749262566,1.20600000,5233.78000000,1.211
1749262566,1.20500000,2149.60000000,1.211
1749262566,1.20400000,167.27000000,1.211
1749262566,1.20300000,9236.86000000,1.211
1749262566,1.20200000,1117.72000000,1.211
1749262566,1.20100000,1054.38000000,1.211
1749262566,1.20000000,18562.10000000,1.211
1749262566,1.19900000,164.61000000,1.211
1749262566,1.19800000,289.25000000,1.211
1749262566,1.19700000,3779.99000000,1.211
1749262566,1.19600000,9780.01000000,1.211
1749262566,1.19500000,2184.33000000,1.211
1749262566,1.19400000,113.58000000,1.211
1749262566,1.19300000,406.50000000,1.211
1749262566,1.19200000,7.77000000,1.211
1749262566,1.19100000,20.61000000,1.211
1749262566,1.19000000,1253.51000000,1.211
1749262566,1.18900000,27.76000000,1.211
1749262566,1.18800000,180.96000000,1.211
1749262566,1.18700000,107.35000000,1.211
1749262566,1.18600000,9.71000000,1.211
1749262566,1.18500000,16533.17000000,1.211
1749262566,1.18400000,56.22000000,1.211
1749262566,1.18300000,112.84000000,1.211
1749262566,1.18200000,18.17000000,1.211
1749262566,1.18100000,721.82000000,1.211
1749262566,1.18000000,76.68000000,1.211
1749262566,1.17900000,23.00000000,1.211
1749262566,1.17800000,11.35000000,1.211
1749262566,1.17700000,200.00000000,1.211
1749262566,1.17600000,272.72000000,1.211
1749262566,1.17500000,171.38000000,1.211
1749262566,1.17400000,53.38000000,1.211
1749262566,1.17300000,16.40000000,1.211
1749262566,1.17200000,95.17000000,1.211
1749262566,1.17100000,51.53000000,1.211
1749262566,1.17000000,6.32000000,1.211
1749262566,1.16800000,9.85000000,1.211
1749262566,1.16700000,348.13000000,1.211
1749262566,1.16600000,112.15000000,1.211
1749262566,1.16500000,1191.48000000,1.211
1749262566,1.16400000,28.39000000,1.211
1749262566,1.16300000,49.26000000,1.211
1749262566,1.16200000,36.90000000,1.211
1749262566,1.16100000,16472.33000000,1.211
1749262566,1.16000000,31.21000000,1.211
1749262566,1.15800000,18.54000000,1.211
1749262566,1.15700000,279.93000000,1.211
1749262566,1.15600000,104.37000000,1.211
1749262566,1.15500000,24.17000000,1.211
1749262566,1.15400000,64.43000000,1.211
1749262566,1.15300000,18.54000000,1.211
1749262566,1.15200000,54.70000000,1.211
1749262566,1.15100000,19.04000000,1.211
1749262566,1.15000000,36.47000000,1.211
1749262566,1.14900000,8327.58000000,1.211
1749262566,1.14800000,75.91000000,1.211
1749262566,1.14700000,112.28000000,1.211
1749262566,1.14600000,35.85000000,1.211
1749262566,1.14500000,18.68000000,1.211
1749262566,1.14400000,9.85000000,1.211
1749262566,1.14300000,18.54000000,1.211
1749262566,1.14200000,1317.70000000,1.211
1749262566,1.14100000,10.74000000,1.211
1749262566,1.14000000,59.10000000,1.211
1749262566,1.13900000,68.64000000,1.211
1749262566,1.13800000,7.91000000,1.211
1749262566,1.13700000,22.72000000,1.211
1749262566,1.13600000,16411.30000000,1.211
1749262566,1.13400000,26.71000000,1.211
1749262566,1.13300000,43.60000000,1.211
1749262566,1.13200000,12.00000000,1.211
1749262566,1.13000000,60.96000000,1.211
1749262566,1.12900000,69.94000000,1.211
1749262566,1.12700000,4.77000000,1.211
1749262566,1.12600000,19.07000000,1.211
1749262566,1.12500000,29.74000000,1.211
1749262566,1.12400000,24564.35000000,1.211
1749262566,1.12300000,18.54000000,1.211
1749262566,1.12100000,492.57000000,1.211
1749262566,1.12000000,27.17000000,1.211
1749262566,1.11900000,7.77000000,1.211
1749262566,1.11800000,761.74000000,1.211
1749262566,1.11700000,44.85000000,1.211
1749262566,1.11500000,4.89000000,1.211
1749262566,1.11300000,18.54000000,1.211
1749262566,1.11200000,33082.79000000,1.211
1749262566,1.11100000,19.33000000,1.211
1749262566,1.11000000,1004.59000000,1.211
1749262566,1.10900000,15.41000000,1.211
1749262566,1.10800000,11.06000000,1.211
1749262566,1.10700000,16188.25000000,1.211
1749262566,1.10600000,55.31000000,1.211
1749262566,1.10400000,36.06000000,1.211
1749262566,1.10300000,59.42000000,1.211
1749262566,1.10200000,10.89000000,1.211
1749262876,1.20900000,363.74000000,1.211
1749262876,1.20800000,547.28000000,1.211
1749262876,1.20700000,2678.19000000,1.211
1749262876,1.20600000,5238.12000000,1.211
1749262876,1.20500000,442.65000000,1.211
1749262876,1.20400000,3581.26000000,1.211
1749262876,1.20300000,8373.12000000,1.211
1749262876,1.20200000,1117.72000000,1.211
1749262876,1.20100000,1054.38000000,1.211
1749262876,1.20000000,18561.09000000,1.211
1749262876,1.19900000,164.61000000,1.211
1749262876,1.19800000,289.25000000,1.211
1749262876,1.19700000,3552.39000000,1.211
1749262876,1.19600000,10113.15000000,1.211
1749262876,1.19500000,2184.33000000,1.211
1749262876,1.19400000,5.87000000,1.211
1749262876,1.19300000,406.50000000,1.211
1749262876,1.19200000,7.77000000,1.211
1749262876,1.19100000,20.61000000,1.211
1749262876,1.19000000,1253.51000000,1.211
1749262876,1.18900000,27.76000000,1.211
1749262876,1.18800000,180.96000000,1.211
1749262876,1.18700000,107.35000000,1.211
1749262876,1.18600000,9.71000000,1.211
1749262876,1.18500000,18.54000000,1.211
1749262876,1.18400000,16472.67000000,1.211
1749262876,1.18300000,112.84000000,1.211
1749262876,1.18200000,18.17000000,1.211
1749262876,1.18100000,721.82000000,1.211
1749262876,1.18000000,76.68000000,1.211
1749262876,1.17900000,23.00000000,1.211
1749262876,1.17800000,11.35000000,1.211
1749262876,1.17700000,200.00000000,1.211
1749262876,1.17600000,272.72000000,1.211
1749262876,1.17500000,171.38000000,1.211
1749262876,1.17400000,53.38000000,1.211
1749262876,1.17300000,16.40000000,1.211
1749262876,1.17200000,95.17000000,1.211
1749262876,1.17100000,51.53000000,1.211
1749262876,1.17000000,6.32000000,1.211
1749262876,1.16800000,9.85000000,1.211
1749262876,1.16700000,348.13000000,1.211
1749262876,1.16600000,112.15000000,1.211
1749262876,1.16500000,1191.48000000,1.211
1749262876,1.16400000,28.39000000,1.211
1749262876,1.16300000,49.26000000,1.211
1749262876,1.16200000,36.90000000,1.211
1749262876,1.16000000,16689.77000000,1.211
1749262876,1.15800000,18.54000000,1.211
1749262876,1.15700000,279.93000000,1.211
1749262876,1.15600000,104.37000000,1.211
1749262876,1.15500000,24.17000000,1.211
1749262876,1.15400000,64.43000000,1.211
1749262876,1.15300000,18.54000000,1.211
1749262876,1.15200000,54.70000000,1.211
1749262876,1.15100000,19.04000000,1.211
1749262876,1.15000000,36.47000000,1.211
1749262876,1.14800000,8403.42000000,1.211
1749262876,1.14700000,112.28000000,1.211
1749262876,1.14600000,35.85000000,1.211
1749262876,1.14500000,18.68000000,1.211
1749262876,1.14400000,9.85000000,1.211
1749262876,1.14300000,18.54000000,1.211
1749262876,1.14200000,1317.70000000,1.211
1749262876,1.14100000,10.74000000,1.211
1749262876,1.14000000,59.10000000,1.211
1749262876,1.13900000,68.64000000,1.211
1749262876,1.13800000,16405.85000000,1.211
1749262876,1.13700000,22.72000000,1.211
1749262876,1.13600000,4.68000000,1.211
1749262876,1.13400000,26.71000000,1.211
1749262876,1.13300000,43.60000000,1.211
1749262876,1.13200000,12.00000000,1.211
1749262876,1.13000000,60.96000000,1.211
1749262876,1.12900000,69.94000000,1.211
1749262876,1.12700000,4.77000000,1.211
1749262876,1.12600000,19.07000000,1.211
1749262876,1.12500000,29.74000000,1.211
1749262876,1.12400000,24564.35000000,1.211
1749262876,1.12300000,18.54000000,1.211
1749262876,1.12100000,492.57000000,1.211
1749262876,1.12000000,27.17000000,1.211
1749262876,1.11900000,7.77000000,1.211
1749262876,1.11800000,761.74000000,1.211
1749262876,1.11700000,44.85000000,1.211
1749262876,1.11500000,4.89000000,1.211
1749262876,1.11300000,18.54000000,1.211
1749262876,1.11200000,33082.79000000,1.211
1749262876,1.11100000,19.33000000,1.211
1749262876,1.11000000,1004.59000000,1.211
1749262876,1.10900000,15.41000000,1.211
1749262876,1.10800000,11.06000000,1.211
1749262876,1.10700000,16188.25000000,1.211
1749262876,1.10600000,55.31000000,1.211
1749262876,1.10400000,36.06000000,1.211
1749262876,1.10300000,59.42000000,1.211
1749262876,1.10200000,10.89000000,1.211
1749262876,1.10000000,201.41000000,1.211
1749262876,1.09700000,17.07000000,1.211
1749262876,1.09600000,6.32000000,1.211
1749263177,1.20800000,140.44000000,1.208
1749263177,1.20700000,196.56000000,1.208
1749263177,1.20600000,618.30000000,1.208
1749263177,1.20500000,3400.94000000,1.208
1749263177,1.20400000,3623.58000000,1.208
1749263177,1.20300000,5066.95000000,1.208
1749263177,1.20200000,8570.20000000,1.208
1749263177,1.20100000,200.36000000,1.208
1749263177,1.20000000,2060.27000000,1.208
1749263177,1.19900000,164.61000000,1.208
1749263177,1.19800000,1215.02000000,1.208
1749263177,1.19700000,20854.13000000,1.208
1749263177,1.19600000,9887.58000000,1.208
1749263177,1.19500000,2184.33000000,1.208
1749263177,1.19400000,5.87000000,1.208
1749263177,1.19300000,623.32000000,1.208
1749263177,1.19200000,7.77000000,1.208
1749263177,1.19100000,20.61000000,1.208
1749263177,1.19000000,1253.51000000,1.208
1749263177,1.18900000,27.76000000,1.208
1749263177,1.18800000,180.96000000,1.208
1749263177,1.18700000,107.35000000,1.208
1749263177,1.18600000,9.71000000,1.208
1749263177,1.18500000,18.54000000,1.208
1749263177,1.18400000,16524.32000000,1.208
1749263177,1.18300000,112.84000000,1.208
1749263177,1.18200000,18.17000000,1.208
1749263177,1.18100000,721.82000000,1.208
1749263177,1.18000000,76.68000000,1.208
1749263177,1.17900000,23.00000000,1.208
1749263177,1.17800000,11.35000000,1.208
1749263177,1.17700000,200.00000000,1.208
1749263177,1.17600000,272.72000000,1.208
1749263177,1.17500000,171.38000000,1.208
1749263177,1.17400000,53.38000000,1.208
1749263177,1.17300000,16.40000000,1.208
1749263177,1.17200000,95.17000000,1.208
1749263177,1.17100000,51.53000000,1.208
1749263177,1.17000000,6.32000000,1.208
1749263177,1.16800000,9.85000000,1.208
1749263177,1.16700000,348.13000000,1.208
1749263177,1.16600000,112.15000000,1.208
1749263177,1.16500000,1191.48000000,1.208
1749263177,1.16400000,28.39000000,1.208
1749263177,1.16300000,49.26000000,1.208
1749263177,1.16200000,36.90000000,1.208
1749263177,1.16000000,16594.37000000,1.208
1749263177,1.15800000,18.54000000,1.208
1749263177,1.15700000,279.93000000,1.208
1749263177,1.15600000,104.37000000,1.208
1749263177,1.15500000,24.17000000,1.208
1749263177,1.15400000,64.43000000,1.208
1749263177,1.15300000,18.54000000,1.208
1749263177,1.15200000,54.70000000,1.208
1749263177,1.15100000,19.04000000,1.208
1749263177,1.15000000,36.47000000,1.208
1749263177,1.14800000,75.91000000,1.208
1749263177,1.14700000,8419.76000000,1.208
1749263177,1.14600000,35.85000000,1.208
1749263177,1.14500000,18.68000000,1.208
1749263177,1.14400000,9.85000000,1.208
1749263177,1.14300000,18.54000000,1.208
1749263177,1.14200000,1317.70000000,1.208
1749263177,1.14100000,10.74000000,1.208
1749263177,1.14000000,59.10000000,1.208
1749263177,1.13900000,68.64000000,1.208
1749263177,1.13800000,7.91000000,1.208
1749263177,1.13700000,22.72000000,1.208
1749263177,1.13600000,4.68000000,1.208
1749263177,1.13500000,16463.48000000,1.208
1749263177,1.13400000,26.71000000,1.208
1749263177,1.13300000,43.60000000,1.208
1749263177,1.13200000,12.00000000,1.208
1749263177,1.13000000,60.96000000,1.208
1749263177,1.12900000,69.94000000,1.208
1749263177,1.12700000,4.77000000,1.208
1749263177,1.12600000,19.07000000,1.208
1749263177,1.12500000,29.74000000,1.208
1749263177,1.12400000,24564.35000000,1.208
1749263177,1.12300000,18.54000000,1.208
1749263177,1.12100000,492.57000000,1.208
1749263177,1.12000000,27.17000000,1.208
1749263177,1.11900000,7.77000000,1.208
1749263177,1.11800000,761.74000000,1.208
1749263177,1.11700000,44.85000000,1.208
1749263177,1.11500000,4.89000000,1.208
1749263177,1.11300000,18.54000000,1.208
1749263177,1.11200000,33082.79000000,1.208
1749263177,1.11100000,19.33000000,1.208
1749263177,1.11000000,1004.59000000,1.208
1749263177,1.10900000,15.41000000,1.208
1749263177,1.10800000,11.06000000,1.208
1749263177,1.10700000,16188.25000000,1.208
1749263177,1.10600000,55.31000000,1.208
1749263177,1.10400000,36.06000000,1.208
1749263177,1.10300000,59.42000000,1.208
1749263177,1.10200000,10.89000000,1.208
1749263177,1.10000000,201.41000000,1.208
1749263177,1.09700000,17.07000000,1.208
1749263177,1.09600000,6.32000000,1.208
1749263484,1.20800000,140.44000000,1.209
1749263484,1.20700000,196.56000000,1.209
1749263484,1.20600000,618.30000000,1.209
1749263484,1.20500000,3924.59000000,1.209
1749263484,1.20400000,5443.48000000,1.209
1749263484,1.20300000,3560.60000000,1.209
1749263484,1.20200000,264.41000000,1.209
1749263484,1.20100000,8512.44000000,1.209
1749263484,1.20000000,2060.27000000,1.209
1749263484,1.19900000,164.61000000,1.209
1749263484,1.19800000,1215.02000000,1.209
1749263484,1.19700000,20854.13000000,1.209
1749263484,1.19600000,9887.58000000,1.209
1749263484,1.19500000,2184.33000000,1.209
1749263484,1.19400000,5.87000000,1.209
1749263484,1.19300000,623.32000000,1.209
1749263484,1.19200000,7.77000000,1.209
1749263484,1.19100000,20.61000000,1.209
1749263484,1.19000000,1253.51000000,1.209
1749263484,1.18900000,27.76000000,1.209
1749263484,1.18800000,180.96000000,1.209
1749263484,1.18700000,107.35000000,1.209
1749263484,1.18600000,9.71000000,1.209
1749263484,1.18500000,18.54000000,1.209
1749263484,1.18400000,56.22000000,1.209
1749263484,1.18300000,16750.85000000,1.209
1749263484,1.18200000,18.17000000,1.209
1749263484,1.18100000,721.82000000,1.209
1749263484,1.18000000,76.68000000,1.209
1749263484,1.17900000,23.00000000,1.209
1749263484,1.17800000,11.35000000,1.209
1749263484,1.17700000,200.00000000,1.209
1749263484,1.17600000,272.72000000,1.209
1749263484,1.17500000,171.38000000,1.209
1749263484,1.17400000,53.38000000,1.209
1749263484,1.17300000,16.40000000,1.209
1749263484,1.17200000,95.17000000,1.209
1749263484,1.17100000,51.53000000,1.209
1749263484,1.17000000,6.32000000,1.209
1749263484,1.16800000,9.85000000,1.209
1749263484,1.16700000,348.13000000,1.209
1749263484,1.16600000,112.15000000,1.209
1749263484,1.16500000,1191.48000000,1.209
1749263484,1.16400000,28.39000000,1.209
1749263484,1.16300000,49.26000000,1.209
1749263484,1.16200000,36.90000000,1.209
1749263484,1.16000000,31.21000000,1.209
1749263484,1.15900000,16556.84000000,1.209
1749263484,1.15800000,18.54000000,1.209
1749263484,1.15700000,279.93000000,1.209
1749263484,1.15600000,104.37000000,1.209
1749263484,1.15500000,24.17000000,1.209
1749263484,1.15400000,64.43000000,1.209
1749263484,1.15300000,18.54000000,1.209
1749263484,1.15200000,54.70000000,1.209
1749263484,1.15100000,1587.34000000,1.209
1749263484,1.15000000,36.47000000,1.209
1749263484,1.14800000,75.91000000,1.209
1749263484,1.14700000,8419.76000000,1.209
1749263484,1.14600000,35.85000000,1.209
1749263484,1.14500000,18.68000000,1.209
1749263484,1.14400000,9.85000000,1.209
1749263484,1.14300000,18.54000000,1.209
1749263484,1.14200000,1317.70000000,1.209
1749263484,1.14100000,10.74000000,1.209
1749263484,1.14000000,59.10000000,1.209
1749263484,1.13900000,68.64000000,1.209
1749263484,1.13800000,7.91000000,1.209
1749263484,1.13700000,22.72000000,1.209
1749263484,1.13600000,4.68000000,1.209
1749263484,1.13500000,16463.48000000,1.209
1749263484,1.13400000,26.71000000,1.209
1749263484,1.13300000,43.60000000,1.209
1749263484,1.13200000,12.00000000,1.209
1749263484,1.13000000,60.96000000,1.209
1749263484,1.12900000,69.94000000,1.209
1749263484,1.12700000,4.77000000,1.209
1749263484,1.12600000,19.07000000,1.209
1749263484,1.12500000,29.74000000,1.209
1749263484,1.12400000,24564.35000000,1.209
1749263484,1.12300000,18.54000000,1.209
1749263484,1.12100000,492.57000000,1.209
1749263484,1.12000000,27.17000000,1.209
1749263484,1.11900000,7.77000000,1.209
1749263484,1.11800000,761.74000000,1.209
1749263484,1.11700000,44.85000000,1.209
1749263484,1.11500000,4.89000000,1.209
1749263484,1.11300000,18.54000000,1.209
1749263484,1.11200000,33082.79000000,1.209
1749263484,1.11100000,19.33000000,1.209
1749263484,1.11000000,1004.59000000,1.209
1749263484,1.10900000,15.41000000,1.209
1749263484,1.10800000,11.06000000,1.209
1749263484,1.10700000,16188.25000000,1.209
1749263484,1.10600000,55.31000000,1.209
1749263484,1.10400000,36.06000000,1.209
1749263484,1.10300000,59.42000000,1.209
1749263484,1.10200000,10.89000000,1.209
1749263484,1.10000000,201.41000000,1.209
1749263484,1.09700000,17.07000000,1.209
1749263790,1.20900000,821.19000000,1.211
1749263790,1.20800000,2653.64000000,1.211
1749263790,1.20700000,5150.86000000,1.211
1749263790,1.20600000,324.43000000,1.211
1749263790,1.20500000,3608.27000000,1.211
1749263790,1.20400000,8652.88000000,1.211
1749263790,1.20300000,126.15000000,1.211
1749263790,1.20200000,1118.43000000,1.211
1749263790,1.20100000,1053.32000000,1.211
1749263790,1.20000000,18624.41000000,1.211
1749263790,1.19900000,164.61000000,1.211
1749263790,1.19800000,289.25000000,1.211
1749263790,1.19700000,5660.39000000,1.211
1749263790,1.19600000,10113.15000000,1.211
1749263790,1.19500000,2184.33000000,1.211
1749263790,1.19400000,5.87000000,1.211
1749263790,1.19300000,406.50000000,1.211
1749263790,1.19200000,7.77000000,1.211
1749263790,1.19100000,20.61000000,1.211
1749263790,1.19000000,1253.51000000,1.211
1749263790,1.18900000,27.76000000,1.211
1749263790,1.18800000,180.96000000,1.211
1749263790,1.18700000,107.35000000,1.211
1749263790,1.18600000,16453.49000000,1.211
1749263790,1.18500000,18.54000000,1.211
1749263790,1.18400000,56.22000000,1.211
1749263790,1.18300000,112.84000000,1.211
1749263790,1.18200000,18.17000000,1.211
1749263790,1.18100000,721.82000000,1.211
1749263790,1.18000000,76.68000000,1.211
1749263790,1.17900000,23.00000000,1.211
1749263790,1.17800000,11.35000000,1.211
1749263790,1.17700000,200.00000000,1.211
1749263790,1.17600000,272.72000000,1.211
1749263790,1.17500000,171.38000000,1.211
1749263790,1.17400000,53.38000000,1.211
1749263790,1.17300000,16.40000000,1.211
1749263790,1.17200000,95.17000000,1.211
1749263790,1.17100000,60.05000000,1.211
1749263790,1.17000000,6.32000000,1.211
1749263790,1.16800000,9.85000000,1.211
1749263790,1.16700000,348.13000000,1.211
1749263790,1.16600000,112.15000000,1.211
1749263790,1.16500000,1191.48000000,1.211
1749263790,1.16400000,28.39000000,1.211
1749263790,1.16300000,49.26000000,1.211
1749263790,1.16200000,36.90000000,1.211
1749263790,1.16100000,16382.88000000,1.211
1749263790,1.16000000,31.21000000,1.211
1749263790,1.15800000,18.54000000,1.211
1749263790,1.15700000,279.93000000,1.211
1749263790,1.15600000,104.37000000,1.211
1749263790,1.15500000,24.17000000,1.211
1749263790,1.15400000,64.43000000,1.211
1749263790,1.15300000,18.54000000,1.211
1749263790,1.15200000,54.70000000,1.211
1749263790,1.15100000,1587.34000000,1.211
1749263790,1.15000000,36.47000000,1.211
1749263790,1.14900000,8297.36000000,1.211
1749263790,1.14800000,75.91000000,1.211
1749263790,1.14700000,112.28000000,1.211
1749263790,1.14600000,35.85000000,1.211
1749263790,1.14500000,18.68000000,1.211
1749263790,1.14400000,9.85000000,1.211
1749263790,1.14300000,18.54000000,1.211
1749263790,1.14200000,1317.70000000,1.211
1749263790,1.14100000,10.74000000,1.211
1749263790,1.14000000,59.10000000,1.211
1749263790,1.13900000,68.64000000,1.211
1749263790,1.13800000,7.91000000,1.211
1749263790,1.13700000,16585.18000000,1.211
1749263790,1.13600000,4.68000000,1.211
1749263790,1.13400000,26.71000000,1.211
1749263790,1.13300000,43.60000000,1.211
1749263790,1.13200000,12.00000000,1.211
1749263790,1.13000000,60.96000000,1.211
1749263790,1.12900000,69.94000000,1.211
1749263790,1.12700000,4.77000000,1.211
1749263790,1.12600000,19.07000000,1.211
1749263790,1.12500000,29.74000000,1.211
1749263790,1.12400000,24564.35000000,1.211
1749263790,1.12300000,18.54000000,1.211
1749263790,1.12100000,492.57000000,1.211
1749263790,1.12000000,27.17000000,1.211
1749263790,1.11900000,7.77000000,1.211
1749263790,1.11800000,761.74000000,1.211
1749263790,1.11700000,44.85000000,1.211
1749263790,1.11500000,4.89000000,1.211
1749263790,1.11300000,18.54000000,1.211
1749263790,1.11200000,33082.79000000,1.211
1749263790,1.11100000,19.33000000,1.211
1749263790,1.11000000,1004.59000000,1.211
1749263790,1.10900000,15.41000000,1.211
1749263790,1.10800000,11.06000000,1.211
1749263790,1.10700000,16188.25000000,1.211
1749263790,1.10600000,55.31000000,1.211
1749263790,1.10400000,36.06000000,1.211
1749263790,1.10300000,59.42000000,1.211
1749263790,1.10200000,10.89000000,1.211
1749263790,1.10000000,201.41000000,1.211
1749264092,1.21000000,394.57000000,1.211
1749264092,1.20900000,378.88000000,1.211
1749264092,1.20800000,1068.16000000,1.211
1749264092,1.20700000,2660.51000000,1.211
1749264092,1.20600000,5462.52000000,1.211
1749264092,1.20500000,1901.33000000,1.211
1749264092,1.20400000,1857.99000000,1.211
1749264092,1.20300000,8391.99000000,1.211
1749264092,1.20200000,1118.43000000,1.211
1749264092,1.20100000,1053.32000000,1.211
1749264092,1.20000000,18624.41000000,1.211
1749264092,1.19900000,164.61000000,1.211
1749264092,1.19800000,289.25000000,1.211
1749264092,1.19700000,5887.71000000,1.211
1749264092,1.19600000,9887.58000000,1.211
1749264092,1.19500000,2184.33000000,1.211
1749264092,1.19400000,5.87000000,1.211
1749264092,1.19300000,406.50000000,1.211
1749264092,1.19200000,7.77000000,1.211
1749264092,1.19100000,20.61000000,1.211
1749264092,1.19000000,1253.51000000,1.211
1749264092,1.18900000,27.76000000,1.211
1749264092,1.18800000,180.96000000,1.211
1749264092,1.18700000,107.35000000,1.211
1749264092,1.18600000,9.71000000,1.211
1749264092,1.18500000,16668.66000000,1.211
1749264092,1.18400000,56.22000000,1.211
1749264092,1.18300000,112.84000000,1.211
1749264092,1.18200000,18.17000000,1.211
1749264092,1.18100000,721.82000000,1.211
1749264092,1.18000000,916.68000000,1.211
1749264092,1.17900000,23.00000000,1.211
1749264092,1.17800000,11.35000000,1.211
1749264092,1.17700000,200.00000000,1.211
1749264092,1.17600000,272.72000000,1.211
1749264092,1.17500000,171.38000000,1.211
1749264092,1.17400000,53.38000000,1.211
1749264092,1.17300000,16.40000000,1.211
1749264092,1.17200000,95.17000000,1.211
1749264092,1.17100000,51.53000000,1.211
1749264092,1.17000000,6.32000000,1.211
1749264092,1.16800000,9.85000000,1.211
1749264092,1.16700000,348.13000000,1.211
1749264092,1.16600000,112.15000000,1.211
1749264092,1.16500000,1191.48000000,1.211
1749264092,1.16400000,28.39000000,1.211
1749264092,1.16300000,49.26000000,1.211
1749264092,1.16200000,36.90000000,1.211
1749264092,1.16100000,16567.28000000,1.211
1749264092,1.16000000,31.21000000,1.211
1749264092,1.15800000,18.54000000,1.211
1749264092,1.15700000,279.93000000,1.211
1749264092,1.15600000,104.37000000,1.211
1749264092,1.15500000,24.17000000,1.211
1749264092,1.15400000,64.43000000,1.211
1749264092,1.15300000,18.54000000,1.211
1749264092,1.15200000,54.70000000,1.211
1749264092,1.15100000,1587.34000000,1.211
1749264092,1.15000000,36.47000000,1.211
1749264092,1.14900000,8297.36000000,1.211
1749264092,1.14800000,75.91000000,1.211
1749264092,1.14700000,112.28000000,1.211
1749264092,1.14600000,35.85000000,1.211
1749264092,1.14500000,18.68000000,1.211
1749264092,1.14400000,9.85000000,1.211
1749264092,1.14300000,18.54000000,1.211
1749264092,1.14200000,1317.70000000,1.211
1749264092,1.14100000,10.74000000,1.211
1749264092,1.14000000,59.10000000,1.211
1749264092,1.13900000,68.64000000,1.211
1749264092,1.13800000,7.91000000,1.211
1749264092,1.13700000,16585.18000000,1.211
1749264092,1.13600000,4.68000000,1.211
1749264092,1.13400000,26.71000000,1.211
1749264092,1.13300000,43.60000000,1.211
1749264092,1.13200000,12.00000000,1.211
1749264092,1.13000000,60.96000000,1.211
1749264092,1.12900000,69.94000000,1.211
1749264092,1.12700000,4.77000000,1.211
1749264092,1.12600000,19.07000000,1.211
1749264092,1.12500000,29.74000000,1.211
1749264092,1.12400000,24564.35000000,1.211
1749264092,1.12300000,18.54000000,1.211
1749264092,1.12100000,492.57000000,1.211
1749264092,1.12000000,27.17000000,1.211
1749264092,1.11900000,7.77000000,1.211
1749264092,1.11800000,761.74000000,1.211
1749264092,1.11700000,44.85000000,1.211
1749264092,1.11500000,4.89000000,1.211
1749264092,1.11300000,18.54000000,1.211
1749264092,1.11200000,33082.79000000,1.211
1749264092,1.11100000,19.33000000,1.211
1749264092,1.11000000,1004.59000000,1.211
1749264092,1.10900000,15.41000000,1.211
1749264092,1.10800000,11.06000000,1.211
1749264092,1.10700000,16188.25000000,1.211
1749264092,1.10600000,55.31000000,1.211
1749264092,1.10400000,36.06000000,1.211
1749264092,1.10300000,59.42000000,1.211
1749264092,1.10200000,10.89000000,1.211
1749264394,1.21000000,330.81000000,1.211
1749264394,1.20900000,606.79000000,1.211
1749264394,1.20800000,3069.82000000,1.211
1749264394,1.20700000,250.14000000,1.211
1749264394,1.20600000,5523.52000000,1.211
1749264394,1.20500000,197.13000000,1.211
1749264394,1.20400000,11764.70000000,1.211
1749264394,1.20300000,126.15000000,1.211
1749264394,1.20200000,1118.43000000,1.211
1749264394,1.20100000,1053.32000000,1.211
1749264394,1.20000000,18624.41000000,1.211
1749264394,1.19900000,164.61000000,1.211
1749264394,1.19800000,289.25000000,1.211
1749264394,1.19700000,5887.71000000,1.211
1749264394,1.19600000,9887.58000000,1.211
1749264394,1.19500000,2184.33000000,1.211
1749264394,1.19400000,5.87000000,1.211
1749264394,1.19300000,406.50000000,1.211
1749264394,1.19200000,7.77000000,1.211
1749264394,1.19100000,20.61000000,1.211
1749264394,1.19000000,1253.51000000,1.211
1749264394,1.18900000,27.76000000,1.211
1749264394,1.18800000,180.96000000,1.211
1749264394,1.18700000,107.35000000,1.211
1749264394,1.18600000,16501.87000000,1.211
1749264394,1.18500000,18.54000000,1.211
1749264394,1.18400000,56.22000000,1.211
1749264394,1.18300000,112.84000000,1.211
1749264394,1.18200000,18.17000000,1.211
1749264394,1.18100000,721.82000000,1.211
1749264394,1.18000000,76.68000000,1.211
1749264394,1.17900000,23.00000000,1.211
1749264394,1.17800000,11.35000000,1.211
1749264394,1.17700000,200.00000000,1.211
1749264394,1.17600000,272.72000000,1.211
1749264394,1.17500000,171.38000000,1.211
1749264394,1.17400000,53.38000000,1.211
1749264394,1.17300000,16.40000000,1.211
1749264394,1.17200000,95.17000000,1.211
1749264394,1.17100000,51.53000000,1.211
1749264394,1.17000000,6.32000000,1.211
1749264394,1.16800000,9.85000000,1.211
1749264394,1.16700000,348.13000000,1.211
1749264394,1.16600000,112.15000000,1.211
1749264394,1.16500000,1191.48000000,1.211
1749264394,1.16400000,28.39000000,1.211
1749264394,1.16300000,49.26000000,1.211
1749264394,1.16200000,36.90000000,1.211
1749264394,1.16100000,16407.97000000,1.211
1749264394,1.16000000,31.21000000,1.211
1749264394,1.15800000,18.54000000,1.211
1749264394,1.15700000,279.93000000,1.211
1749264394,1.15600000,104.37000000,1.211
1749264394,1.15500000,24.17000000,1.211
1749264394,1.15400000,64.43000000,1.211
1749264394,1.15300000,18.54000000,1.211
1749264394,1.15200000,54.70000000,1.211
1749264394,1.15100000,19.04000000,1.211
1749264394,1.15000000,36.47000000,1.211
1749264394,1.14900000,8297.36000000,1.211
1749264394,1.14800000,75.91000000,1.211
1749264394,1.14700000,112.28000000,1.211
1749264394,1.14600000,35.85000000,1.211
1749264394,1.14500000,18.68000000,1.211
1749264394,1.14400000,9.85000000,1.211
1749264394,1.14300000,18.54000000,1.211
1749264394,1.14200000,1317.70000000,1.211
1749264394,1.14100000,10.74000000,1.211
1749264394,1.14000000,59.10000000,1.211
1749264394,1.13900000,68.64000000,1.211
1749264394,1.13800000,7.91000000,1.211
1749264394,1.13700000,16585.18000000,1.211
1749264394,1.13600000,4.68000000,1.211
1749264394,1.13400000,26.71000000,1.211
1749264394,1.13300000,43.60000000,1.211
1749264394,1.13200000,12.00000000,1.211
1749264394,1.13000000,60.96000000,1.211
1749264394,1.12900000,69.94000000,1.211
1749264394,1.12700000,4.77000000,1.211
1749264394,1.12600000,19.07000000,1.211
1749264394,1.12500000,29.74000000,1.211
1749264394,1.12400000,24564.35000000,1.211
1749264394,1.12300000,18.54000000,1.211
1749264394,1.12100000,492.57000000,1.211
1749264394,1.12000000,27.17000000,1.211
1749264394,1.11900000,7.77000000,1.211
1749264394,1.11800000,761.74000000,1.211
1749264394,1.11700000,44.85000000,1.211
1749264394,1.11500000,4.89000000,1.211
1749264394,1.11300000,18.54000000,1.211
1749264394,1.11200000,33082.79000000,1.211
1749264394,1.11100000,19.33000000,1.211
1749264394,1.11000000,1004.59000000,1.211
1749264394,1.10900000,15.41000000,1.211
1749264394,1.10800000,11.06000000,1.211
1749264394,1.10700000,16188.25000000,1.211
1749264394,1.10600000,55.31000000,1.211
1749264394,1.10400000,36.06000000,1.211
1749264394,1.10300000,59.42000000,1.211
1749264394,1.10200000,10.89000000,1.211
1749264700,1.21000000,581.24000000,1.211
1749264700,1.20900000,2860.20000000,1.211
1749264700,1.20800000,4679.72000000,1.211
1749264700,1.20700000,195.50000000,1.211
1749264700,1.20600000,533.63000000,1.211
1749264700,1.20500000,5124.44000000,1.211
1749264700,1.20400000,149.35000000,1.211
1749264700,1.20300000,8445.06000000,1.211
1749264700,1.20200000,1118.43000000,1.211
1749264700,1.20100000,1053.32000000,1.211
1749264700,1.20000000,18624.41000000,1.211
1749264700,1.19900000,164.61000000,1.211
1749264700,1.19800000,289.25000000,1.211
1749264700,1.19700000,5887.71000000,1.211
1749264700,1.19600000,9887.58000000,1.211
1749264700,1.19500000,2184.33000000,1.211
1749264700,1.19400000,5.87000000,1.211
1749264700,1.19300000,406.50000000,1.211
1749264700,1.19200000,7.77000000,1.211
1749264700,1.19100000,20.61000000,1.211
1749264700,1.19000000,1253.51000000,1.211
1749264700,1.18900000,27.76000000,1.211
1749264700,1.18800000,180.96000000,1.211
1749264700,1.18700000,107.35000000,1.211
1749264700,1.18600000,9.71000000,1.211
1749264700,1.18500000,16378.20000000,1.211
1749264700,1.18400000,56.22000000,1.211
1749264700,1.18300000,112.84000000,1.211
1749264700,1.18200000,18.17000000,1.211
1749264700,1.18100000,721.82000000,1.211
1749264700,1.18000000,76.68000000,1.211
1749264700,1.17900000,23.00000000,1.211
1749264700,1.17800000,11.35000000,1.211
1749264700,1.17700000,200.00000000,1.211
1749264700,1.17600000,272.72000000,1.211
1749264700,1.17500000,166.27000000,1.211
1749264700,1.17400000,53.38000000,1.211
1749264700,1.17300000,16.40000000,1.211
1749264700,1.17200000,95.17000000,1.211
1749264700,1.17100000,51.53000000,1.211
1749264700,1.17000000,6.32000000,1.211
1749264700,1.16800000,9.85000000,1.211
1749264700,1.16700000,348.13000000,1.211
1749264700,1.16600000,112.15000000,1.211
1749264700,1.16500000,1191.48000000,1.211
1749264700,1.16400000,28.39000000,1.211
1749264700,1.16300000,49.26000000,1.211
1749264700,1.16200000,36.90000000,1.211
1749264700,1.16100000,16418.84000000,1.211
1749264700,1.16000000,31.21000000,1.211
1749264700,1.15800000,18.54000000,1.211
1749264700,1.15700000,279.93000000,1.211
1749264700,1.15600000,104.37000000,1.211
1749264700,1.15500000,24.17000000,1.211
1749264700,1.15400000,64.43000000,1.211
1749264700,1.15300000,18.54000000,1.211
1749264700,1.15200000,54.70000000,1.211
1749264700,1.15100000,19.04000000,1.211
1749264700,1.15000000,8294.04000000,1.211
1749264700,1.14800000,75.91000000,1.211
1749264700,1.14700000,112.28000000,1.211
1749264700,1.14600000,35.85000000,1.211
1749264700,1.14500000,18.68000000,1.211
1749264700,1.14400000,9.85000000,1.211
1749264700,1.14300000,18.54000000,1.211
1749264700,1.14200000,1317.70000000,1.211
1749264700,1.14100000,10.74000000,1.211
1749264700,1.14000000,59.10000000,1.211
1749264700,1.13900000,68.64000000,1.211
1749264700,1.13700000,16585.18000000,1.211
1749264700,1.13600000,4.68000000,1.211
1749264700,1.13400000,26.71000000,1.211
1749264700,1.13300000,43.60000000,1.211
1749264700,1.13200000,12.00000000,1.211
1749264700,1.13000000,60.96000000,1.211
1749264700,1.12900000,69.94000000,1.211
1749264700,1.12700000,4.77000000,1.211
1749264700,1.12600000,19.07000000,1.211
1749264700,1.12500000,29.74000000,1.211
1749264700,1.12400000,24564.35000000,1.211
1749264700,1.12300000,18.54000000,1.211
1749264700,1.12100000,492.57000000,1.211
1749264700,1.12000000,27.17000000,1.211
1749264700,1.11900000,7.77000000,1.211
1749264700,1.11800000,761.74000000,1.211
1749264700,1.11700000,44.85000000,1.211
1749264700,1.11500000,4.89000000,1.211
1749264700,1.11300000,18.54000000,1.211
1749264700,1.11200000,33082.79000000,1.211
1749264700,1.11100000,19.33000000,1.211
1749264700,1.11000000,1004.59000000,1.211
1749264700,1.10900000,15.41000000,1.211
1749264700,1.10800000,11.06000000,1.211
1749264700,1.10700000,16188.25000000,1.211
1749264700,1.10600000,55.31000000,1.211
1749264700,1.10400000,36.06000000,1.211
1749264700,1.10300000,59.42000000,1.211
1749264700,1.10000000,201.41000000,1.211
1749264700,1.09700000,17.07000000,1.211
1749264700,1.09600000,6.32000000,1.211
1749265002,1.21100000,1724.10000000,1.212
1749265002,1.21000000,615.63000000,1.212
1749265002,1.20900000,4931.76000000,1.212
1749265002,1.20800000,1895.94000000,1.212
1749265002,1.20700000,195.50000000,1.212
1749265002,1.20600000,5532.99000000,1.212
1749265002,1.20500000,178.76000000,1.212
1749265002,1.20400000,9313.51000000,1.212
1749265002,1.20300000,978.06000000,1.212
1749265002,1.20200000,17685.87000000,1.212
1749265002,1.20100000,200.36000000,1.212
1749265002,1.20000000,2060.27000000,1.212
1749265002,1.19900000,164.61000000,1.212
1749265002,1.19800000,289.25000000,1.212
1749265002,1.19700000,5888.88000000,1.212
1749265002,1.19600000,9887.58000000,1.212
1749265002,1.19500000,2184.33000000,1.212
1749265002,1.19400000,5.87000000,1.212
1749265002,1.19300000,406.50000000,1.212
1749265002,1.19200000,7.77000000,1.212
1749265002,1.19100000,20.61000000,1.212
1749265002,1.19000000,1253.51000000,1.212
1749265002,1.18900000,27.76000000,1.212
1749265002,1.18800000,180.96000000,1.212
1749265002,1.18700000,107.35000000,1.212
1749265002,1.18600000,16566.29000000,1.212
1749265002,1.18500000,18.54000000,1.212
1749265002,1.18400000,56.22000000,1.212
1749265002,1.18300000,112.84000000,1.212
1749265002,1.18200000,18.17000000,1.212
1749265002,1.18100000,721.82000000,1.212
1749265002,1.18000000,76.68000000,1.212
1749265002,1.17900000,23.00000000,1.212
1749265002,1.17800000,11.35000000,1.212
1749265002,1.17700000,200.00000000,1.212
1749265002,1.17600000,272.72000000,1.212
1749265002,1.17500000,166.27000000,1.212
1749265002,1.17400000,53.38000000,1.212
1749265002,1.17300000,16.40000000,1.212
1749265002,1.17200000,95.17000000,1.212
1749265002,1.17100000,51.53000000,1.212
1749265002,1.17000000,6.32000000,1.212
1749265002,1.16800000,9.85000000,1.212
1749265002,1.16700000,348.13000000,1.212
1749265002,1.16600000,112.15000000,1.212
1749265002,1.16500000,1191.48000000,1.212
1749265002,1.16400000,28.39000000,1.212
1749265002,1.16300000,49.26000000,1.212
1749265002,1.16200000,16518.69000000,1.212
1749265002,1.16000000,31.21000000,1.212
1749265002,1.15800000,18.54000000,1.212
1749265002,1.15700000,279.93000000,1.212
1749265002,1.15600000,104.37000000,1.212
1749265002,1.15500000,24.17000000,1.212
1749265002,1.15400000,64.43000000,1.212
1749265002,1.15300000,18.54000000,1.212
1749265002,1.15200000,54.70000000,1.212
1749265002,1.15100000,19.04000000,1.212
1749265002,1.15000000,8336.86000000,1.212
1749265002,1.14800000,75.91000000,1.212
1749265002,1.14700000,112.28000000,1.212
1749265002,1.14600000,35.85000000,1.212
1749265002,1.14500000,18.68000000,1.212
1749265002,1.14400000,9.85000000,1.212
1749265002,1.14300000,18.54000000,1.212
1749265002,1.14200000,1317.70000000,1.212
1749265002,1.14100000,10.74000000,1.212
1749265002,1.14000000,59.10000000,1.212
1749265002,1.13900000,68.64000000,1.212
1749265002,1.13800000,16531.95000000,1.212
1749265002,1.13700000,22.72000000,1.212
1749265002,1.13600000,4.68000000,1.212
1749265002,1.13400000,26.71000000,1.212
1749265002,1.13300000,43.60000000,1.212
1749265002,1.13200000,12.00000000,1.212
1749265002,1.13000000,60.96000000,1.212
1749265002,1.12900000,69.94000000,1.212
1749265002,1.12700000,4.77000000,1.212
1749265002,1.12600000,24573.42000000,1.212
1749265002,1.12500000,29.74000000,1.212
1749265002,1.12400000,23.48000000,1.212
1749265002,1.12300000,18.54000000,1.212
1749265002,1.12100000,492.57000000,1.212
1749265002,1.12000000,27.17000000,1.212
1749265002,1.11900000,7.77000000,1.212
1749265002,1.11800000,761.74000000,1.212
1749265002,1.11700000,44.85000000,1.212
1749265002,1.11500000,4.89000000,1.212
1749265002,1.11400000,32990.08000000,1.212
1749265002,1.11300000,18.54000000,1.212
1749265002,1.11200000,146.13000000,1.212
1749265002,1.11100000,19.33000000,1.212
1749265002,1.11000000,1004.59000000,1.212
1749265002,1.10900000,15.41000000,1.212
1749265002,1.10800000,11.06000000,1.212
1749265002,1.10700000,16188.25000000,1.212
1749265002,1.10600000,55.31000000,1.212
1749265002,1.10400000,36.06000000,1.212
1749265002,1.10300000,59.42000000,1.212
1749265002,1.10000000,201.41000000,1.212
1749265303,1.21100000,157.30000000,1.212
1749265303,1.21000000,578.33000000,1.212
1749265303,1.20900000,606.67000000,1.212
1749265303,1.20800000,2723.80000000,1.212
1749265303,1.20700000,5113.91000000,1.212
1749265303,1.20600000,3960.22000000,1.212
1749265303,1.20500000,178.76000000,1.212
1749265303,1.20400000,8399.13000000,1.212
1749265303,1.20300000,978.06000000,1.212
1749265303,1.20200000,17685.87000000,1.212
1749265303,1.20100000,1052.97000000,1.212
1749265303,1.20000000,2060.27000000,1.212
1749265303,1.19900000,164.61000000,1.212
1749265303,1.19800000,289.25000000,1.212
1749265303,1.19700000,5996.33000000,1.212
1749265303,1.19600000,9780.01000000,1.212
1749265303,1.19500000,2184.33000000,1.212
1749265303,1.19400000,5.87000000,1.212
1749265303,1.19300000,406.50000000,1.212
1749265303,1.19200000,7.77000000,1.212
1749265303,1.19100000,20.61000000,1.212
1749265303,1.19000000,1253.51000000,1.212
1749265303,1.18900000,27.76000000,1.212
1749265303,1.18800000,180.96000000,1.212
1749265303,1.18700000,107.35000000,1.212
1749265303,1.18600000,16426.44000000,1.212
1749265303,1.18500000,18.54000000,1.212
1749265303,1.18400000,56.22000000,1.212
1749265303,1.18300000,112.84000000,1.212
1749265303,1.18200000,18.17000000,1.212
1749265303,1.18100000,721.82000000,1.212
1749265303,1.18000000,76.68000000,1.212
1749265303,1.17900000,863.00000000,1.212
1749265303,1.17800000,11.35000000,1.212
1749265303,1.17700000,200.00000000,1.212
1749265303,1.17600000,272.72000000,1.212
1749265303,1.17500000,166.27000000,1.212
1749265303,1.17400000,53.38000000,1.212
1749265303,1.17300000,16.40000000,1.212
1749265303,1.17200000,95.17000000,1.212
1749265303,1.17100000,51.53000000,1.212
1749265303,1.17000000,6.32000000,1.212
1749265303,1.16800000,9.85000000,1.212
1749265303,1.16700000,348.13000000,1.212
1749265303,1.16600000,112.15000000,1.212
1749265303,1.16500000,1191.48000000,1.212
1749265303,1.16400000,28.39000000,1.212
1749265303,1.16300000,49.26000000,1.212
1749265303,1.16200000,16453.13000000,1.212
1749265303,1.16000000,31.21000000,1.212
1749265303,1.15800000,18.54000000,1.212
1749265303,1.15700000,279.93000000,1.212
1749265303,1.15600000,104.37000000,1.212
1749265303,1.15500000,24.17000000,1.212
1749265303,1.15400000,64.43000000,1.212
1749265303,1.15300000,18.54000000,1.212
1749265303,1.15200000,54.70000000,1.212
1749265303,1.15100000,19.04000000,1.212
1749265303,1.15000000,8336.86000000,1.212
1749265303,1.14800000,75.91000000,1.212
1749265303,1.14700000,112.28000000,1.212
1749265303,1.14600000,35.85000000,1.212
1749265303,1.14500000,18.68000000,1.212
1749265303,1.14400000,1667.04000000,1.212
1749265303,1.14300000,18.54000000,1.212
1749265303,1.14200000,1317.70000000,1.212
1749265303,1.14100000,10.74000000,1.212
1749265303,1.14000000,59.10000000,1.212
1749265303,1.13900000,68.64000000,1.212
1749265303,1.13800000,16531.95000000,1.212
1749265303,1.13700000,22.72000000,1.212
1749265303,1.13600000,4.68000000,1.212
1749265303,1.13400000,26.71000000,1.212
1749265303,1.13300000,43.60000000,1.212
1749265303,1.13200000,12.00000000,1.212
1749265303,1.13000000,60.96000000,1.212
1749265303,1.12900000,69.94000000,1.212
1749265303,1.12700000,4.77000000,1.212
1749265303,1.12600000,24573.42000000,1.212
1749265303,1.12500000,29.74000000,1.212
1749265303,1.12400000,23.48000000,1.212
1749265303,1.12300000,18.54000000,1.212
1749265303,1.12100000,492.57000000,1.212
1749265303,1.12000000,27.17000000,1.212
1749265303,1.11900000,7.77000000,1.212
1749265303,1.11800000,761.74000000,1.212
1749265303,1.11700000,44.85000000,1.212
1749265303,1.11500000,4.89000000,1.212
1749265303,1.11400000,32990.08000000,1.212
1749265303,1.11300000,18.54000000,1.212
1749265303,1.11200000,146.13000000,1.212
1749265303,1.11100000,19.33000000,1.212
1749265303,1.11000000,1004.59000000,1.212
1749265303,1.10900000,15.41000000,1.212
1749265303,1.10800000,11.06000000,1.212
1749265303,1.10700000,16188.25000000,1.212
1749265303,1.10600000,55.31000000,1.212
1749265303,1.10400000,36.06000000,1.212
1749265303,1.10300000,59.42000000,1.212
1749265303,1.10000000,201.41000000,1.212
1749265605,1.21300000,118.50000000,1.213
1749265605,1.21200000,346.17000000,1.213
1749265605,1.21100000,1237.75000000,1.213
1749265605,1.21000000,2762.06000000,1.213
1749265605,1.20900000,5411.17000000,1.213
1749265605,1.20800000,3606.15000000,1.213
1749265605,1.20700000,268.38000000,1.213
1749265605,1.20600000,8514.09000000,1.213
1749265605,1.20500000,1030.67000000,1.213
1749265605,1.20400000,149.35000000,1.213
1749265605,1.20300000,978.06000000,1.213
1749265605,1.20200000,17685.87000000,1.213
1749265605,1.20100000,200.36000000,1.213
1749265605,1.20000000,2060.27000000,1.213
1749265605,1.19900000,398.34000000,1.213
1749265605,1.19800000,289.25000000,1.213
1749265605,1.19700000,5767.84000000,1.213
1749265605,1.19600000,9780.01000000,1.213
1749265605,1.19500000,2184.33000000,1.213
1749265605,1.19400000,5.87000000,1.213
1749265605,1.19300000,406.50000000,1.213
1749265605,1.19200000,7.77000000,1.213
1749265605,1.19100000,20.61000000,1.213
1749265605,1.19000000,1253.51000000,1.213
1749265605,1.18900000,27.76000000,1.213
1749265605,1.18800000,16585.52000000,1.213
1749265605,1.18700000,107.35000000,1.213
1749265605,1.18600000,9.71000000,1.213
1749265605,1.18500000,18.54000000,1.213
1749265605,1.18400000,56.22000000,1.213
1749265605,1.18300000,112.84000000,1.213
1749265605,1.18200000,18.17000000,1.213
1749265605,1.18100000,721.82000000,1.213
1749265605,1.18000000,916.68000000,1.213
1749265605,1.17900000,23.00000000,1.213
1749265605,1.17800000,11.35000000,1.213
1749265605,1.17700000,200.00000000,1.213
1749265605,1.17600000,272.72000000,1.213
1749265605,1.17500000,166.27000000,1.213
1749265605,1.17400000,53.38000000,1.213
1749265605,1.17300000,16.40000000,1.213
1749265605,1.17200000,95.17000000,1.213
1749265605,1.17100000,51.53000000,1.213
1749265605,1.17000000,6.32000000,1.213
1749265605,1.16800000,9.85000000,1.213
1749265605,1.16700000,348.13000000,1.213
1749265605,1.16600000,112.15000000,1.213
1749265605,1.16500000,1191.48000000,1.213
1749265605,1.16400000,16648.78000000,1.213
1749265605,1.16300000,49.26000000,1.213
1749265605,1.16200000,36.90000000,1.213
1749265605,1.16000000,31.21000000,1.213
1749265605,1.15800000,18.54000000,1.213
1749265605,1.15700000,279.93000000,1.213
1749265605,1.15600000,104.37000000,1.213
1749265605,1.15500000,24.17000000,1.213
1749265605,1.15400000,64.43000000,1.213
1749265605,1.15300000,18.54000000,1.213
1749265605,1.15200000,8248.04000000,1.213
1749265605,1.15100000,19.04000000,1.213
1749265605,1.15000000,36.47000000,1.213
1749265605,1.14800000,75.91000000,1.213
1749265605,1.14700000,112.28000000,1.213
1749265605,1.14600000,35.85000000,1.213
1749265605,1.14500000,18.68000000,1.213
1749265605,1.14400000,1667.04000000,1.213
1749265605,1.14300000,18.54000000,1.213
1749265605,1.14200000,1317.70000000,1.213
1749265605,1.14100000,10.74000000,1.213
1749265605,1.14000000,59.10000000,1.213
1749265605,1.13900000,68.64000000,1.213
1749265605,1.13800000,16531.95000000,1.213
1749265605,1.13700000,22.72000000,1.213
1749265605,1.13600000,4.68000000,1.213
1749265605,1.13400000,26.71000000,1.213
1749265605,1.13300000,43.60000000,1.213
1749265605,1.13200000,12.00000000,1.213
1749265605,1.13000000,60.96000000,1.213
1749265605,1.12900000,69.94000000,1.213
1749265605,1.12700000,4.77000000,1.213
1749265605,1.12600000,24573.42000000,1.213
1749265605,1.12500000,29.74000000,1.213
1749265605,1.12400000,23.48000000,1.213
1749265605,1.12300000,18.54000000,1.213
1749265605,1.12100000,492.57000000,1.213
1749265605,1.12000000,27.17000000,1.213
1749265605,1.11900000,7.77000000,1.213
1749265605,1.11800000,761.74000000,1.213
1749265605,1.11700000,44.85000000,1.213
1749265605,1.11500000,4.89000000,1.213
1749265605,1.11400000,32990.08000000,1.213
1749265605,1.11300000,18.54000000,1.213
1749265605,1.11200000,146.13000000,1.213
1749265605,1.11100000,19.33000000,1.213
1749265605,1.11000000,1004.59000000,1.213
1749265605,1.10900000,15.41000000,1.213
1749265605,1.10800000,11.06000000,1.213
1749265605,1.10700000,16188.25000000,1.213
1749265605,1.10600000,55.31000000,1.213
1749265605,1.10400000,36.06000000,1.213
1749265907,1.21200000,360.00000000,1.212
1749265907,1.21100000,559.51000000,1.212
1749265907,1.21000000,1486.21000000,1.212
1749265907,1.20900000,468.12000000,1.212
1749265907,1.20800000,3606.23000000,1.212
1749265907,1.20700000,213.63000000,1.212
1749265907,1.20600000,269.74000000,1.212
1749265907,1.20500000,1030.67000000,1.212
1749265907,1.20400000,149.35000000,1.212
1749265907,1.20300000,978.06000000,1.212
1749265907,1.20200000,17685.87000000,1.212
1749265907,1.20100000,200.36000000,1.212
1749265907,1.20000000,2167.50000000,1.212
1749265907,1.19900000,398.34000000,1.212
1749265907,1.19800000,289.25000000,1.212
1749265907,1.19700000,5660.39000000,1.212
1749265907,1.19600000,9780.01000000,1.212
1749265907,1.19500000,2184.33000000,1.212
1749265907,1.19400000,5.87000000,1.212
1749265907,1.19300000,406.50000000,1.212
1749265907,1.19200000,7.77000000,1.212
1749265907,1.19100000,20.61000000,1.212
1749265907,1.19000000,1253.51000000,1.212
1749265907,1.18900000,27.76000000,1.212
1749265907,1.18800000,180.96000000,1.212
1749265907,1.18700000,107.35000000,1.212
1749265907,1.18600000,9.71000000,1.212
1749265907,1.18500000,18.54000000,1.212
1749265907,1.18400000,56.22000000,1.212
1749265907,1.18300000,112.84000000,1.212
1749265907,1.18200000,18.17000000,1.212
1749265907,1.18100000,721.82000000,1.212
1749265907,1.18000000,916.68000000,1.212
1749265907,1.17900000,23.00000000,1.212
1749265907,1.17800000,11.35000000,1.212
1749265907,1.17700000,200.00000000,1.212
1749265907,1.17600000,272.72000000,1.212
1749265907,1.17500000,166.27000000,1.212
1749265907,1.17400000,53.38000000,1.212
1749265907,1.17300000,16.40000000,1.212
1749265907,1.17200000,95.17000000,1.212
1749265907,1.17100000,51.53000000,1.212
1749265907,1.17000000,6.32000000,1.212
1749265907,1.16800000,9.85000000,1.212
1749265907,1.16700000,348.13000000,1.212
1749265907,1.16600000,112.15000000,1.212
1749265907,1.16500000,1191.48000000,1.212
1749265907,1.16400000,28.39000000,1.212
1749265907,1.16300000,49.26000000,1.212
1749265907,1.16200000,36.90000000,1.212
1749265907,1.16000000,31.21000000,1.212
1749265907,1.15800000,18.54000000,1.212
1749265907,1.15700000,279.93000000,1.212
1749265907,1.15600000,104.37000000,1.212
1749265907,1.15500000,24.17000000,1.212
1749265907,1.15400000,64.43000000,1.212
1749265907,1.15300000,18.54000000,1.212
1749265907,1.15200000,8248.04000000,1.212
1749265907,1.15100000,19.04000000,1.212
1749265907,1.15000000,36.47000000,1.212
1749265907,1.14800000,75.91000000,1.212
1749265907,1.14700000,112.28000000,1.212
1749265907,1.14600000,35.85000000,1.212
1749265907,1.14500000,18.68000000,1.212
1749265907,1.14400000,1667.04000000,1.212
1749265907,1.14300000,18.54000000,1.212
1749265907,1.14200000,1317.70000000,1.212
1749265907,1.14100000,10.74000000,1.212
1749265907,1.14000000,59.10000000,1.212
1749265907,1.13900000,68.64000000,1.212
1749265907,1.13800000,16531.95000000,1.212
1749265907,1.13700000,22.72000000,1.212
1749265907,1.13600000,4.68000000,1.212
1749265907,1.13400000,26.71000000,1.212
1749265907,1.13300000,43.60000000,1.212
1749265907,1.13200000,12.00000000,1.212
1749265907,1.13000000,60.96000000,1.212
1749265907,1.12900000,69.94000000,1.212
1749265907,1.12700000,4.77000000,1.212
1749265907,1.12600000,24573.42000000,1.212
1749265907,1.12500000,29.74000000,1.212
1749265907,1.12400000,23.48000000,1.212
1749265907,1.12300000,18.54000000,1.212
1749265907,1.12100000,492.57000000,1.212
1749265907,1.12000000,27.17000000,1.212
1749265907,1.11900000,7.77000000,1.212
1749265907,1.11800000,761.74000000,1.212
1749265907,1.11700000,44.85000000,1.212
1749265907,1.11500000,4.89000000,1.212
1749265907,1.11400000,32990.08000000,1.212
1749265907,1.11300000,18.54000000,1.212
1749265907,1.11200000,146.13000000,1.212
1749265907,1.11100000,19.33000000,1.212
1749265907,1.11000000,1004.59000000,1.212
1749265907,1.10900000,15.41000000,1.212
1749265907,1.10800000,11.06000000,1.212
1749265907,1.10700000,16188.25000000,1.212
1749265907,1.10600000,55.31000000,1.212
1749265907,1.10400000,36.06000000,1.212
1749265907,1.10300000,59.42000000,1.212
1749266208,1.21400000,533.92000000,1.214
1749266208,1.21300000,302.55000000,1.214
1749266208,1.21200000,939.87000000,1.214
1749266208,1.21100000,2619.05000000,1.214
1749266208,1.21000000,5141.22000000,1.214
1749266208,1.20900000,2173.36000000,1.214
1749266208,1.20800000,1922.06000000,1.214
1749266208,1.20700000,9354.26000000,1.214
1749266208,1.20600000,269.74000000,1.214
1749266208,1.20500000,1030.67000000,1.214
1749266208,1.20400000,1072.53000000,1.214
1749266208,1.20300000,6714.75000000,1.214
1749266208,1.20200000,16758.78000000,1.214
1749266208,1.20100000,439.91000000,1.214
1749266208,1.20000000,2167.50000000,1.214
1749266208,1.19900000,164.61000000,1.214
1749266208,1.19800000,289.25000000,1.214
1749266208,1.19700000,29.79000000,1.214
1749266208,1.19600000,9780.01000000,1.214
1749266208,1.19500000,2184.33000000,1.214
1749266208,1.19400000,5.87000000,1.214
1749266208,1.19300000,406.50000000,1.214
1749266208,1.19200000,187.42000000,1.214
1749266208,1.19100000,20.61000000,1.214
1749266208,1.19000000,1253.51000000,1.214
1749266208,1.18900000,16449.54000000,1.214
1749266208,1.18700000,107.35000000,1.214
1749266208,1.18600000,9.71000000,1.214
1749266208,1.18500000,18.54000000,1.214
1749266208,1.18400000,56.22000000,1.214
1749266208,1.18300000,112.84000000,1.214
1749266208,1.18200000,18.17000000,1.214
1749266208,1.18100000,721.82000000,1.214
1749266208,1.18000000,76.68000000,1.214
1749266208,1.17900000,23.00000000,1.214
1749266208,1.17800000,11.35000000,1.214
1749266208,1.17700000,200.00000000,1.214
1749266208,1.17600000,272.72000000,1.214
1749266208,1.17500000,166.27000000,1.214
1749266208,1.17400000,53.38000000,1.214
1749266208,1.17300000,16.40000000,1.214
1749266208,1.17200000,95.17000000,1.214
1749266208,1.17100000,51.53000000,1.214
1749266208,1.17000000,6.32000000,1.214
1749266208,1.16800000,9.85000000,1.214
1749266208,1.16700000,348.13000000,1.214
1749266208,1.16600000,112.15000000,1.214
1749266208,1.16500000,17526.39000000,1.214
1749266208,1.16400000,28.39000000,1.214
1749266208,1.16300000,49.26000000,1.214
1749266208,1.16200000,36.90000000,1.214
1749266208,1.16000000,31.21000000,1.214
1749266208,1.15800000,18.54000000,1.214
1749266208,1.15700000,279.93000000,1.214
1749266208,1.15600000,104.37000000,1.214
1749266208,1.15500000,24.17000000,1.214
1749266208,1.15400000,64.43000000,1.214
1749266208,1.15300000,18.54000000,1.214
1749266208,1.15200000,8248.04000000,1.214
1749266208,1.15100000,19.04000000,1.214
1749266208,1.15000000,36.47000000,1.214
1749266208,1.14800000,75.91000000,1.214
1749266208,1.14700000,112.28000000,1.214
1749266208,1.14600000,35.85000000,1.214
1749266208,1.14500000,18.68000000,1.214
1749266208,1.14400000,9.85000000,1.214
1749266208,1.14300000,18.54000000,1.214
1749266208,1.14200000,1317.70000000,1.214
1749266208,1.14100000,10.74000000,1.214
1749266208,1.14000000,16498.96000000,1.214
1749266208,1.13900000,68.64000000,1.214
1749266208,1.13700000,22.72000000,1.214
1749266208,1.13600000,4.68000000,1.214
1749266208,1.13400000,26.71000000,1.214
1749266208,1.13300000,43.60000000,1.214
1749266208,1.13200000,12.00000000,1.214
1749266208,1.13000000,60.96000000,1.214
1749266208,1.12900000,69.94000000,1.214
1749266208,1.12700000,4.77000000,1.214
1749266208,1.12600000,24573.42000000,1.214
1749266208,1.12500000,29.74000000,1.214
1749266208,1.12400000,23.48000000,1.214
1749266208,1.12300000,18.54000000,1.214
1749266208,1.12100000,492.57000000,1.214
1749266208,1.12000000,27.17000000,1.214
1749266208,1.11900000,7.77000000,1.214
1749266208,1.11800000,761.74000000,1.214
1749266208,1.11700000,44.85000000,1.214
1749266208,1.11500000,4.89000000,1.214
1749266208,1.11400000,32990.08000000,1.214
1749266208,1.11300000,18.54000000,1.214
1749266208,1.11200000,146.13000000,1.214
1749266208,1.11100000,19.33000000,1.214
1749266208,1.11000000,1004.59000000,1.214
1749266208,1.10900000,15.41000000,1.214
1749266208,1.10800000,11.06000000,1.214
1749266208,1.10700000,16188.25000000,1.214
1749266208,1.10600000,55.31000000,1.214
1749266208,1.10400000,36.06000000,1.214
1749266208,1.10300000,59.42000000,1.214
1749266510,1.21200000,524.29000000,1.212
1749266510,1.21100000,276.37000000,1.212
1749266510,1.21000000,455.18000000,1.212
1749266510,1.20900000,1775.98000000,1.212
1749266510,1.20800000,582.57000000,1.212
1749266510,1.20700000,3882.94000000,1.212
1749266510,1.20600000,269.74000000,1.212
1749266510,1.20500000,1030.67000000,1.212
1749266510,1.20400000,1072.53000000,1.212
1749266510,1.20300000,977.70000000,1.212
1749266510,1.20200000,16758.78000000,1.212
1749266510,1.20100000,200.36000000,1.212
1749266510,1.20000000,2167.50000000,1.212
1749266510,1.19900000,398.93000000,1.212
1749266510,1.19800000,289.25000000,1.212
1749266510,1.19700000,6511.80000000,1.212
1749266510,1.19600000,9780.01000000,1.212
1749266510,1.19500000,2184.33000000,1.212
1749266510,1.19400000,5.87000000,1.212
1749266510,1.19300000,406.50000000,1.212
1749266510,1.19200000,187.42000000,1.212
1749266510,1.19100000,20.61000000,1.212
1749266510,1.19000000,1253.51000000,1.212
1749266510,1.18900000,27.76000000,1.212
1749266510,1.18700000,107.35000000,1.212
1749266510,1.18600000,9.71000000,1.212
1749266510,1.18500000,18.54000000,1.212
1749266510,1.18400000,56.22000000,1.212
1749266510,1.18300000,112.84000000,1.212
1749266510,1.18200000,18.17000000,1.212
1749266510,1.18100000,721.82000000,1.212
1749266510,1.18000000,76.68000000,1.212
1749266510,1.17900000,23.00000000,1.212
1749266510,1.17800000,11.35000000,1.212
1749266510,1.17700000,200.00000000,1.212
1749266510,1.17600000,272.72000000,1.212
1749266510,1.17500000,166.27000000,1.212
1749266510,1.17400000,53.38000000,1.212
1749266510,1.17300000,16.40000000,1.212
1749266510,1.17200000,95.17000000,1.212
1749266510,1.17100000,51.53000000,1.212
1749266510,1.17000000,6.32000000,1.212
1749266510,1.16800000,9.85000000,1.212
1749266510,1.16700000,348.13000000,1.212
1749266510,1.16600000,112.15000000,1.212
1749266510,1.16500000,1191.48000000,1.212
1749266510,1.16400000,28.39000000,1.212
1749266510,1.16300000,49.26000000,1.212
1749266510,1.16200000,36.90000000,1.212
1749266510,1.16000000,31.21000000,1.212
1749266510,1.15800000,18.54000000,1.212
1749266510,1.15700000,279.93000000,1.212
1749266510,1.15600000,104.37000000,1.212
1749266510,1.15500000,24.17000000,1.212
1749266510,1.15400000,64.43000000,1.212
1749266510,1.15300000,18.54000000,1.212
1749266510,1.15200000,8248.04000000,1.212
1749266510,1.15100000,19.04000000,1.212
1749266510,1.15000000,36.47000000,1.212
1749266510,1.14800000,75.91000000,1.212
1749266510,1.14700000,112.28000000,1.212
1749266510,1.14600000,35.85000000,1.212
1749266510,1.14500000,18.68000000,1.212
1749266510,1.14400000,9.85000000,1.212
1749266510,1.14300000,18.54000000,1.212
1749266510,1.14200000,1317.70000000,1.212
1749266510,1.14100000,10.74000000,1.212
1749266510,1.14000000,16498.96000000,1.212
1749266510,1.13900000,68.64000000,1.212
1749266510,1.13700000,22.72000000,1.212
1749266510,1.13600000,4.68000000,1.212
1749266510,1.13400000,26.71000000,1.212
1749266510,1.13300000,43.60000000,1.212
1749266510,1.13200000,12.00000000,1.212
1749266510,1.13000000,60.96000000,1.212
1749266510,1.12900000,69.94000000,1.212
1749266510,1.12700000,4.77000000,1.212
1749266510,1.12600000,24573.42000000,1.212
1749266510,1.12500000,29.74000000,1.212
1749266510,1.12400000,23.48000000,1.212
1749266510,1.12300000,18.54000000,1.212
1749266510,1.12100000,492.57000000,1.212
1749266510,1.12000000,27.17000000,1.212
1749266510,1.11900000,7.77000000,1.212
1749266510,1.11800000,761.74000000,1.212
1749266510,1.11700000,44.85000000,1.212
1749266510,1.11500000,4.89000000,1.212
1749266510,1.11400000,32990.08000000,1.212
1749266510,1.11300000,18.54000000,1.212
1749266510,1.11200000,146.13000000,1.212
1749266510,1.11100000,19.33000000,1.212
1749266510,1.11000000,1004.59000000,1.212
1749266510,1.10900000,15.41000000,1.212
1749266510,1.10800000,11.06000000,1.212
1749266510,1.10700000,16188.25000000,1.212
1749266510,1.10600000,55.31000000,1.212
1749266510,1.10400000,36.06000000,1.212
1749266510,1.10300000,59.42000000,1.212
1749266510,1.10000000,201.41000000,1.212
1749266510,1.09700000,17.07000000,1.212
1749266811,1.21400000,1198.77000000,1.215
1749266811,1.21300000,281.72000000,1.215
1749266811,1.21200000,1175.29000000,1.215
1749266811,1.21100000,2630.50000000,1.215
1749266811,1.21000000,5130.76000000,1.215
1749266811,1.20900000,3868.27000000,1.215
1749266811,1.20800000,221.08000000,1.215
1749266811,1.20700000,9314.14000000,1.215
1749266811,1.20600000,1119.54000000,1.215
1749266811,1.20500000,17427.79000000,1.215
1749266811,1.20400000,222.38000000,1.215
1749266811,1.20300000,126.15000000,1.215
1749266811,1.20200000,264.41000000,1.215
1749266811,1.20100000,440.50000000,1.215
1749266811,1.20000000,2167.50000000,1.215
1749266811,1.19900000,164.61000000,1.215
1749266811,1.19800000,6398.25000000,1.215
1749266811,1.19700000,29.79000000,1.215
1749266811,1.19600000,9780.01000000,1.215
1749266811,1.19500000,2184.33000000,1.215
1749266811,1.19400000,5.87000000,1.215
1749266811,1.19300000,406.50000000,1.215
1749266811,1.19200000,187.42000000,1.215
1749266811,1.19100000,20.61000000,1.215
1749266811,1.19000000,1253.51000000,1.215
1749266811,1.18900000,16389.04000000,1.215
1749266811,1.18700000,107.35000000,1.215
1749266811,1.18600000,9.71000000,1.215
1749266811,1.18500000,18.54000000,1.215
1749266811,1.18400000,56.22000000,1.215
1749266811,1.18300000,112.84000000,1.215
1749266811,1.18200000,18.17000000,1.215
1749266811,1.18100000,721.82000000,1.215
1749266811,1.18000000,76.68000000,1.215
1749266811,1.17900000,23.00000000,1.215
1749266811,1.17800000,11.35000000,1.215
1749266811,1.17700000,200.00000000,1.215
1749266811,1.17600000,272.72000000,1.215
1749266811,1.17500000,166.27000000,1.215
1749266811,1.17400000,53.38000000,1.215
1749266811,1.17300000,16.40000000,1.215
1749266811,1.17200000,95.17000000,1.215
1749266811,1.17100000,51.53000000,1.215
1749266811,1.17000000,6.32000000,1.215
1749266811,1.16800000,9.85000000,1.215
1749266811,1.16700000,348.13000000,1.215
1749266811,1.16600000,112.15000000,1.215
1749266811,1.16500000,17582.47000000,1.215
1749266811,1.16400000,28.39000000,1.215
1749266811,1.16300000,49.26000000,1.215
1749266811,1.16200000,36.90000000,1.215
1749266811,1.16000000,31.21000000,1.215
1749266811,1.15800000,18.54000000,1.215
1749266811,1.15700000,279.93000000,1.215
1749266811,1.15600000,104.37000000,1.215
1749266811,1.15500000,24.17000000,1.215
1749266811,1.15400000,64.43000000,1.215
1749266811,1.15300000,8300.44000000,1.215
1749266811,1.15200000,54.70000000,1.215
1749266811,1.15100000,19.04000000,1.215
1749266811,1.15000000,36.47000000,1.215
1749266811,1.14800000,75.91000000,1.215
1749266811,1.14700000,112.28000000,1.215
1749266811,1.14600000,35.85000000,1.215
1749266811,1.14500000,18.68000000,1.215
1749266811,1.14400000,9.85000000,1.215
1749266811,1.14300000,18.54000000,1.215
1749266811,1.14200000,1317.70000000,1.215
1749266811,1.14100000,10.74000000,1.215
1749266811,1.14000000,16498.96000000,1.215
1749266811,1.13900000,68.64000000,1.215
1749266811,1.13700000,22.72000000,1.215
1749266811,1.13600000,4.68000000,1.215
1749266811,1.13400000,26.71000000,1.215
1749266811,1.13300000,43.60000000,1.215
1749266811,1.13200000,12.00000000,1.215
1749266811,1.13000000,60.96000000,1.215
1749266811,1.12900000,69.94000000,1.215
1749266811,1.12700000,4.77000000,1.215
1749266811,1.12600000,24573.42000000,1.215
1749266811,1.12500000,29.74000000,1.215
1749266811,1.12400000,23.48000000,1.215
1749266811,1.12300000,18.54000000,1.215
1749266811,1.12100000,492.57000000,1.215
1749266811,1.12000000,27.17000000,1.215
1749266811,1.11900000,7.77000000,1.215
1749266811,1.11800000,761.74000000,1.215
1749266811,1.11700000,44.85000000,1.215
1749266811,1.11500000,4.89000000,1.215
1749266811,1.11400000,32990.08000000,1.215
1749266811,1.11300000,18.54000000,1.215
1749266811,1.11200000,146.13000000,1.215
1749266811,1.11100000,19.33000000,1.215
1749266811,1.11000000,1004.59000000,1.215
1749266811,1.10900000,15.41000000,1.215
1749266811,1.10800000,11.06000000,1.215
1749266811,1.10700000,16188.25000000,1.215
1749266811,1.10600000,55.31000000,1.215
1749266811,1.10400000,36.06000000,1.215
1749266811,1.10300000,59.42000000,1.215
1749267113,1.21300000,156.62000000,1.213
1749267113,1.21200000,312.52000000,1.213
1749267113,1.21100000,574.52000000,1.213
1749267113,1.21000000,3434.05000000,1.213
1749267113,1.20900000,5139.98000000,1.213
1749267113,1.20800000,3605.93000000,1.213
1749267113,1.20700000,477.12000000,1.213
1749267113,1.20600000,9296.90000000,1.213
1749267113,1.20500000,17427.79000000,1.213
1749267113,1.20400000,222.38000000,1.213
1749267113,1.20300000,126.15000000,1.213
1749267113,1.20200000,264.41000000,1.213
1749267113,1.20100000,307.51000000,1.213
1749267113,1.20000000,2060.27000000,1.213
1749267113,1.19900000,399.51000000,1.213
1749267113,1.19800000,6398.25000000,1.213
1749267113,1.19700000,29.79000000,1.213
1749267113,1.19600000,9780.01000000,1.213
1749267113,1.19500000,2184.33000000,1.213
1749267113,1.19400000,5.87000000,1.213
1749267113,1.19300000,406.50000000,1.213
1749267113,1.19200000,187.42000000,1.213
1749267113,1.19100000,20.61000000,1.213
1749267113,1.19000000,1253.51000000,1.213
1749267113,1.18900000,27.76000000,1.213
1749267113,1.18800000,16537.74000000,1.213
1749267113,1.18700000,107.35000000,1.213
1749267113,1.18600000,9.71000000,1.213
1749267113,1.18500000,18.54000000,1.213
1749267113,1.18400000,56.22000000,1.213
1749267113,1.18300000,112.84000000,1.213
1749267113,1.18200000,18.17000000,1.213
1749267113,1.18100000,721.82000000,1.213
1749267113,1.18000000,76.68000000,1.213
1749267113,1.17900000,23.00000000,1.213
1749267113,1.17800000,11.35000000,1.213
1749267113,1.17700000,200.00000000,1.213
1749267113,1.17600000,272.72000000,1.213
1749267113,1.17500000,166.27000000,1.213
1749267113,1.17400000,53.38000000,1.213
1749267113,1.17300000,16.40000000,1.213
1749267113,1.17200000,95.17000000,1.213
1749267113,1.17100000,51.53000000,1.213
1749267113,1.17000000,6.32000000,1.213
1749267113,1.16800000,9.85000000,1.213
1749267113,1.16700000,348.13000000,1.213
1749267113,1.16600000,112.15000000,1.213
1749267113,1.16500000,1191.48000000,1.213
1749267113,1.16400000,16465.92000000,1.213
1749267113,1.16300000,49.26000000,1.213
1749267113,1.16200000,36.90000000,1.213
1749267113,1.16000000,31.21000000,1.213
1749267113,1.15800000,18.54000000,1.213
1749267113,1.15700000,279.93000000,1.213
1749267113,1.15600000,104.37000000,1.213
1749267113,1.15500000,24.17000000,1.213
1749267113,1.15400000,64.43000000,1.213
1749267113,1.15300000,18.54000000,1.213
1749267113,1.15200000,54.70000000,1.213
1749267113,1.15100000,8232.76000000,1.213
1749267113,1.15000000,36.47000000,1.213
1749267113,1.14800000,75.91000000,1.213
1749267113,1.14700000,112.28000000,1.213
1749267113,1.14600000,35.85000000,1.213
1749267113,1.14500000,18.68000000,1.213
1749267113,1.14400000,9.85000000,1.213
1749267113,1.14300000,18.54000000,1.213
1749267113,1.14200000,1317.70000000,1.213
1749267113,1.14100000,10.74000000,1.213
1749267113,1.14000000,16498.96000000,1.213
1749267113,1.13900000,68.64000000,1.213
1749267113,1.13700000,22.72000000,1.213
1749267113,1.13600000,4.68000000,1.213
1749267113,1.13400000,26.71000000,1.213
1749267113,1.13300000,43.60000000,1.213
1749267113,1.13200000,12.00000000,1.213
1749267113,1.13000000,60.96000000,1.213
1749267113,1.12900000,69.94000000,1.213
1749267113,1.12700000,4.77000000,1.213
1749267113,1.12600000,24573.42000000,1.213
1749267113,1.12500000,29.74000000,1.213
1749267113,1.12400000,23.48000000,1.213
1749267113,1.12300000,18.54000000,1.213
1749267113,1.12100000,492.57000000,1.213
1749267113,1.12000000,27.17000000,1.213
1749267113,1.11900000,7.77000000,1.213
1749267113,1.11800000,761.74000000,1.213
1749267113,1.11700000,44.85000000,1.213
1749267113,1.11500000,4.89000000,1.213
1749267113,1.11400000,32990.08000000,1.213
1749267113,1.11300000,18.54000000,1.213
1749267113,1.11200000,146.13000000,1.213
1749267113,1.11100000,19.33000000,1.213
1749267113,1.11000000,1004.59000000,1.213
1749267113,1.10900000,15.41000000,1.213
1749267113,1.10800000,11.06000000,1.213
1749267113,1.10700000,16188.25000000,1.213
1749267113,1.10600000,55.31000000,1.213
1749267113,1.10400000,36.06000000,1.213
1749267113,1.10300000,59.42000000,1.213
1749267414,1.21200000,594.83000000,1.213
1749267414,1.21100000,1118.12000000,1.213
1749267414,1.21000000,2635.79000000,1.213
1749267414,1.20900000,5191.62000000,1.213
1749267414,1.20800000,3605.93000000,1.213
1749267414,1.20700000,477.12000000,1.213
1749267414,1.20600000,9397.92000000,1.213
1749267414,1.20500000,17427.79000000,1.213
1749267414,1.20400000,222.38000000,1.213
1749267414,1.20300000,126.15000000,1.213
1749267414,1.20200000,264.41000000,1.213
1749267414,1.20100000,307.51000000,1.213
1749267414,1.20000000,2060.27000000,1.213
1749267414,1.19900000,399.51000000,1.213
1749267414,1.19800000,6398.25000000,1.213
1749267414,1.19700000,29.79000000,1.213
1749267414,1.19600000,9780.01000000,1.213
1749267414,1.19500000,2184.33000000,1.213
1749267414,1.19400000,5.87000000,1.213
1749267414,1.19300000,406.50000000,1.213
1749267414,1.19200000,187.42000000,1.213
1749267414,1.19100000,20.61000000,1.213
1749267414,1.19000000,1253.51000000,1.213
1749267414,1.18900000,27.76000000,1.213
1749267414,1.18700000,16472.36000000,1.213
1749267414,1.18600000,9.71000000,1.213
1749267414,1.18500000,18.54000000,1.213
1749267414,1.18400000,56.22000000,1.213
1749267414,1.18300000,112.84000000,1.213
1749267414,1.18200000,18.17000000,1.213
1749267414,1.18100000,721.82000000,1.213
1749267414,1.18000000,76.68000000,1.213
1749267414,1.17900000,23.00000000,1.213
1749267414,1.17800000,11.35000000,1.213
1749267414,1.17700000,200.00000000,1.213
1749267414,1.17600000,272.72000000,1.213
1749267414,1.17500000,166.27000000,1.213
1749267414,1.17400000,53.38000000,1.213
1749267414,1.17300000,16.40000000,1.213
1749267414,1.17200000,95.17000000,1.213
1749267414,1.17100000,51.53000000,1.213
1749267414,1.17000000,6.32000000,1.213
1749267414,1.16800000,9.85000000,1.213
1749267414,1.16700000,348.13000000,1.213
1749267414,1.16600000,112.15000000,1.213
1749267414,1.16500000,1191.48000000,1.213
1749267414,1.16400000,28.39000000,1.213
1749267414,1.16300000,16674.03000000,1.213
1749267414,1.16200000,36.90000000,1.213
1749267414,1.16000000,31.21000000,1.213
1749267414,1.15800000,18.54000000,1.213
1749267414,1.15700000,279.93000000,1.213
1749267414,1.15600000,104.37000000,1.213
1749267414,1.15500000,24.17000000,1.213
1749267414,1.15400000,64.43000000,1.213
1749267414,1.15300000,18.54000000,1.213
1749267414,1.15200000,54.70000000,1.213
1749267414,1.15100000,8232.76000000,1.213
1749267414,1.15000000,36.47000000,1.213
1749267414,1.14800000,75.91000000,1.213
1749267414,1.14700000,112.28000000,1.213
1749267414,1.14600000,35.85000000,1.213
1749267414,1.14500000,18.68000000,1.213
1749267414,1.14400000,9.85000000,1.213
1749267414,1.14300000,18.54000000,1.213
1749267414,1.14200000,1317.70000000,1.213
1749267414,1.14100000,10.74000000,1.213
1749267414,1.14000000,16498.96000000,1.213
1749267414,1.13900000,68.64000000,1.213
1749267414,1.13700000,22.72000000,1.213
1749267414,1.13600000,4.68000000,1.213
1749267414,1.13400000,26.71000000,1.213
1749267414,1.13300000,43.60000000,1.213
1749267414,1.13200000,12.00000000,1.213
1749267414,1.13000000,60.96000000,1.213
1749267414,1.12900000,69.94000000,1.213
1749267414,1.12700000,4.77000000,1.213
1749267414,1.12600000,24573.42000000,1.213
1749267414,1.12500000,29.74000000,1.213
1749267414,1.12400000,23.48000000,1.213
1749267414,1.12300000,18.54000000,1.213
1749267414,1.12100000,492.57000000,1.213
1749267414,1.12000000,27.17000000,1.213
1749267414,1.11900000,7.77000000,1.213
1749267414,1.11800000,761.74000000,1.213
1749267414,1.11700000,44.85000000,1.213
1749267414,1.11500000,4.89000000,1.213
1749267414,1.11400000,32990.08000000,1.213
1749267414,1.11300000,18.54000000,1.213
1749267414,1.11200000,146.13000000,1.213
1749267414,1.11100000,19.33000000,1.213
1749267414,1.11000000,1004.59000000,1.213
1749267414,1.10900000,15.41000000,1.213
1749267414,1.10800000,11.06000000,1.213
1749267414,1.10700000,16188.25000000,1.213
1749267414,1.10600000,55.31000000,1.213
1749267414,1.10400000,36.06000000,1.213
1749267414,1.10300000,59.42000000,1.213
1749267414,1.10000000,201.41000000,1.213
1749267414,1.09700000,17.07000000,1.213
1749267716,1.21300000,240.34000000,1.213
1749267716,1.21200000,177.59000000,1.213
1749267716,1.21100000,652.99000000,1.213
1749267716,1.21000000,4438.35000000,1.213
1749267716,1.20900000,5216.70000000,1.213
1749267716,1.20800000,3606.21000000,1.213
1749267716,1.20700000,213.45000000,1.213
1749267716,1.20600000,9277.00000000,1.213
1749267716,1.20500000,17427.79000000,1.213
1749267716,1.20400000,222.38000000,1.213
1749267716,1.20300000,126.15000000,1.213
1749267716,1.20200000,264.41000000,1.213
1749267716,1.20100000,200.36000000,1.213
1749267716,1.20000000,2060.27000000,1.213
1749267716,1.19900000,399.51000000,1.213
1749267716,1.19800000,6505.64000000,1.213
1749267716,1.19700000,29.79000000,1.213
1749267716,1.19600000,9780.01000000,1.213
1749267716,1.19500000,2184.33000000,1.213
1749267716,1.19400000,5.87000000,1.213
1749267716,1.19300000,406.50000000,1.213
1749267716,1.19200000,187.42000000,1.213
1749267716,1.19100000,20.61000000,1.213
1749267716,1.19000000,1253.51000000,1.213
1749267716,1.18900000,27.76000000,1.213
1749267716,1.18800000,16349.29000000,1.213
1749267716,1.18700000,107.35000000,1.213
1749267716,1.18600000,9.71000000,1.213
1749267716,1.18500000,18.54000000,1.213
1749267716,1.18400000,56.22000000,1.213
1749267716,1.18300000,112.84000000,1.213
1749267716,1.18200000,18.17000000,1.213
1749267716,1.18100000,721.82000000,1.213
1749267716,1.18000000,76.68000000,1.213
1749267716,1.17900000,23.00000000,1.213
1749267716,1.17800000,11.35000000,1.213
1749267716,1.17700000,200.00000000,1.213
1749267716,1.17600000,272.72000000,1.213
1749267716,1.17500000,166.27000000,1.213
1749267716,1.17400000,53.38000000,1.213
1749267716,1.17300000,16.40000000,1.213
1749267716,1.17200000,95.17000000,1.213
1749267716,1.17100000,51.53000000,1.213
1749267716,1.17000000,6.32000000,1.213
1749267716,1.16800000,9.85000000,1.213
1749267716,1.16700000,348.13000000,1.213
1749267716,1.16600000,112.15000000,1.213
1749267716,1.16500000,1191.48000000,1.213
1749267716,1.16400000,16467.83000000,1.213
1749267716,1.16300000,49.26000000,1.213
1749267716,1.16200000,36.90000000,1.213
1749267716,1.16000000,31.21000000,1.213
1749267716,1.15800000,18.54000000,1.213
1749267716,1.15700000,279.93000000,1.213
1749267716,1.15600000,104.37000000,1.213
1749267716,1.15500000,24.17000000,1.213
1749267716,1.15400000,64.43000000,1.213
1749267716,1.15300000,18.54000000,1.213
1749267716,1.15200000,54.70000000,1.213
1749267716,1.15100000,8232.76000000,1.213
1749267716,1.15000000,36.47000000,1.213
1749267716,1.14800000,75.91000000,1.213
1749267716,1.14700000,112.28000000,1.213
1749267716,1.14600000,35.85000000,1.213
1749267716,1.14500000,18.68000000,1.213
1749267716,1.14400000,9.85000000,1.213
1749267716,1.14300000,18.54000000,1.213
1749267716,1.14200000,1317.70000000,1.213
1749267716,1.14100000,10.74000000,1.213
1749267716,1.14000000,16498.96000000,1.213
1749267716,1.13900000,68.64000000,1.213
1749267716,1.13700000,22.72000000,1.213
1749267716,1.13600000,4.68000000,1.213
1749267716,1.13400000,26.71000000,1.213
1749267716,1.13300000,43.60000000,1.213
1749267716,1.13200000,12.00000000,1.213
1749267716,1.13000000,60.96000000,1.213
1749267716,1.12900000,69.94000000,1.213
1749267716,1.12700000,4.77000000,1.213
1749267716,1.12600000,24573.42000000,1.213
1749267716,1.12500000,29.74000000,1.213
1749267716,1.12400000,23.48000000,1.213
1749267716,1.12300000,18.54000000,1.213
1749267716,1.12100000,492.57000000,1.213
1749267716,1.12000000,27.17000000,1.213
1749267716,1.11900000,7.77000000,1.213
1749267716,1.11800000,761.74000000,1.213
1749267716,1.11700000,44.85000000,1.213
1749267716,1.11500000,4.89000000,1.213
1749267716,1.11400000,32990.08000000,1.213
1749267716,1.11300000,18.54000000,1.213
1749267716,1.11200000,146.13000000,1.213
1749267716,1.11100000,19.33000000,1.213
1749267716,1.11000000,1004.59000000,1.213
1749267716,1.10900000,15.41000000,1.213
1749267716,1.10800000,11.06000000,1.213
1749267716,1.10700000,16188.25000000,1.213
1749267716,1.10600000,55.31000000,1.213
1749267716,1.10400000,36.06000000,1.213
1749267716,1.10300000,59.42000000,1.213
1749268017,1.21300000,458.92000000,1.214
1749268017,1.21200000,682.10000000,1.214
1749268017,1.21100000,2603.12000000,1.214
1749268017,1.21000000,5198.92000000,1.214
