timestamp,price,volume,current_price
1749254555,1.21000000,396.23000000,1.211
1749254555,1.20900000,345.03000000,1.211
1749254555,1.20800000,680.43000000,1.211
1749254555,1.20700000,2513.61000000,1.211
1749254555,1.20600000,2552.43000000,1.211
1749254555,1.20500000,1951.39000000,1.211
1749254555,1.20400000,5162.40000000,1.211
1749254555,1.20300000,10850.76000000,1.211
1749254555,1.20200000,63.99000000,1.211
1749254555,1.20100000,2034.31000000,1.211
1749254555,1.20000000,110.18000000,1.211
1749254555,1.19900000,98.19000000,1.211
1749254555,1.19800000,16673.28000000,1.211
1749254555,1.19700000,235.11000000,1.211
1749254555,1.19600000,14075.51000000,1.211
1749254555,1.19500000,2238.28000000,1.211
1749254555,1.19400000,5.87000000,1.211
1749254555,1.19300000,406.50000000,1.211
1749254555,1.19200000,7.77000000,1.211
1749254555,1.19100000,16.41000000,1.211
1749254555,1.19000000,434.60000000,1.211
1749254555,1.18900000,27.76000000,1.211
1749254555,1.18800000,4.21000000,1.211
1749254555,1.18700000,103.12000000,1.211
1749254555,1.18600000,9.71000000,1.211
1749254555,1.18500000,16547.64000000,1.211
1749254555,1.18400000,60.46000000,1.211
1749254555,1.18300000,108.58000000,1.211
1749254555,1.18200000,18.17000000,1.211
1749254555,1.18100000,721.82000000,1.211
1749254555,1.18000000,80.95000000,1.211
1749254555,1.17900000,18.71000000,1.211
1749254555,1.17800000,11.35000000,1.211
1749254555,1.17700000,200.00000000,1.211
1749254555,1.17600000,277.02000000,1.211
1749254555,1.17500000,161.95000000,1.211
1749254555,1.17400000,53.38000000,1.211
1749254555,1.17300000,353.30000000,1.211
1749254555,1.17200000,99.50000000,1.211
1749254555,1.17100000,47.18000000,1.211
1749254555,1.17000000,6.32000000,1.211
1749254555,1.16800000,14.21000000,1.211
1749254555,1.16700000,12.00000000,1.211
1749254555,1.16600000,112.15000000,1.211
1749254555,1.16500000,1191.48000000,1.211
1749254555,1.16400000,32.78000000,1.211
1749254555,1.16300000,44.85000000,1.211
1749254555,1.16200000,36.90000000,1.211
1749254555,1.16100000,4.41000000,1.211
1749254555,1.16000000,16403.99000000,1.211
1749254555,1.15800000,22.98000000,1.211
1749254555,1.15700000,275.46000000,1.211
1749254555,1.15600000,104.37000000,1.211
1749254555,1.15500000,28.64000000,1.211
1749254555,1.15400000,59.93000000,1.211
1749254555,1.15300000,18.54000000,1.211
1749254555,1.15200000,59.20000000,1.211
1749254555,1.15100000,14.51000000,1.211
1749254555,1.15000000,36.47000000,1.211
1749254555,1.14900000,4.53000000,1.211
1749254555,1.14800000,8345.81000000,1.211
1749254555,1.14700000,112.28000000,1.211
1749254555,1.14600000,40.41000000,1.211
1749254555,1.14500000,14.09000000,1.211
1749254555,1.14400000,9.85000000,1.211
1749254555,1.14300000,23.13000000,1.211
1749254555,1.14200000,1313.08000000,1.211
1749254555,1.14100000,10.74000000,1.211
1749254555,1.14000000,63.72000000,1.211
1749254555,1.13900000,63.99000000,1.211
1749254555,1.13700000,27.37000000,1.211
1749254555,1.13500000,16641.17000000,1.211
1749254555,1.13400000,31.39000000,1.211
1749254555,1.13300000,38.89000000,1.211
1749254555,1.13200000,12.00000000,1.211
1749254555,1.13100000,4.71000000,1.211
1749254555,1.13000000,56.22000000,1.211
1749254555,1.12900000,69.94000000,1.211
1749254555,1.12800000,4.74000000,1.211
1749254555,1.12600000,24540.86000000,1.211
1749254555,1.12500000,34.51000000,1.211
1749254555,1.12400000,18.68000000,1.211
1749254555,1.12300000,18.54000000,1.211
1749254555,1.12200000,4.80000000,1.211
1749254555,1.12100000,487.74000000,1.211
1749254555,1.12000000,27.17000000,1.211
1749254555,1.11900000,12.60000000,1.211
1749254555,1.11800000,756.88000000,1.211
1749254555,1.11700000,44.85000000,1.211
1749254555,1.11600000,4.86000000,1.211
1749254555,1.11500000,33020.59000000,1.211
1749254555,1.11300000,23.43000000,1.211
1749254555,1.11200000,141.21000000,1.211
1749254555,1.11100000,19.33000000,1.211
1749254555,1.11000000,1009.51000000,1.211
1749254555,1.10900000,10.46000000,1.211
1749254555,1.10800000,11.06000000,1.211
1749254555,1.10700000,16193.20000000,1.211
1749254555,1.10600000,50.33000000,1.211
1749254555,1.10400000,41.04000000,1.211
1749254856,1.20700000,546.24000000,1.208
1749254856,1.20600000,797.84000000,1.208
1749254856,1.20500000,1767.07000000,1.208
1749254856,1.20400000,924.90000000,1.208
1749254856,1.20300000,2670.08000000,1.208
1749254856,1.20200000,5058.49000000,1.208
1749254856,1.20100000,1711.86000000,1.208
1749254856,1.20000000,2269.68000000,1.208
1749254856,1.19900000,9582.14000000,1.208
1749254856,1.19800000,256.89000000,1.208
1749254856,1.19700000,1053.24000000,1.208
1749254856,1.19600000,32742.82000000,1.208
1749254856,1.19500000,2300.38000000,1.208
1749254856,1.19400000,5.87000000,1.208
1749254856,1.19300000,623.32000000,1.208
1749254856,1.19200000,7.77000000,1.208
1749254856,1.19100000,16.41000000,1.208
1749254856,1.19000000,447.18000000,1.208
1749254856,1.18900000,27.76000000,1.208
1749254856,1.18800000,4.21000000,1.208
1749254856,1.18700000,103.12000000,1.208
1749254856,1.18600000,9.71000000,1.208
1749254856,1.18500000,18.54000000,1.208
1749254856,1.18400000,60.46000000,1.208
1749254856,1.18300000,108.58000000,1.208
1749254856,1.18200000,18.17000000,1.208
1749254856,1.18100000,17118.54000000,1.208
1749254856,1.18000000,80.95000000,1.208
1749254856,1.17900000,68.67000000,1.208
1749254856,1.17800000,11.35000000,1.208
1749254856,1.17700000,200.00000000,1.208
1749254856,1.17600000,277.02000000,1.208
1749254856,1.17500000,161.95000000,1.208
1749254856,1.17400000,53.38000000,1.208
1749254856,1.17300000,353.30000000,1.208
1749254856,1.17200000,99.50000000,1.208
1749254856,1.17100000,47.18000000,1.208
1749254856,1.17000000,6.32000000,1.208
1749254856,1.16800000,14.21000000,1.208
1749254856,1.16700000,12.00000000,1.208
1749254856,1.16600000,112.15000000,1.208
1749254856,1.16500000,1191.48000000,1.208
1749254856,1.16400000,32.78000000,1.208
1749254856,1.16300000,44.85000000,1.208
1749254856,1.16200000,36.90000000,1.208
1749254856,1.16100000,4.41000000,1.208
1749254856,1.16000000,26.77000000,1.208
1749254856,1.15800000,22.98000000,1.208
1749254856,1.15700000,16656.05000000,1.208
1749254856,1.15600000,104.37000000,1.208
1749254856,1.15500000,28.64000000,1.208
1749254856,1.15400000,59.93000000,1.208
1749254856,1.15300000,18.54000000,1.208
1749254856,1.15200000,59.20000000,1.208
1749254856,1.15100000,14.51000000,1.208
1749254856,1.15000000,36.47000000,1.208
1749254856,1.14900000,4.53000000,1.208
1749254856,1.14800000,71.35000000,1.208
1749254856,1.14700000,112.28000000,1.208
1749254856,1.14600000,40.41000000,1.208
1749254856,1.14500000,8286.57000000,1.208
1749254856,1.14400000,9.85000000,1.208
1749254856,1.14300000,23.13000000,1.208
1749254856,1.14200000,1313.08000000,1.208
1749254856,1.14100000,10.74000000,1.208
1749254856,1.14000000,63.72000000,1.208
1749254856,1.13900000,63.99000000,1.208
1749254856,1.13700000,27.37000000,1.208
1749254856,1.13400000,31.39000000,1.208
1749254856,1.13300000,16462.96000000,1.208
1749254856,1.13200000,12.00000000,1.208
1749254856,1.13100000,4.71000000,1.208
1749254856,1.13000000,56.22000000,1.208
1749254856,1.12900000,69.94000000,1.208
1749254856,1.12800000,4.74000000,1.208
1749254856,1.12600000,19.07000000,1.208
1749254856,1.12500000,34.51000000,1.208
1749254856,1.12400000,18.68000000,1.208
1749254856,1.12300000,18.54000000,1.208
1749254856,1.12200000,4.80000000,1.208
1749254856,1.12100000,25307.40000000,1.208
1749254856,1.12000000,27.17000000,1.208
1749254856,1.11900000,12.60000000,1.208
1749254856,1.11800000,756.88000000,1.208
1749254856,1.11700000,44.85000000,1.208
1749254856,1.11600000,4.86000000,1.208
1749254856,1.11300000,23.43000000,1.208
1749254856,1.11200000,141.21000000,1.208
1749254856,1.11100000,19.33000000,1.208
1749254856,1.11000000,1009.51000000,1.208
1749254856,1.10900000,33393.68000000,1.208
1749254856,1.10800000,11.06000000,1.208
1749254856,1.10700000,16193.20000000,1.208
1749254856,1.10600000,50.33000000,1.208
1749254856,1.10400000,41.04000000,1.208
1749254856,1.10300000,54.41000000,1.208
1749254856,1.10100000,5.01000000,1.208
1749254856,1.10000000,287.27000000,1.208
1749254856,1.09800000,5.04000000,1.208
1749254856,1.09700000,12.00000000,1.208
