timestamp,price,volume,current_price
1749260843,0.00213400,2366278.00,0.002134
1749260843,0.00213300,1522619.00,0.002134
1749260843,0.00213200,3930236.00,0.002134
1749260843,0.00213100,4318670.00,0.002134
1749260843,0.00213000,4529621.00,0.002134
1749260843,0.00212900,2164070.00,0.002134
1749260843,0.00212800,4524193.00,0.002134
1749260843,0.00212700,893021.00,0.002134
1749260843,0.00212600,764248.00,0.002134
1749260843,0.00212500,2366832.00,0.002134
1749260843,0.00212400,435290.00,0.002134
1749260843,0.00212300,444644.00,0.002134
1749260843,0.00212200,3588143.00,0.002134
1749260843,0.00212100,917194.00,0.002134
1749260843,0.00212000,1225716.00,0.002134
1749260843,0.00211900,4041608.00,0.002134
1749260843,0.00211800,1004493.00,0.002134
1749260843,0.00211700,502374.00,0.002134
1749260843,0.00211600,444801.00,0.002134
1749260843,0.00211500,3015560.00,0.002134
1749260843,0.00211400,586317.00,0.002134
1749260843,0.00211300,548184.00,0.002134
1749260843,0.00211200,441140.00,0.002134
1749260843,0.00211100,1008656.00,0.002134
1749260843,0.00211000,327130.00,0.002134
1749260843,0.00210900,438611.00,0.002134
1749260843,0.00210800,473659.00,0.002134
1749260843,0.00210700,1231545.00,0.002134
1749260843,0.00210600,211291.00,0.002134
1749260843,0.00210500,366611.00,0.002134
1749260843,0.00210400,163900.00,0.002134
1749260843,0.00210300,163948.00,0.002134
1749260843,0.00210200,161286.00,0.002134
1749260843,0.00210100,8290.00,0.002134
1749260843,0.00210000,6866942.00,0.002134
1749260843,0.00209900,18449.00,0.002134
1749260843,0.00209800,4029351.00,0.002134
1749260843,0.00209700,389255.00,0.002134
1749260843,0.00209600,12582.00,0.002134
1749260843,0.00209500,28534.00,0.002134
1749260843,0.00209400,6723000.00,0.002134
1749260843,0.00209300,298001.00,0.002134
1749260843,0.00209200,7347.00,0.002134
1749260843,0.00209100,220480.00,0.002134
1749260843,0.00209000,836603.00,0.002134
1749260843,0.00208900,12707.00,0.002134
1749260843,0.00208800,20746.00,0.002134
1749260843,0.00208700,4717.00,0.002134
1749260843,0.00208600,9323.00,0.002134
1749260843,0.00208500,4717.00,0.002134
1749260843,0.00208400,4717.00,0.002134
1749260843,0.00208300,42534.00,0.002134
1749260843,0.00208200,803794.00,0.002134
1749260843,0.00208100,92985.00,0.002134
1749260843,0.00208000,111494.00,0.002134
1749260843,0.00207900,115375.00,0.002134
1749260843,0.00207800,4717.00,0.002134
1749260843,0.00207700,4717.00,0.002134
1749260843,0.00207600,4717.00,0.002134
1749260843,0.00207500,4717.00,0.002134
1749260843,0.00207400,7232.00,0.002134
1749260843,0.00207300,4717.00,0.002134
1749260843,0.00207200,7382.00,0.002134
1749260843,0.00207100,4717.00,0.002134
1749260843,0.00207000,103529.00,0.002134
1749260843,0.00206900,4659.00,0.002134
1749260843,0.00206800,195655.00,0.002134
1749260843,0.00206700,7178.00,0.002134
1749260843,0.00206600,775285.00,0.002134
1749260843,0.00206500,15532.00,0.002134
1749260843,0.00206400,4670.00,0.002134
1749260843,0.00206300,4672.00,0.002134
1749260843,0.00206200,12017.00,0.002134
1749260843,0.00206100,4676.00,0.002134
1749260843,0.00206000,4678.00,0.002134
1749260843,0.00205900,58109.00,0.002134
1749260843,0.00205800,10352.00,0.002134
1749260843,0.00205700,43461.00,0.002134
1749260843,0.00205600,100080.00,0.002134
1749260843,0.00205500,17257.00,0.002134
1749260843,0.00205400,538869.00,0.002134
1749260843,0.00205300,2645.00,0.002134
1749260843,0.00205200,5438.00,0.002134
1749260843,0.00205100,12544.00,0.002134
1749260843,0.00205000,907263.00,0.002134
1749260843,0.00204700,5131.00,0.002134
1749260843,0.00204600,2781.00,0.002134
1749260843,0.00204500,29312.00,0.002134
1749260843,0.00204400,2515.00,0.002134
1749260843,0.00204200,17583.00,0.002134
1749260843,0.00204100,2664.00,0.002134
1749260843,0.00203900,10754.00,0.002134
1749260843,0.00203800,10453.00,0.002134
1749260843,0.00203700,2515.00,0.002134
1749260843,0.00203200,37817.00,0.002134
1749260843,0.00203000,4764.00,0.002134
1749260843,0.00202900,6709.00,0.002134
1749260843,0.00202600,2645.00,0.002134
1749260843,0.00202300,2781.00,0.002134
1749260843,0.00202200,2515.00,0.002134
1749261169,0.00213300,178242.00,0.002134
1749261169,0.00213200,1637609.00,0.002134
1749261169,0.00213100,4709438.00,0.002134
1749261169,0.00213000,5358423.00,0.002134
1749261169,0.00212900,6814424.00,0.002134
1749261169,0.00212800,7281772.00,0.002134
1749261169,0.00212700,4649035.00,0.002134
1749261169,0.00212600,5331269.00,0.002134
1749261169,0.00212500,2141435.00,0.002134
1749261169,0.00212400,545259.00,0.002134
1749261169,0.00212300,3500636.00,0.002134
1749261169,0.00212200,1462780.00,0.002134
1749261169,0.00212100,832025.00,0.002134
1749261169,0.00212000,3365093.00,0.002134
1749261169,0.00211900,4184457.00,0.002134
1749261169,0.00211800,1000970.00,0.002134
1749261169,0.00211700,438647.00,0.002134
1749261169,0.00211600,877513.00,0.002134
1749261169,0.00211500,3010348.00,0.002134
1749261169,0.00211400,582786.00,0.002134
1749261169,0.00211300,3393220.00,0.002134
1749261169,0.00211200,1203271.00,0.002134
1749261169,0.00211100,1008656.00,0.002134
1749261169,0.00211000,340737.00,0.002134
1749261169,0.00210900,391336.00,0.002134
1749261169,0.00210800,426384.00,0.002134
1749261169,0.00210700,420174.00,0.002134
1749261169,0.00210600,163949.00,0.002134
1749261169,0.00210500,163823.00,0.002134
1749261169,0.00210400,163900.00,0.002134
1749261169,0.00210300,305628.00,0.002134
1749261169,0.00210200,8286.00,0.002134
1749261169,0.00210100,161290.00,0.002134
1749261169,0.00210000,1015622.00,0.002134
1749261169,0.00209900,18449.00,0.002134
1749261169,0.00209800,2653528.00,0.002134
1749261169,0.00209700,927862.00,0.002134
1749261169,0.00209600,12582.00,0.002134
1749261169,0.00209500,181534.00,0.002134
1749261169,0.00209400,11692.00,0.002134
1749261169,0.00209300,451001.00,0.002134
1749261169,0.00209200,7347.00,0.002134
1749261169,0.00209100,373480.00,0.002134
1749261169,0.00209000,66450.00,0.002134
1749261169,0.00208900,12707.00,0.002134
1749261169,0.00208800,18106.00,0.002134
1749261169,0.00208700,4717.00,0.002134
1749261169,0.00208600,9323.00,0.002134
1749261169,0.00208500,4717.00,0.002134
1749261169,0.00208400,4717.00,0.002134
1749261169,0.00208300,42534.00,0.002134
1749261169,0.00208200,803794.00,0.002134
1749261169,0.00208100,92985.00,0.002134
1749261169,0.00208000,111494.00,0.002134
1749261169,0.00207900,115375.00,0.002134
1749261169,0.00207800,4717.00,0.002134
1749261169,0.00207700,4717.00,0.002134
1749261169,0.00207600,4717.00,0.002134
1749261169,0.00207500,4717.00,0.002134
1749261169,0.00207400,7232.00,0.002134
1749261169,0.00207300,4717.00,0.002134
1749261169,0.00207200,7382.00,0.002134
1749261169,0.00207100,4717.00,0.002134
1749261169,0.00207000,103529.00,0.002134
1749261169,0.00206900,4659.00,0.002134
1749261169,0.00206800,195655.00,0.002134
1749261169,0.00206700,7178.00,0.002134
1749261169,0.00206600,775285.00,0.002134
1749261169,0.00206500,15532.00,0.002134
1749261169,0.00206400,4670.00,0.002134
1749261169,0.00206300,4672.00,0.002134
1749261169,0.00206200,12017.00,0.002134
1749261169,0.00206100,4676.00,0.002134
1749261169,0.00206000,4678.00,0.002134
1749261169,0.00205900,58109.00,0.002134
1749261169,0.00205800,15035.00,0.002134
1749261169,0.00205700,43461.00,0.002134
1749261169,0.00205600,100080.00,0.002134
1749261169,0.00205500,17257.00,0.002134
1749261169,0.00205400,538869.00,0.002134
1749261169,0.00205300,2645.00,0.002134
1749261169,0.00205200,5438.00,0.002134
1749261169,0.00205100,12544.00,0.002134
1749261169,0.00205000,907263.00,0.002134
1749261169,0.00204700,5131.00,0.002134
1749261169,0.00204600,2781.00,0.002134
1749261169,0.00204500,29312.00,0.002134
1749261169,0.00204400,2515.00,0.002134
1749261169,0.00204200,17583.00,0.002134
1749261169,0.00204100,2664.00,0.002134
1749261169,0.00203900,10754.00,0.002134
1749261169,0.00203800,10453.00,0.002134
1749261169,0.00203700,2515.00,0.002134
1749261169,0.00203200,37817.00,0.002134
1749261169,0.00203000,4764.00,0.002134
1749261169,0.00202900,6709.00,0.002134
1749261169,0.00202600,2645.00,0.002134
1749261169,0.00202300,2781.00,0.002134
1749261169,0.00202200,2515.00,0.002134
1749261169,0.00202100,7222.00,0.002134
1749261484,0.00213400,1879177.00,0.002135
1749261484,0.00213300,3870756.00,0.002135
1749261484,0.00213200,3638632.00,0.002135
1749261484,0.00213100,3850422.00,0.002135
1749261484,0.00213000,5444495.00,0.002135
1749261484,0.00212900,8527731.00,0.002135
1749261484,0.00212800,6573527.00,0.002135
1749261484,0.00212700,1272580.00,0.002135
1749261484,0.00212600,5899697.00,0.002135
1749261484,0.00212500,1925733.00,0.002135
1749261484,0.00212400,545263.00,0.002135
1749261484,0.00212300,4297669.00,0.002135
1749261484,0.00212200,1750331.00,0.002135
1749261484,0.00212100,3428205.00,0.002135
1749261484,0.00212000,554798.00,0.002135
1749261484,0.00211900,448677.00,0.002135
1749261484,0.00211800,1000970.00,0.002135
1749261484,0.00211700,438647.00,0.002135
1749261484,0.00211600,877513.00,0.002135
1749261484,0.00211500,3010348.00,0.002135
1749261484,0.00211400,582786.00,0.002135
1749261484,0.00211300,3393220.00,0.002135
1749261484,0.00211200,441140.00,0.002135
1749261484,0.00211100,1008656.00,0.002135
1749261484,0.00211000,340737.00,0.002135
1749261484,0.00210900,391336.00,0.002135
1749261484,0.00210800,426384.00,0.002135
1749261484,0.00210700,1184113.00,0.002135
1749261484,0.00210600,163949.00,0.002135
1749261484,0.00210500,163823.00,0.002135
1749261484,0.00210400,305510.00,0.002135
1749261484,0.00210300,163948.00,0.002135
1749261484,0.00210200,8286.00,0.002135
1749261484,0.00210100,376467.00,0.002135
1749261484,0.00210000,1029898.00,0.002135
1749261484,0.00209900,18449.00,0.002135
1749261484,0.00209800,2653528.00,0.002135
1749261484,0.00209700,160280.00,0.002135
1749261484,0.00209600,12582.00,0.002135
1749261484,0.00209500,181534.00,0.002135
1749261484,0.00209400,11692.00,0.002135
1749261484,0.00209300,451001.00,0.002135
1749261484,0.00209200,7347.00,0.002135
1749261484,0.00209100,774502.00,0.002135
1749261484,0.00209000,66450.00,0.002135
1749261484,0.00208900,12707.00,0.002135
1749261484,0.00208800,18106.00,0.002135
1749261484,0.00208700,4717.00,0.002135
1749261484,0.00208600,9323.00,0.002135
1749261484,0.00208500,4717.00,0.002135
1749261484,0.00208400,4717.00,0.002135
1749261484,0.00208300,42534.00,0.002135
1749261484,0.00208200,803794.00,0.002135
1749261484,0.00208100,92985.00,0.002135
1749261484,0.00208000,111494.00,0.002135
1749261484,0.00207900,115375.00,0.002135
1749261484,0.00207800,4717.00,0.002135
1749261484,0.00207700,4717.00,0.002135
1749261484,0.00207600,4717.00,0.002135
1749261484,0.00207500,4717.00,0.002135
1749261484,0.00207400,7232.00,0.002135
1749261484,0.00207300,4717.00,0.002135
1749261484,0.00207200,7382.00,0.002135
1749261484,0.00207100,4717.00,0.002135
1749261484,0.00207000,103529.00,0.002135
1749261484,0.00206900,4659.00,0.002135
1749261484,0.00206800,195655.00,0.002135
1749261484,0.00206700,7178.00,0.002135
1749261484,0.00206600,775285.00,0.002135
1749261484,0.00206500,15532.00,0.002135
1749261484,0.00206400,4670.00,0.002135
1749261484,0.00206300,4672.00,0.002135
1749261484,0.00206200,12017.00,0.002135
1749261484,0.00206100,4676.00,0.002135
1749261484,0.00206000,4678.00,0.002135
1749261484,0.00205900,58109.00,0.002135
1749261484,0.00205800,10352.00,0.002135
1749261484,0.00205700,43461.00,0.002135
1749261484,0.00205600,100080.00,0.002135
1749261484,0.00205500,17257.00,0.002135
1749261484,0.00205400,538869.00,0.002135
1749261484,0.00205300,2645.00,0.002135
1749261484,0.00205200,5438.00,0.002135
1749261484,0.00205100,12544.00,0.002135
1749261484,0.00205000,907263.00,0.002135
1749261484,0.00204700,5131.00,0.002135
1749261484,0.00204600,2781.00,0.002135
1749261484,0.00204500,29312.00,0.002135
1749261484,0.00204400,2515.00,0.002135
1749261484,0.00204200,17583.00,0.002135
1749261484,0.00204100,2664.00,0.002135
1749261484,0.00203900,10754.00,0.002135
1749261484,0.00203800,10453.00,0.002135
1749261484,0.00203700,2515.00,0.002135
1749261484,0.00203200,37817.00,0.002135
1749261484,0.00203000,4764.00,0.002135
1749261484,0.00202900,6709.00,0.002135
1749261484,0.00202600,2645.00,0.002135
1749261484,0.00202300,2781.00,0.002135
1749261484,0.00202200,2515.00,0.002135
1749261795,0.00213100,387721.00,0.002132
1749261795,0.00213000,2283857.00,0.002132
1749261795,0.00212900,5312213.00,0.002132
1749261795,0.00212800,8576698.00,0.002132
1749261795,0.00212700,5129962.00,0.002132
1749261795,0.00212600,7335814.00,0.002132
1749261795,0.00212500,7407244.00,0.002132
1749261795,0.00212400,3346996.00,0.002132
1749261795,0.00212300,3500861.00,0.002132
1749261795,0.00212200,1624257.00,0.002132
1749261795,0.00212100,732111.00,0.002132
1749261795,0.00212000,744418.00,0.002132
1749261795,0.00211900,4237184.00,0.002132
1749261795,0.00211800,3600110.00,0.002132
1749261795,0.00211700,438647.00,0.002132
1749261795,0.00211600,877513.00,0.002132
1749261795,0.00211500,438751.00,0.002132
1749261795,0.00211400,582786.00,0.002132
1749261795,0.00211300,3393220.00,0.002132
1749261795,0.00211200,3016616.00,0.002132
1749261795,0.00211100,1008656.00,0.002132
1749261795,0.00211000,340737.00,0.002132
1749261795,0.00210900,391336.00,0.002132
1749261795,0.00210800,426384.00,0.002132
1749261795,0.00210700,1184113.00,0.002132
1749261795,0.00210600,163949.00,0.002132
1749261795,0.00210500,163823.00,0.002132
1749261795,0.00210400,163900.00,0.002132
1749261795,0.00210300,163948.00,0.002132
1749261795,0.00210200,8286.00,0.002132
1749261795,0.00210100,518217.00,0.002132
1749261795,0.00210000,180613.00,0.002132
1749261795,0.00209900,18449.00,0.002132
1749261795,0.00209800,2653528.00,0.002132
1749261795,0.00209700,160280.00,0.002132
1749261795,0.00209600,12582.00,0.002132
1749261795,0.00209500,181534.00,0.002132
1749261795,0.00209400,11692.00,0.002132
1749261795,0.00209300,1220050.00,0.002132
1749261795,0.00209200,7347.00,0.002132
1749261795,0.00209100,927502.00,0.002132
1749261795,0.00209000,66450.00,0.002132
1749261795,0.00208900,12707.00,0.002132
1749261795,0.00208800,18106.00,0.002132
1749261795,0.00208700,4717.00,0.002132
1749261795,0.00208600,9323.00,0.002132
1749261795,0.00208500,4717.00,0.002132
1749261795,0.00208400,4717.00,0.002132
1749261795,0.00208300,42534.00,0.002132
1749261795,0.00208200,803794.00,0.002132
1749261795,0.00208100,92985.00,0.002132
1749261795,0.00208000,111494.00,0.002132
1749261795,0.00207900,115375.00,0.002132
1749261795,0.00207800,4717.00,0.002132
1749261795,0.00207700,4717.00,0.002132
1749261795,0.00207600,4717.00,0.002132
1749261795,0.00207500,4717.00,0.002132
1749261795,0.00207400,7232.00,0.002132
1749261795,0.00207300,4717.00,0.002132
1749261795,0.00207200,7382.00,0.002132
1749261795,0.00207100,4717.00,0.002132
1749261795,0.00207000,103529.00,0.002132
1749261795,0.00206900,4659.00,0.002132
1749261795,0.00206800,195655.00,0.002132
1749261795,0.00206700,7178.00,0.002132
1749261795,0.00206600,775285.00,0.002132
1749261795,0.00206500,15532.00,0.002132
1749261795,0.00206400,4670.00,0.002132
1749261795,0.00206300,4672.00,0.002132
1749261795,0.00206200,12017.00,0.002132
1749261795,0.00206100,4676.00,0.002132
1749261795,0.00206000,4678.00,0.002132
1749261795,0.00205900,58109.00,0.002132
1749261795,0.00205800,15035.00,0.002132
1749261795,0.00205700,48146.00,0.002132
1749261795,0.00205600,104769.00,0.002132
1749261795,0.00205500,17257.00,0.002132
1749261795,0.00205400,538869.00,0.002132
1749261795,0.00205300,2645.00,0.002132
1749261795,0.00205200,5438.00,0.002132
1749261795,0.00205100,12544.00,0.002132
1749261795,0.00205000,907263.00,0.002132
1749261795,0.00204700,5131.00,0.002132
1749261795,0.00204600,2781.00,0.002132
1749261795,0.00204500,29312.00,0.002132
1749261795,0.00204400,2515.00,0.002132
1749261795,0.00204200,17583.00,0.002132
1749261795,0.00204100,2664.00,0.002132
1749261795,0.00203900,10754.00,0.002132
1749261795,0.00203800,10453.00,0.002132
1749261795,0.00203700,2515.00,0.002132
1749261795,0.00203200,37817.00,0.002132
1749261795,0.00203000,4764.00,0.002132
1749261795,0.00202900,6709.00,0.002132
1749261795,0.00202600,2645.00,0.002132
1749261795,0.00202300,2781.00,0.002132
1749261795,0.00202200,2515.00,0.002132
1749261795,0.00202100,7222.00,0.002132
1749261795,0.00202000,2500.00,0.002132
1749261795,0.00201900,31045.00,0.002132
1749262096,0.00213300,178242.00,0.002132
1749262096,0.00213200,1553484.00,0.002132
1749262096,0.00213100,3809886.00,0.002132
1749262096,0.00213000,7064658.00,0.002132
1749262096,0.00212900,4793585.00,0.002132
1749262096,0.00212800,5120624.00,0.002132
1749262096,0.00212700,5858241.00,0.002132
1749262096,0.00212600,3743686.00,0.002132
1749262096,0.00212500,538456.00,0.002132
1749262096,0.00212400,3357711.00,0.002132
1749262096,0.00212300,5020547.00,0.002132
1749262096,0.00212200,965520.00,0.002132
1749262096,0.00212100,1202675.00,0.002132
1749262096,0.00212000,554798.00,0.002132
1749262096,0.00211900,6835794.00,0.002132
1749262096,0.00211800,1190769.00,0.002132
1749262096,0.00211700,438647.00,0.002132
1749262096,0.00211600,877513.00,0.002132
1749262096,0.00211500,438751.00,0.002132
1749262096,0.00211400,582786.00,0.002132
1749262096,0.00211300,5851338.00,0.002132
1749262096,0.00211200,441140.00,0.002132
1749262096,0.00211100,1124083.00,0.002132
1749262096,0.00211000,340737.00,0.002132
1749262096,0.00210900,391336.00,0.002132
1749262096,0.00210800,426384.00,0.002132
1749262096,0.00210700,1184113.00,0.002132
1749262096,0.00210600,163949.00,0.002132
1749262096,0.00210500,163823.00,0.002132
1749262096,0.00210400,163900.00,0.002132
1749262096,0.00210300,305678.00,0.002132
1749262096,0.00210200,161286.00,0.002132
1749262096,0.00210100,376467.00,0.002132
1749262096,0.00210000,180613.00,0.002132
1749262096,0.00209900,171449.00,0.002132
1749262096,0.00209800,2653528.00,0.002132
1749262096,0.00209700,160280.00,0.002132
1749262096,0.00209600,12582.00,0.002132
1749262096,0.00209500,28534.00,0.002132
1749262096,0.00209400,11692.00,0.002132
1749262096,0.00209300,298001.00,0.002132
1749262096,0.00209200,7347.00,0.002132
1749262096,0.00209100,1544287.00,0.002132
1749262096,0.00209000,66450.00,0.002132
1749262096,0.00208900,12707.00,0.002132
1749262096,0.00208800,18106.00,0.002132
1749262096,0.00208700,4717.00,0.002132
1749262096,0.00208600,9323.00,0.002132
1749262096,0.00208500,4717.00,0.002132
1749262096,0.00208400,4717.00,0.002132
1749262096,0.00208300,42534.00,0.002132
1749262096,0.00208200,803794.00,0.002132
1749262096,0.00208100,92985.00,0.002132
1749262096,0.00208000,111494.00,0.002132
1749262096,0.00207900,115375.00,0.002132
1749262096,0.00207800,4717.00,0.002132
1749262096,0.00207700,4717.00,0.002132
1749262096,0.00207600,4717.00,0.002132
1749262096,0.00207500,4717.00,0.002132
1749262096,0.00207400,7232.00,0.002132
1749262096,0.00207300,4717.00,0.002132
1749262096,0.00207200,7382.00,0.002132
1749262096,0.00207100,4717.00,0.002132
1749262096,0.00207000,103529.00,0.002132
1749262096,0.00206900,4659.00,0.002132
1749262096,0.00206800,195655.00,0.002132
1749262096,0.00206700,7178.00,0.002132
1749262096,0.00206600,775285.00,0.002132
1749262096,0.00206500,15532.00,0.002132
1749262096,0.00206400,4670.00,0.002132
1749262096,0.00206300,4672.00,0.002132
1749262096,0.00206200,12017.00,0.002132
1749262096,0.00206100,4676.00,0.002132
1749262096,0.00206000,4678.00,0.002132
1749262096,0.00205900,58109.00,0.002132
1749262096,0.00205800,15035.00,0.002132
1749262096,0.00205700,43461.00,0.002132
1749262096,0.00205600,100080.00,0.002132
1749262096,0.00205500,17257.00,0.002132
1749262096,0.00205400,538869.00,0.002132
1749262096,0.00205300,2645.00,0.002132
1749262096,0.00205200,5438.00,0.002132
1749262096,0.00205100,12544.00,0.002132
1749262096,0.00205000,907263.00,0.002132
1749262096,0.00204700,5131.00,0.002132
1749262096,0.00204600,2781.00,0.002132
1749262096,0.00204500,29312.00,0.002132
1749262096,0.00204400,2515.00,0.002132
1749262096,0.00204200,17583.00,0.002132
1749262096,0.00204100,2664.00,0.002132
1749262096,0.00203900,10754.00,0.002132
1749262096,0.00203800,10453.00,0.002132
1749262096,0.00203700,2515.00,0.002132
1749262096,0.00203200,37817.00,0.002132
1749262096,0.00203000,4764.00,0.002132
1749262096,0.00202900,6709.00,0.002132
1749262096,0.00202600,2645.00,0.002132
1749262096,0.00202300,2781.00,0.002132
1749262096,0.00202200,2515.00,0.002132
1749262096,0.00202100,7222.00,0.002132
1749262399,0.00214000,225040.00,0.002141
1749262399,0.00213900,2501541.00,0.002141
1749262399,0.00213800,3582183.00,0.002141
1749262399,0.00213700,4750871.00,0.002141
1749262399,0.00213600,4438197.00,0.002141
1749262399,0.00213500,5286746.00,0.002141
1749262399,0.00213400,7747577.00,0.002141
1749262399,0.00213300,1627353.00,0.002141
1749262399,0.00213200,866391.00,0.002141
1749262399,0.00213100,2682600.00,0.002141
1749262399,0.00213000,953919.00,0.002141
1749262399,0.00212900,726721.00,0.002141
1749262399,0.00212800,4688568.00,0.002141
1749262399,0.00212700,1670956.00,0.002141
1749262399,0.00212600,2945297.00,0.002141
1749262399,0.00212500,465475.00,0.002141
1749262399,0.00212400,435312.00,0.002141
1749262399,0.00212300,7295385.00,0.002141
1749262399,0.00212200,962920.00,0.002141
1749262399,0.00212100,2898385.00,0.002141
1749262399,0.00212000,670032.00,0.002141
1749262399,0.00211900,421564.00,0.002141
1749262399,0.00211800,1029962.00,0.002141
1749262399,0.00211700,438647.00,0.002141
1749262399,0.00211600,877513.00,0.002141
1749262399,0.00211500,438751.00,0.002141
1749262399,0.00211400,1344196.00,0.002141
1749262399,0.00211300,3454115.00,0.002141
1749262399,0.00211200,441140.00,0.002141
1749262399,0.00211100,1102715.00,0.002141
1749262399,0.00211000,279743.00,0.002141
1749262399,0.00210900,391336.00,0.002141
1749262399,0.00210800,426384.00,0.002141
1749262399,0.00210700,1155284.00,0.002141
1749262399,0.00210600,163949.00,0.002141
1749262399,0.00210500,163823.00,0.002141
1749262399,0.00210400,163900.00,0.002141
1749262399,0.00210300,163948.00,0.002141
1749262399,0.00210200,8286.00,0.002141
1749262399,0.00210100,223467.00,0.002141
1749262399,0.00210000,27613.00,0.002141
1749262399,0.00209900,14911.00,0.002141
1749262399,0.00209800,2500528.00,0.002141
1749262399,0.00209700,7280.00,0.002141
1749262399,0.00209600,12582.00,0.002141
1749262399,0.00209500,28534.00,0.002141
1749262399,0.00209400,11692.00,0.002141
1749262399,0.00209300,298001.00,0.002141
1749262399,0.00209200,4717.00,0.002141
1749262399,0.00209100,774502.00,0.002141
1749262399,0.00209000,66450.00,0.002141
1749262399,0.00208900,12707.00,0.002141
1749262399,0.00208800,18106.00,0.002141
1749262399,0.00208700,4717.00,0.002141
1749262399,0.00208600,4717.00,0.002141
1749262399,0.00208500,4717.00,0.002141
1749262399,0.00208400,4717.00,0.002141
1749262399,0.00208300,42534.00,0.002141
1749262399,0.00208200,803794.00,0.002141
1749262399,0.00208100,92985.00,0.002141
1749262399,0.00208000,111494.00,0.002141
1749262399,0.00207900,115375.00,0.002141
1749262399,0.00207800,4717.00,0.002141
1749262399,0.00207700,4717.00,0.002141
1749262399,0.00207600,4717.00,0.002141
1749262399,0.00207500,4717.00,0.002141
1749262399,0.00207400,7232.00,0.002141
1749262399,0.00207300,4717.00,0.002141
1749262399,0.00207200,7382.00,0.002141
1749262399,0.00207100,4717.00,0.002141
1749262399,0.00207000,103529.00,0.002141
1749262399,0.00206900,4659.00,0.002141
1749262399,0.00206800,195655.00,0.002141
1749262399,0.00206700,7178.00,0.002141
1749262399,0.00206600,775285.00,0.002141
1749262399,0.00206500,15532.00,0.002141
1749262399,0.00206200,7343.00,0.002141
1749262399,0.00205900,53428.00,0.002141
1749262399,0.00205800,10352.00,0.002141
1749262399,0.00205700,43461.00,0.002141
1749262399,0.00205600,100080.00,0.002141
1749262399,0.00205500,17257.00,0.002141
1749262399,0.00205400,538869.00,0.002141
1749262399,0.00205300,2645.00,0.002141
1749262399,0.00205200,5438.00,0.002141
1749262399,0.00205100,12544.00,0.002141
1749262399,0.00205000,907263.00,0.002141
1749262399,0.00204700,5131.00,0.002141
1749262399,0.00204600,2781.00,0.002141
1749262399,0.00204500,29312.00,0.002141
1749262399,0.00204400,2515.00,0.002141
1749262399,0.00204200,17583.00,0.002141
1749262399,0.00204100,2664.00,0.002141
1749262399,0.00203900,10754.00,0.002141
1749262399,0.00203800,10453.00,0.002141
1749262399,0.00203700,2515.00,0.002141
1749262399,0.00203200,37817.00,0.002141
1749262399,0.00203000,4764.00,0.002141
1749262399,0.00202900,6709.00,0.002141
1749262399,0.00202600,2645.00,0.002141
1749262702,0.00214600,913621.00,0.002146
1749262702,0.00214500,1584750.00,0.002146
1749262702,0.00214400,3556053.00,0.002146
1749262702,0.00214300,3792161.00,0.002146
1749262702,0.00214200,3972529.00,0.002146
1749262702,0.00214100,7972939.00,0.002146
1749262702,0.00214000,7692279.00,0.002146
1749262702,0.00213900,3608180.00,0.002146
1749262702,0.00213800,666812.00,0.002146
1749262702,0.00213700,1158701.00,0.002146
1749262702,0.00213600,2384856.00,0.002146
1749262702,0.00213500,2173878.00,0.002146
1749262702,0.00213400,4073310.00,0.002146
1749262702,0.00213300,3951111.00,0.002146
1749262702,0.00213200,5744470.00,0.002146
1749262702,0.00213100,441821.00,0.002146
1749262702,0.00213000,951329.00,0.002146
1749262702,0.00212900,441856.00,0.002146
1749262702,0.00212800,447009.00,0.002146
1749262702,0.00212700,4207021.00,0.002146
1749262702,0.00212600,2885530.00,0.002146
1749262702,0.00212500,438439.00,0.002146
1749262702,0.00212400,547783.00,0.002146
1749262702,0.00212300,438491.00,0.002146
1749262702,0.00212200,438516.00,0.002146
1749262702,0.00212100,1214195.00,0.002146
1749262702,0.00212000,3443144.00,0.002146
1749262702,0.00211900,421564.00,0.002146
1749262702,0.00211800,531177.00,0.002146
1749262702,0.00211700,438647.00,0.002146
1749262702,0.00211600,393909.00,0.002146
1749262702,0.00211500,579457.00,0.002146
1749262702,0.00211400,535421.00,0.002146
1749262702,0.00211300,163792.00,0.002146
1749262702,0.00211200,926018.00,0.002146
1749262702,0.00211100,161285.00,0.002146
1749262702,0.00211000,279743.00,0.002146
1749262702,0.00210900,2079576.00,0.002146
1749262702,0.00210800,196340.00,0.002146
1749262702,0.00210700,8301.00,0.002146
1749262702,0.00210600,10949.00,0.002146
1749262702,0.00210500,7262.00,0.002146
1749262702,0.00210400,7369.00,0.002146
1749262702,0.00210300,7416.00,0.002146
1749262702,0.00210200,4752.00,0.002146
1749262702,0.00210100,512683.00,0.002146
1749262702,0.00210000,24076.00,0.002146
1749262702,0.00209900,14911.00,0.002146
1749262702,0.00209800,582244.00,0.002146
1749262702,0.00209700,7280.00,0.002146
1749262702,0.00209600,9952.00,0.002146
1749262702,0.00209500,28534.00,0.002146
1749262702,0.00209400,11692.00,0.002146
1749262702,0.00209300,4717.00,0.002146
1749262702,0.00209200,4717.00,0.002146
1749262702,0.00209100,4717.00,0.002146
1749262702,0.00209000,66450.00,0.002146
1749262702,0.00208900,12707.00,0.002146
1749262702,0.00208800,18106.00,0.002146
1749262702,0.00208700,4717.00,0.002146
1749262702,0.00208600,4717.00,0.002146
1749262702,0.00208500,4717.00,0.002146
1749262702,0.00208400,4717.00,0.002146
1749262702,0.00208300,42534.00,0.002146
1749262702,0.00208200,803794.00,0.002146
1749262702,0.00208100,92985.00,0.002146
1749262702,0.00208000,111494.00,0.002146
1749262702,0.00207900,115375.00,0.002146
1749262702,0.00207800,4717.00,0.002146
1749262702,0.00207700,4717.00,0.002146
1749262702,0.00207600,4717.00,0.002146
1749262702,0.00207500,4717.00,0.002146
1749262702,0.00207400,7232.00,0.002146
1749262702,0.00207300,4717.00,0.002146
1749262702,0.00207200,7382.00,0.002146
1749262702,0.00207100,4717.00,0.002146
1749262702,0.00207000,98812.00,0.002146
1749262702,0.00206800,190992.00,0.002146
1749262702,0.00206700,2515.00,0.002146
1749262702,0.00206600,770620.00,0.002146
1749262702,0.00206500,10865.00,0.002146
1749262702,0.00206200,7343.00,0.002146
1749262702,0.00205900,53428.00,0.002146
1749262702,0.00205800,10352.00,0.002146
1749262702,0.00205700,43461.00,0.002146
1749262702,0.00205600,100080.00,0.002146
1749262702,0.00205500,17257.00,0.002146
1749262702,0.00205400,538869.00,0.002146
1749262702,0.00205300,2645.00,0.002146
1749262702,0.00205200,5438.00,0.002146
1749262702,0.00205100,12544.00,0.002146
1749262702,0.00205000,907263.00,0.002146
1749262702,0.00204700,5131.00,0.002146
1749262702,0.00204600,2781.00,0.002146
1749262702,0.00204500,29312.00,0.002146
1749262702,0.00204400,2515.00,0.002146
1749262702,0.00204200,17583.00,0.002146
1749262702,0.00204100,2664.00,0.002146
1749262702,0.00203900,10754.00,0.002146
1749262702,0.00203800,10453.00,0.002146
1749263011,0.00214600,434832.00,0.002146
1749263011,0.00214500,2221105.00,0.002146
1749263011,0.00214400,5334627.00,0.002146
1749263011,0.00214300,6545967.00,0.002146
1749263011,0.00214200,3439882.00,0.002146
1749263011,0.00214100,7633510.00,0.002146
1749263011,0.00214000,5117569.00,0.002146
1749263011,0.00213900,4124819.00,0.002146
1749263011,0.00213800,1148198.00,0.002146
1749263011,0.00213700,2151318.00,0.002146
1749263011,0.00213600,2464337.00,0.002146
1749263011,0.00213500,441691.00,0.002146
1749263011,0.00213400,5915775.00,0.002146
1749263011,0.00213300,3700686.00,0.002146
1749263011,0.00213200,749660.00,0.002146
1749263011,0.00213100,441821.00,0.002146
1749263011,0.00213000,4826958.00,0.002146
1749263011,0.00212900,441856.00,0.002146
1749263011,0.00212800,3005614.00,0.002146
1749263011,0.00212700,447665.00,0.002146
1749263011,0.00212600,438346.00,0.002146
1749263011,0.00212500,438439.00,0.002146
1749263011,0.00212400,3398042.00,0.002146
1749263011,0.00212300,438491.00,0.002146
1749263011,0.00212200,438516.00,0.002146
1749263011,0.00212100,1214195.00,0.002146
1749263011,0.00212000,491192.00,0.002146
1749263011,0.00211900,421564.00,0.002146
1749263011,0.00211800,531177.00,0.002146
1749263011,0.00211700,391305.00,0.002146
1749263011,0.00211600,534659.00,0.002146
1749263011,0.00211500,391319.00,0.002146
1749263011,0.00211400,305377.00,0.002146
1749263011,0.00211300,2012963.00,0.002146
1749263011,0.00211200,926018.00,0.002146
1749263011,0.00211100,161285.00,0.002146
1749263011,0.00211000,279743.00,0.002146
1749263011,0.00210900,8292.00,0.002146
1749263011,0.00210800,52917.00,0.002146
1749263011,0.00210700,8301.00,0.002146
1749263011,0.00210600,7390.00,0.002146
1749263011,0.00210500,7262.00,0.002146
1749263011,0.00210400,7369.00,0.002146
1749263011,0.00210300,7416.00,0.002146
1749263011,0.00210200,4752.00,0.002146
1749263011,0.00210100,512683.00,0.002146
1749263011,0.00210000,24076.00,0.002146
1749263011,0.00209900,14911.00,0.002146
1749263011,0.00209800,1349461.00,0.002146
1749263011,0.00209700,762148.00,0.002146
1749263011,0.00209600,9952.00,0.002146
1749263011,0.00209500,28534.00,0.002146
1749263011,0.00209400,11692.00,0.002146
1749263011,0.00209300,4717.00,0.002146
1749263011,0.00209200,4717.00,0.002146
1749263011,0.00209100,4717.00,0.002146
1749263011,0.00209000,66450.00,0.002146
1749263011,0.00208900,12707.00,0.002146
1749263011,0.00208800,18106.00,0.002146
1749263011,0.00208700,4717.00,0.002146
1749263011,0.00208600,4717.00,0.002146
1749263011,0.00208500,4717.00,0.002146
1749263011,0.00208400,4717.00,0.002146
1749263011,0.00208300,42534.00,0.002146
1749263011,0.00208200,48320.00,0.002146
1749263011,0.00208100,849519.00,0.002146
1749263011,0.00208000,111494.00,0.002146
1749263011,0.00207900,115375.00,0.002146
1749263011,0.00207800,4717.00,0.002146
1749263011,0.00207700,4717.00,0.002146
1749263011,0.00207600,4717.00,0.002146
1749263011,0.00207500,4717.00,0.002146
1749263011,0.00207400,7232.00,0.002146
1749263011,0.00207300,4717.00,0.002146
1749263011,0.00207200,7382.00,0.002146
1749263011,0.00207100,4654.00,0.002146
1749263011,0.00207000,98812.00,0.002146
1749263011,0.00206800,190992.00,0.002146
1749263011,0.00206700,2515.00,0.002146
1749263011,0.00206600,2807.00,0.002146
1749263011,0.00206500,395415.00,0.002146
1749263011,0.00206200,7343.00,0.002146
1749263011,0.00205900,53428.00,0.002146
1749263011,0.00205800,10352.00,0.002146
1749263011,0.00205700,43461.00,0.002146
1749263011,0.00205600,100080.00,0.002146
1749263011,0.00205500,17257.00,0.002146
1749263011,0.00205400,538869.00,0.002146
1749263011,0.00205300,2645.00,0.002146
1749263011,0.00205200,5438.00,0.002146
1749263011,0.00205100,12544.00,0.002146
1749263011,0.00205000,518701.00,0.002146
1749263011,0.00204700,5131.00,0.002146
1749263011,0.00204600,2781.00,0.002146
1749263011,0.00204500,29312.00,0.002146
1749263011,0.00204400,2515.00,0.002146
1749263011,0.00204200,17583.00,0.002146
1749263011,0.00204100,2664.00,0.002146
1749263011,0.00203900,10754.00,0.002146
1749263011,0.00203800,10453.00,0.002146
1749263319,0.00214800,198391.00,0.002149
1749263319,0.00214700,4983995.00,0.002149
1749263319,0.00214600,3853291.00,0.002149
1749263319,0.00214500,6302197.00,0.002149
1749263319,0.00214400,3270027.00,0.002149
1749263319,0.00214300,3568408.00,0.002149
1749263319,0.00214200,3260062.00,0.002149
1749263319,0.00214100,3263813.00,0.002149
1749263319,0.00214000,1307552.00,0.002149
1749263319,0.00213900,2231343.00,0.002149
1749263319,0.00213800,4701677.00,0.002149
1749263319,0.00213700,444239.00,0.002149
1749263319,0.00213600,3811562.00,0.002149
1749263319,0.00213500,3492638.00,0.002149
1749263319,0.00213400,4346390.00,0.002149
1749263319,0.00213300,640666.00,0.002149
1749263319,0.00213200,444375.00,0.002149
1749263319,0.00213100,441821.00,0.002149
1749263319,0.00213000,951329.00,0.002149
1749263319,0.00212900,2882242.00,0.002149
1749263319,0.00212800,560563.00,0.002149
1749263319,0.00212700,872430.00,0.002149
1749263319,0.00212600,438346.00,0.002149
1749263319,0.00212500,438439.00,0.002149
1749263319,0.00212400,3398042.00,0.002149
1749263319,0.00212300,499111.00,0.002149
1749263319,0.00212200,438516.00,0.002149
1749263319,0.00212100,1214195.00,0.002149
1749263319,0.00212000,443894.00,0.002149
1749263319,0.00211900,374266.00,0.002149
1749263319,0.00211800,563786.00,0.002149
1749263319,0.00211700,605106.00,0.002149
1749263319,0.00211600,163865.00,0.002149
1749263319,0.00211500,161275.00,0.002149
1749263319,0.00211400,305377.00,0.002149
1749263319,0.00211300,2012963.00,0.002149
1749263319,0.00211200,926018.00,0.002149
1749263319,0.00211100,8285.00,0.002149
1749263319,0.00211000,126743.00,0.002149
1749263319,0.00210900,8292.00,0.002149
1749263319,0.00210800,49361.00,0.002149
1749263319,0.00210700,4743.00,0.002149
1749263319,0.00210600,7390.00,0.002149
1749263319,0.00210500,7262.00,0.002149
1749263319,0.00210400,7369.00,0.002149
1749263319,0.00210300,7416.00,0.002149
1749263319,0.00210200,4752.00,0.002149
1749263319,0.00210100,297506.00,0.002149
1749263319,0.00210000,21456.00,0.002149
1749263319,0.00209900,14911.00,0.002149
1749263319,0.00209800,1349461.00,0.002149
1749263319,0.00209700,762148.00,0.002149
1749263319,0.00209600,9952.00,0.002149
1749263319,0.00209500,28534.00,0.002149
1749263319,0.00209400,11692.00,0.002149
1749263319,0.00209300,4717.00,0.002149
1749263319,0.00209200,4717.00,0.002149
1749263319,0.00209100,4717.00,0.002149
1749263319,0.00209000,66450.00,0.002149
1749263319,0.00208900,12707.00,0.002149
1749263319,0.00208800,18106.00,0.002149
1749263319,0.00208700,4717.00,0.002149
1749263319,0.00208600,4717.00,0.002149
1749263319,0.00208500,4717.00,0.002149
1749263319,0.00208400,4717.00,0.002149
1749263319,0.00208300,42534.00,0.002149
1749263319,0.00208200,48320.00,0.002149
1749263319,0.00208100,849519.00,0.002149
1749263319,0.00208000,111494.00,0.002149
1749263319,0.00207900,115375.00,0.002149
1749263319,0.00207800,4717.00,0.002149
1749263319,0.00207700,4717.00,0.002149
1749263319,0.00207600,4717.00,0.002149
1749263319,0.00207500,4717.00,0.002149
1749263319,0.00207400,7232.00,0.002149
1749263319,0.00207300,4650.00,0.002149
1749263319,0.00207200,2665.00,0.002149
1749263319,0.00207000,98812.00,0.002149
1749263319,0.00206800,190992.00,0.002149
1749263319,0.00206700,2515.00,0.002149
1749263319,0.00206600,2807.00,0.002149
1749263319,0.00206500,395415.00,0.002149
1749263319,0.00206200,7343.00,0.002149
1749263319,0.00205900,53428.00,0.002149
1749263319,0.00205800,10352.00,0.002149
1749263319,0.00205700,43461.00,0.002149
1749263319,0.00205600,100080.00,0.002149
1749263319,0.00205500,17257.00,0.002149
1749263319,0.00205400,538869.00,0.002149
1749263319,0.00205300,2645.00,0.002149
1749263319,0.00205200,5438.00,0.002149
1749263319,0.00205100,12544.00,0.002149
1749263319,0.00205000,501887.00,0.002149
1749263319,0.00204700,5131.00,0.002149
1749263319,0.00204600,2781.00,0.002149
1749263319,0.00204500,29312.00,0.002149
1749263319,0.00204400,2515.00,0.002149
1749263319,0.00204200,17583.00,0.002149
1749263319,0.00204100,2664.00,0.002149
1749263319,0.00203900,10754.00,0.002149
1749263621,0.00214400,209985.00,0.002145
1749263621,0.00214300,3002573.00,0.002145
1749263621,0.00214200,6232218.00,0.002145
1749263621,0.00214100,5085756.00,0.002145
1749263621,0.00214000,4403462.00,0.002145
1749263621,0.00213900,4379942.00,0.002145
1749263621,0.00213800,6902749.00,0.002145
1749263621,0.00213700,3058781.00,0.002145
1749263621,0.00213600,5041861.00,0.002145
1749263621,0.00213500,997524.00,0.002145
1749263621,0.00213400,4348970.00,0.002145
1749263621,0.00213300,467620.00,0.002145
1749263621,0.00213200,726335.00,0.002145
1749263621,0.00213100,3214222.00,0.002145
1749263621,0.00213000,974776.00,0.002145
1749263621,0.00212900,441856.00,0.002145
1749263621,0.00212800,443487.00,0.002145
1749263621,0.00212700,444141.00,0.002145
1749263621,0.00212600,2881383.00,0.002145
1749263621,0.00212500,555182.00,0.002145
1749263621,0.00212400,3398042.00,0.002145
1749263621,0.00212300,499111.00,0.002145
1749263621,0.00212200,438516.00,0.002145
1749263621,0.00212100,1214195.00,0.002145
1749263621,0.00212000,443894.00,0.002145
1749263621,0.00211900,374266.00,0.002145
1749263621,0.00211800,423076.00,0.002145
1749263621,0.00211700,605106.00,0.002145
1749263621,0.00211600,163865.00,0.002145
1749263621,0.00211500,161275.00,0.002145
1749263621,0.00211400,446287.00,0.002145
1749263621,0.00211300,2012963.00,0.002145
1749263621,0.00211200,926018.00,0.002145
1749263621,0.00211100,8285.00,0.002145
1749263621,0.00211000,279743.00,0.002145
1749263621,0.00210900,8292.00,0.002145
1749263621,0.00210800,202361.00,0.002145
1749263621,0.00210700,4743.00,0.002145
1749263621,0.00210600,7390.00,0.002145
1749263621,0.00210500,160262.00,0.002145
1749263621,0.00210400,7369.00,0.002145
1749263621,0.00210300,7416.00,0.002145
1749263621,0.00210200,157752.00,0.002145
1749263621,0.00210100,297506.00,0.002145
1749263621,0.00210000,21456.00,0.002145
1749263621,0.00209900,14911.00,0.002145
1749263621,0.00209800,1349461.00,0.002145
1749263621,0.00209700,762148.00,0.002145
1749263621,0.00209600,9952.00,0.002145
1749263621,0.00209500,28534.00,0.002145
1749263621,0.00209400,11692.00,0.002145
1749263621,0.00209300,4717.00,0.002145
1749263621,0.00209200,4717.00,0.002145
1749263621,0.00209100,4717.00,0.002145
1749263621,0.00209000,66450.00,0.002145
1749263621,0.00208900,12707.00,0.002145
1749263621,0.00208800,18106.00,0.002145
1749263621,0.00208700,4717.00,0.002145
1749263621,0.00208600,4717.00,0.002145
1749263621,0.00208500,4717.00,0.002145
1749263621,0.00208400,4717.00,0.002145
1749263621,0.00208300,42534.00,0.002145
1749263621,0.00208200,48320.00,0.002145
1749263621,0.00208100,849519.00,0.002145
1749263621,0.00208000,111494.00,0.002145
1749263621,0.00207900,115375.00,0.002145
1749263621,0.00207800,4717.00,0.002145
1749263621,0.00207700,4717.00,0.002145
1749263621,0.00207600,4717.00,0.002145
1749263621,0.00207500,4717.00,0.002145
1749263621,0.00207400,7232.00,0.002145
1749263621,0.00207300,4650.00,0.002145
1749263621,0.00207200,7317.00,0.002145
1749263621,0.00207100,4654.00,0.002145
1749263621,0.00207000,103469.00,0.002145
1749263621,0.00206900,4661.00,0.002145
1749263621,0.00206800,190992.00,0.002145
1749263621,0.00206700,2515.00,0.002145
1749263621,0.00206600,2807.00,0.002145
1749263621,0.00206500,395415.00,0.002145
1749263621,0.00206200,7343.00,0.002145
1749263621,0.00205900,53428.00,0.002145
1749263621,0.00205800,10352.00,0.002145
1749263621,0.00205700,43461.00,0.002145
1749263621,0.00205600,100080.00,0.002145
1749263621,0.00205500,17257.00,0.002145
1749263621,0.00205400,538869.00,0.002145
1749263621,0.00205300,2645.00,0.002145
1749263621,0.00205200,5438.00,0.002145
1749263621,0.00205100,12544.00,0.002145
1749263621,0.00205000,501887.00,0.002145
1749263621,0.00204700,5131.00,0.002145
1749263621,0.00204600,2781.00,0.002145
1749263621,0.00204500,29312.00,0.002145
1749263621,0.00204400,2515.00,0.002145
1749263621,0.00204200,17583.00,0.002145
1749263621,0.00204100,2664.00,0.002145
1749263621,0.00203900,10754.00,0.002145
1749263621,0.00203800,10453.00,0.002145
1749263621,0.00203700,2515.00,0.002145
1749263928,0.00214900,233906.00,0.002149
1749263928,0.00214800,2669720.00,0.002149
1749263928,0.00214700,2217154.00,0.002149
1749263928,0.00214600,5672627.00,0.002149
1749263928,0.00214500,4320819.00,0.002149
1749263928,0.00214400,5319215.00,0.002149
1749263928,0.00214300,7274768.00,0.002149
1749263928,0.00214200,1471863.00,0.002149
1749263928,0.00214100,2362025.00,0.002149
1749263928,0.00214000,2417598.00,0.002149
1749263928,0.00213900,1018437.00,0.002149
1749263928,0.00213800,441631.00,0.002149
1749263928,0.00213700,3669569.00,0.002149
1749263928,0.00213600,6132338.00,0.002149
1749263928,0.00213500,445885.00,0.002149
1749263928,0.00213400,4317326.00,0.002149
1749263928,0.00213300,428780.00,0.002149
1749263928,0.00213200,2880928.00,0.002149
1749263928,0.00213100,441821.00,0.002149
1749263928,0.00213000,951329.00,0.002149
1749263928,0.00212900,438335.00,0.002149
1749263928,0.00212800,559718.00,0.002149
1749263928,0.00212700,444141.00,0.002149
1749263928,0.00212600,438346.00,0.002149
1749263928,0.00212500,438439.00,0.002149
1749263928,0.00212400,3398042.00,0.002149
1749263928,0.00212300,499111.00,0.002149
1749263928,0.00212200,438516.00,0.002149
1749263928,0.00212100,1166942.00,0.002149
1749263928,0.00212000,443894.00,0.002149
1749263928,0.00211900,514836.00,0.002149
1749263928,0.00211800,423076.00,0.002149
1749263928,0.00211700,375062.00,0.002149
1749263928,0.00211600,163865.00,0.002149
1749263928,0.00211500,161275.00,0.002149
1749263928,0.00211400,305377.00,0.002149
1749263928,0.00211300,2012963.00,0.002149
1749263928,0.00211200,773018.00,0.002149
1749263928,0.00211100,8285.00,0.002149
1749263928,0.00211000,126743.00,0.002149
1749263928,0.00210900,296141.00,0.002149
1749263928,0.00210800,49361.00,0.002149
1749263928,0.00210700,4743.00,0.002149
1749263928,0.00210600,7390.00,0.002149
1749263928,0.00210500,7262.00,0.002149
1749263928,0.00210400,772398.00,0.002149
1749263928,0.00210300,7416.00,0.002149
1749263928,0.00210200,4752.00,0.002149
1749263928,0.00210100,4754.00,0.002149
1749263928,0.00210000,21456.00,0.002149
1749263928,0.00209900,14911.00,0.002149
1749263928,0.00209800,582244.00,0.002149
1749263928,0.00209700,762148.00,0.002149
1749263928,0.00209600,9952.00,0.002149
1749263928,0.00209500,28534.00,0.002149
1749263928,0.00209400,11692.00,0.002149
1749263928,0.00209300,4717.00,0.002149
1749263928,0.00209200,4717.00,0.002149
1749263928,0.00209100,4717.00,0.002149
1749263928,0.00209000,66450.00,0.002149
1749263928,0.00208900,12707.00,0.002149
1749263928,0.00208800,18106.00,0.002149
1749263928,0.00208700,4717.00,0.002149
1749263928,0.00208600,4717.00,0.002149
1749263928,0.00208500,4717.00,0.002149
1749263928,0.00208400,4717.00,0.002149
1749263928,0.00208300,42534.00,0.002149
1749263928,0.00208200,48320.00,0.002149
1749263928,0.00208100,849519.00,0.002149
1749263928,0.00208000,111494.00,0.002149
1749263928,0.00207900,115375.00,0.002149
1749263928,0.00207800,4717.00,0.002149
1749263928,0.00207700,4717.00,0.002149
1749263928,0.00207600,4717.00,0.002149
1749263928,0.00207500,4717.00,0.002149
1749263928,0.00207400,7163.00,0.002149
1749263928,0.00207200,2665.00,0.002149
1749263928,0.00207000,638088.00,0.002149
1749263928,0.00206800,190992.00,0.002149
1749263928,0.00206700,2515.00,0.002149
1749263928,0.00206600,2807.00,0.002149
1749263928,0.00206500,395415.00,0.002149
1749263928,0.00206200,7343.00,0.002149
1749263928,0.00205900,53428.00,0.002149
1749263928,0.00205800,10352.00,0.002149
1749263928,0.00205700,43461.00,0.002149
1749263928,0.00205600,100080.00,0.002149
1749263928,0.00205500,17257.00,0.002149
1749263928,0.00205300,2645.00,0.002149
1749263928,0.00205200,5438.00,0.002149
1749263928,0.00205100,12544.00,0.002149
1749263928,0.00205000,501887.00,0.002149
1749263928,0.00204700,5131.00,0.002149
1749263928,0.00204600,2781.00,0.002149
1749263928,0.00204500,29312.00,0.002149
1749263928,0.00204400,2515.00,0.002149
1749263928,0.00204200,17583.00,0.002149
1749263928,0.00204100,2664.00,0.002149
1749263928,0.00203900,10754.00,0.002149
1749263928,0.00203800,10453.00,0.002149
1749264230,0.00214400,209623.00,0.002145
1749264230,0.00214300,3917141.00,0.002145
1749264230,0.00214200,4308536.00,0.002145
1749264230,0.00214100,5134383.00,0.002145
1749264230,0.00214000,9002569.00,0.002145
1749264230,0.00213900,7618255.00,0.002145
1749264230,0.00213800,6176528.00,0.002145
1749264230,0.00213700,895426.00,0.002145
1749264230,0.00213600,5003161.00,0.002145
1749264230,0.00213500,448465.00,0.002145
1749264230,0.00213400,4346540.00,0.002145
1749264230,0.00213300,1367675.00,0.002145
1749264230,0.00213200,467805.00,0.002145
1749264230,0.00213100,3452207.00,0.002145
1749264230,0.00213000,951329.00,0.002145
1749264230,0.00212900,438335.00,0.002145
1749264230,0.00212800,877486.00,0.002145
1749264230,0.00212700,444141.00,0.002145
1749264230,0.00212600,2881367.00,0.002145
1749264230,0.00212500,555072.00,0.002145
1749264230,0.00212400,3398042.00,0.002145
1749264230,0.00212300,499111.00,0.002145
1749264230,0.00212200,438516.00,0.002145
1749264230,0.00212100,1166942.00,0.002145
1749264230,0.00212000,443894.00,0.002145
1749264230,0.00211900,374266.00,0.002145
1749264230,0.00211800,423076.00,0.002145
1749264230,0.00211700,375062.00,0.002145
1749264230,0.00211600,163865.00,0.002145
1749264230,0.00211500,161275.00,0.002145
1749264230,0.00211400,446257.00,0.002145
1749264230,0.00211300,2012963.00,0.002145
1749264230,0.00211200,926018.00,0.002145
1749264230,0.00211100,8285.00,0.002145
1749264230,0.00211000,279743.00,0.002145
1749264230,0.00210900,449141.00,0.002145
1749264230,0.00210800,49361.00,0.002145
1749264230,0.00210700,4743.00,0.002145
1749264230,0.00210600,7390.00,0.002145
1749264230,0.00210500,7262.00,0.002145
1749264230,0.00210400,772398.00,0.002145
1749264230,0.00210300,7416.00,0.002145
1749264230,0.00210200,4752.00,0.002145
1749264230,0.00210100,4754.00,0.002145
1749264230,0.00210000,21456.00,0.002145
1749264230,0.00209900,14911.00,0.002145
1749264230,0.00209800,582244.00,0.002145
1749264230,0.00209700,762148.00,0.002145
1749264230,0.00209600,9952.00,0.002145
1749264230,0.00209500,28534.00,0.002145
1749264230,0.00209400,11692.00,0.002145
1749264230,0.00209300,4717.00,0.002145
1749264230,0.00209200,4717.00,0.002145
1749264230,0.00209100,4717.00,0.002145
1749264230,0.00209000,66450.00,0.002145
1749264230,0.00208900,12707.00,0.002145
1749264230,0.00208800,18106.00,0.002145
1749264230,0.00208700,4717.00,0.002145
1749264230,0.00208600,4717.00,0.002145
1749264230,0.00208500,4717.00,0.002145
1749264230,0.00208400,4717.00,0.002145
1749264230,0.00208300,42534.00,0.002145
1749264230,0.00208200,48320.00,0.002145
1749264230,0.00208100,849519.00,0.002145
1749264230,0.00208000,111494.00,0.002145
1749264230,0.00207900,115375.00,0.002145
1749264230,0.00207800,4717.00,0.002145
1749264230,0.00207700,4717.00,0.002145
1749264230,0.00207600,4717.00,0.002145
1749264230,0.00207500,4717.00,0.002145
1749264230,0.00207400,7165.00,0.002145
1749264230,0.00207300,4650.00,0.002145
1749264230,0.00207200,7317.00,0.002145
1749264230,0.00207100,4654.00,0.002145
1749264230,0.00207000,642745.00,0.002145
1749264230,0.00206900,4659.00,0.002145
1749264230,0.00206800,190992.00,0.002145
1749264230,0.00206700,2515.00,0.002145
1749264230,0.00206600,2807.00,0.002145
1749264230,0.00206500,395415.00,0.002145
1749264230,0.00206200,7343.00,0.002145
1749264230,0.00205900,53428.00,0.002145
1749264230,0.00205800,10352.00,0.002145
1749264230,0.00205700,43461.00,0.002145
1749264230,0.00205500,17257.00,0.002145
1749264230,0.00205300,2645.00,0.002145
1749264230,0.00205200,5438.00,0.002145
1749264230,0.00205100,12544.00,0.002145
1749264230,0.00205000,501887.00,0.002145
1749264230,0.00204700,5131.00,0.002145
1749264230,0.00204600,2781.00,0.002145
1749264230,0.00204500,29312.00,0.002145
1749264230,0.00204400,2515.00,0.002145
1749264230,0.00204200,17583.00,0.002145
1749264230,0.00204100,2664.00,0.002145
1749264230,0.00203900,10754.00,0.002145
1749264230,0.00203800,10453.00,0.002145
1749264230,0.00203700,2515.00,0.002145
1749264230,0.00203200,37817.00,0.002145
1749264230,0.00203000,4764.00,0.002145
1749264532,0.00214800,471446.00,0.002149
1749264532,0.00214700,2633578.00,0.002149
1749264532,0.00214600,5470873.00,0.002149
1749264532,0.00214500,6236168.00,0.002149
1749264532,0.00214400,6636356.00,0.002149
1749264532,0.00214300,2929233.00,0.002149
1749264532,0.00214200,6249409.00,0.002149
1749264532,0.00214100,1520477.00,0.002149
1749264532,0.00214000,3168102.00,0.002149
1749264532,0.00213900,2069007.00,0.002149
1749264532,0.00213800,444211.00,0.002149
1749264532,0.00213700,3016167.00,0.002149
1749264532,0.00213600,3997844.00,0.002149
1749264532,0.00213500,3214363.00,0.002149
1749264532,0.00213400,4340735.00,0.002149
1749264532,0.00213300,428780.00,0.002149
1749264532,0.00213200,444375.00,0.002149
1749264532,0.00213100,441821.00,0.002149
1749264532,0.00213000,3389892.00,0.002149
1749264532,0.00212900,553235.00,0.002149
1749264532,0.00212800,443487.00,0.002149
1749264532,0.00212700,444141.00,0.002149
1749264532,0.00212600,438346.00,0.002149
1749264532,0.00212500,866862.00,0.002149
1749264532,0.00212400,3398042.00,0.002149
1749264532,0.00212300,438491.00,0.002149
1749264532,0.00212200,438516.00,0.002149
1749264532,0.00212100,1227602.00,0.002149
1749264532,0.00212000,443894.00,0.002149
1749264532,0.00211900,374266.00,0.002149
1749264532,0.00211800,563796.00,0.002149
1749264532,0.00211700,375062.00,0.002149
1749264532,0.00211600,163865.00,0.002149
1749264532,0.00211500,161275.00,0.002149
1749264532,0.00211400,305377.00,0.002149
1749264532,0.00211300,2012963.00,0.002149
1749264532,0.00211200,163887.00,0.002149
1749264532,0.00211100,8285.00,0.002149
1749264532,0.00211000,279743.00,0.002149
1749264532,0.00210900,449141.00,0.002149
1749264532,0.00210800,49361.00,0.002149
1749264532,0.00210700,4743.00,0.002149
1749264532,0.00210600,771692.00,0.002149
1749264532,0.00210500,7262.00,0.002149
1749264532,0.00210400,7369.00,0.002149
1749264532,0.00210300,7416.00,0.002149
1749264532,0.00210200,4752.00,0.002149
1749264532,0.00210100,4754.00,0.002149
1749264532,0.00210000,21456.00,0.002149
1749264532,0.00209900,781762.00,0.002149
1749264532,0.00209800,582244.00,0.002149
1749264532,0.00209700,762148.00,0.002149
1749264532,0.00209600,9952.00,0.002149
1749264532,0.00209500,28534.00,0.002149
1749264532,0.00209400,11692.00,0.002149
1749264532,0.00209300,4717.00,0.002149
1749264532,0.00209200,4717.00,0.002149
1749264532,0.00209100,4717.00,0.002149
1749264532,0.00209000,66450.00,0.002149
1749264532,0.00208900,12707.00,0.002149
1749264532,0.00208800,18106.00,0.002149
1749264532,0.00208700,4717.00,0.002149
1749264532,0.00208600,4717.00,0.002149
1749264532,0.00208500,4717.00,0.002149
1749264532,0.00208400,4717.00,0.002149
1749264532,0.00208300,42534.00,0.002149
1749264532,0.00208200,48320.00,0.002149
1749264532,0.00208100,849519.00,0.002149
1749264532,0.00208000,111494.00,0.002149
1749264532,0.00207900,115375.00,0.002149
1749264532,0.00207800,4717.00,0.002149
1749264532,0.00207700,4717.00,0.002149
1749264532,0.00207600,4717.00,0.002149
1749264532,0.00207500,4717.00,0.002149
1749264532,0.00207400,7163.00,0.002149
1749264532,0.00207300,4650.00,0.002149
1749264532,0.00207200,2665.00,0.002149
1749264532,0.00207000,638088.00,0.002149
1749264532,0.00206800,190992.00,0.002149
1749264532,0.00206700,2515.00,0.002149
1749264532,0.00206600,2807.00,0.002149
1749264532,0.00206500,395415.00,0.002149
1749264532,0.00206200,7343.00,0.002149
1749264532,0.00205900,53428.00,0.002149
1749264532,0.00205800,10352.00,0.002149
1749264532,0.00205700,43461.00,0.002149
1749264532,0.00205500,17257.00,0.002149
1749264532,0.00205300,2645.00,0.002149
1749264532,0.00205200,5438.00,0.002149
1749264532,0.00205100,12544.00,0.002149
1749264532,0.00205000,487817.00,0.002149
1749264532,0.00204700,5131.00,0.002149
1749264532,0.00204600,2781.00,0.002149
1749264532,0.00204500,29312.00,0.002149
1749264532,0.00204400,2515.00,0.002149
1749264532,0.00204200,17583.00,0.002149
1749264532,0.00204100,2664.00,0.002149
1749264532,0.00203900,10754.00,0.002149
1749264532,0.00203800,10453.00,0.002149
1749264532,0.00203700,2515.00,0.002149
1749264833,0.00215500,227542.00,0.002155
1749264833,0.00215400,1389463.00,0.002155
1749264833,0.00215300,3581866.00,0.002155
1749264833,0.00215200,3458233.00,0.002155
1749264833,0.00215100,4509795.00,0.002155
1749264833,0.00215000,6919217.00,0.002155
1749264833,0.00214900,6988819.00,0.002155
1749264833,0.00214800,5625862.00,0.002155
1749264833,0.00214700,1009490.00,0.002155
1749264833,0.00214600,4396796.00,0.002155
1749264833,0.00214500,3910998.00,0.002155
1749264833,0.00214400,973945.00,0.002155
1749264833,0.00214300,4845483.00,0.002155
1749264833,0.00214200,3293106.00,0.002155
1749264833,0.00214100,658713.00,0.002155
1749264833,0.00214000,937019.00,0.002155
1749264833,0.00213900,441581.00,0.002155
1749264833,0.00213800,441631.00,0.002155
1749264833,0.00213700,2872793.00,0.002155
1749264833,0.00213600,446758.00,0.002155
1749264833,0.00213500,445885.00,0.002155
1749264833,0.00213400,4313813.00,0.002155
1749264833,0.00213300,542975.00,0.002155
1749264833,0.00213200,440859.00,0.002155
1749264833,0.00213100,1193640.00,0.002155
1749264833,0.00213000,1375214.00,0.002155
1749264833,0.00212900,467084.00,0.002155
1749264833,0.00212800,443487.00,0.002155
1749264833,0.00212700,444141.00,0.002155
1749264833,0.00212600,498881.00,0.002155
1749264833,0.00212500,531524.00,0.002155
1749264833,0.00212400,3350833.00,0.002155
1749264833,0.00212300,391282.00,0.002155
1749264833,0.00212200,391285.00,0.002155
1749264833,0.00212100,178001.00,0.002155
1749264833,0.00212000,213850.00,0.002155
1749264833,0.00211900,144222.00,0.002155
1749264833,0.00211800,924012.00,0.002155
1749264833,0.00211700,375062.00,0.002155
1749264833,0.00211600,10865.00,0.002155
1749264833,0.00211500,8275.00,0.002155
1749264833,0.00211400,148831.00,0.002155
1749264833,0.00211300,1856417.00,0.002155
1749264833,0.00211200,9925.00,0.002155
1749264833,0.00211100,4734.00,0.002155
1749264833,0.00211000,123191.00,0.002155
1749264833,0.00210900,1059356.00,0.002155
1749264833,0.00210800,49361.00,0.002155
1749264833,0.00210700,4743.00,0.002155
1749264833,0.00210600,7390.00,0.002155
1749264833,0.00210500,7262.00,0.002155
1749264833,0.00210400,4749.00,0.002155
1749264833,0.00210300,7416.00,0.002155
1749264833,0.00210200,4752.00,0.002155
1749264833,0.00210100,4754.00,0.002155
1749264833,0.00210000,21456.00,0.002155
1749264833,0.00209900,14911.00,0.002155
1749264833,0.00209800,4763.00,0.002155
1749264833,0.00209700,762148.00,0.002155
1749264833,0.00209600,9952.00,0.002155
1749264833,0.00209500,28534.00,0.002155
1749264833,0.00209400,11692.00,0.002155
1749264833,0.00209300,4717.00,0.002155
1749264833,0.00209200,4717.00,0.002155
1749264833,0.00209100,4717.00,0.002155
1749264833,0.00209000,66450.00,0.002155
1749264833,0.00208900,12707.00,0.002155
1749264833,0.00208800,18106.00,0.002155
1749264833,0.00208700,4717.00,0.002155
1749264833,0.00208600,4717.00,0.002155
1749264833,0.00208500,4717.00,0.002155
1749264833,0.00208400,4717.00,0.002155
1749264833,0.00208300,42534.00,0.002155
1749264833,0.00208200,48320.00,0.002155
1749264833,0.00208100,849519.00,0.002155
1749264833,0.00208000,111494.00,0.002155
1749264833,0.00207900,110658.00,0.002155
1749264833,0.00207400,2515.00,0.002155
1749264833,0.00207200,2665.00,0.002155
1749264833,0.00207000,638088.00,0.002155
1749264833,0.00206800,190992.00,0.002155
1749264833,0.00206700,2515.00,0.002155
1749264833,0.00206600,2807.00,0.002155
1749264833,0.00206500,392509.00,0.002155
1749264833,0.00206200,7343.00,0.002155
1749264833,0.00205900,53428.00,0.002155
1749264833,0.00205800,10352.00,0.002155
1749264833,0.00205700,43461.00,0.002155
1749264833,0.00205500,17257.00,0.002155
1749264833,0.00205300,2645.00,0.002155
1749264833,0.00205200,5438.00,0.002155
1749264833,0.00205100,12544.00,0.002155
1749264833,0.00205000,487817.00,0.002155
1749264833,0.00204700,5131.00,0.002155
1749264833,0.00204600,2781.00,0.002155
1749264833,0.00204500,29312.00,0.002155
1749264833,0.00204400,2515.00,0.002155
1749264833,0.00204200,17583.00,0.002155
1749264833,0.00204100,2664.00,0.002155
1749264833,0.00203900,10754.00,0.002155
1749265135,0.00215500,1096420.00,0.002155
1749265135,0.00215400,4988380.00,0.002155
1749265135,0.00215300,6368394.00,0.002155
1749265135,0.00215200,5213635.00,0.002155
1749265135,0.00215100,6603392.00,0.002155
1749265135,0.00215000,6869982.00,0.002155
1749265135,0.00214900,1437446.00,0.002155
1749265135,0.00214800,2448851.00,0.002155
1749265135,0.00214700,2705663.00,0.002155
1749265135,0.00214600,2049324.00,0.002155
1749265135,0.00214500,3910845.00,0.002155
1749265135,0.00214400,1136640.00,0.002155
1749265135,0.00214300,7789402.00,0.002155
1749265135,0.00214200,4416098.00,0.002155
1749265135,0.00214100,545576.00,0.002155
1749265135,0.00214000,918675.00,0.002155
1749265135,0.00213900,441581.00,0.002155
1749265135,0.00213800,867433.00,0.002155
1749265135,0.00213700,552574.00,0.002155
1749265135,0.00213600,2874881.00,0.002155
1749265135,0.00213500,875054.00,0.002155
1749265135,0.00213400,438184.00,0.002155
1749265135,0.00213300,425266.00,0.002155
1749265135,0.00213200,440859.00,0.002155
1749265135,0.00213100,4159899.00,0.002155
1749265135,0.00213000,952810.00,0.002155
1749265135,0.00212900,467084.00,0.002155
1749265135,0.00212800,396367.00,0.002155
1749265135,0.00212700,396998.00,0.002155
1749265135,0.00212600,451805.00,0.002155
1749265135,0.00212500,2240445.00,0.002155
1749265135,0.00212400,294810.00,0.002155
1749265135,0.00212300,919420.00,0.002155
1749265135,0.00212200,161241.00,0.002155
1749265135,0.00212100,178001.00,0.002155
1749265135,0.00212000,218850.00,0.002155
1749265135,0.00211900,161257.00,0.002155
1749265135,0.00211800,11040.00,0.002155
1749265135,0.00211700,660366.00,0.002155
1749265135,0.00211600,7323.00,0.002155
1749265135,0.00211500,4731.00,0.002155
1749265135,0.00211400,148831.00,0.002155
1749265135,0.00211300,7246.00,0.002155
1749265135,0.00211200,9925.00,0.002155
1749265135,0.00211100,4734.00,0.002155
1749265135,0.00211000,123191.00,0.002155
1749265135,0.00210900,767953.00,0.002155
1749265135,0.00210800,46751.00,0.002155
1749265135,0.00210700,4743.00,0.002155
1749265135,0.00210600,7390.00,0.002155
1749265135,0.00210500,7262.00,0.002155
1749265135,0.00210400,4749.00,0.002155
1749265135,0.00210300,7416.00,0.002155
1749265135,0.00210200,4752.00,0.002155
1749265135,0.00210100,4754.00,0.002155
1749265135,0.00210000,21456.00,0.002155
1749265135,0.00209900,14911.00,0.002155
1749265135,0.00209800,4763.00,0.002155
1749265135,0.00209700,762148.00,0.002155
1749265135,0.00209600,9952.00,0.002155
1749265135,0.00209500,28534.00,0.002155
1749265135,0.00209400,11692.00,0.002155
1749265135,0.00209300,4717.00,0.002155
1749265135,0.00209200,4717.00,0.002155
1749265135,0.00209100,4717.00,0.002155
1749265135,0.00209000,66450.00,0.002155
1749265135,0.00208900,12707.00,0.002155
1749265135,0.00208800,18106.00,0.002155
1749265135,0.00208700,4717.00,0.002155
1749265135,0.00208600,4717.00,0.002155
1749265135,0.00208500,4717.00,0.002155
1749265135,0.00208400,4717.00,0.002155
1749265135,0.00208300,42534.00,0.002155
1749265135,0.00208200,48236.00,0.002155
1749265135,0.00208100,849436.00,0.002155
1749265135,0.00208000,111412.00,0.002155
1749265135,0.00207900,110658.00,0.002155
1749265135,0.00207400,2515.00,0.002155
1749265135,0.00207200,2665.00,0.002155
1749265135,0.00207000,638088.00,0.002155
1749265135,0.00206800,190992.00,0.002155
1749265135,0.00206700,2515.00,0.002155
1749265135,0.00206600,2807.00,0.002155
1749265135,0.00206500,392509.00,0.002155
1749265135,0.00206200,7343.00,0.002155
1749265135,0.00205900,53428.00,0.002155
1749265135,0.00205800,10352.00,0.002155
1749265135,0.00205700,43461.00,0.002155
1749265135,0.00205500,17257.00,0.002155
1749265135,0.00205300,2645.00,0.002155
1749265135,0.00205200,5438.00,0.002155
1749265135,0.00205100,12544.00,0.002155
1749265135,0.00205000,487817.00,0.002155
1749265135,0.00204700,5131.00,0.002155
1749265135,0.00204600,2781.00,0.002155
1749265135,0.00204500,29312.00,0.002155
1749265135,0.00204400,2515.00,0.002155
1749265135,0.00204200,17583.00,0.002155
1749265135,0.00204100,2664.00,0.002155
1749265135,0.00203900,10754.00,0.002155
1749265436,0.00215700,446148.00,0.002157
1749265436,0.00215600,2573505.00,0.002157
1749265436,0.00215500,6332386.00,0.002157
1749265436,0.00215400,5223255.00,0.002157
1749265436,0.00215300,6828025.00,0.002157
1749265436,0.00215200,2606312.00,0.002157
1749265436,0.00215100,7653325.00,0.002157
1749265436,0.00215000,1650156.00,0.002157
1749265436,0.00214900,4968969.00,0.002157
1749265436,0.00214800,4244482.00,0.002157
1749265436,0.00214700,443955.00,0.002157
1749265436,0.00214600,3426770.00,0.002157
1749265436,0.00214500,3740128.00,0.002157
1749265436,0.00214400,475679.00,0.002157
1749265436,0.00214300,1667005.00,0.002157
1749265436,0.00214200,7099774.00,0.002157
1749265436,0.00214100,441526.00,0.002157
1749265436,0.00214000,918675.00,0.002157
1749265436,0.00213900,2870417.00,0.002157
1749265436,0.00213800,557444.00,0.002157
1749265436,0.00213700,438129.00,0.002157
1749265436,0.00213600,443249.00,0.002157
1749265436,0.00213500,1301495.00,0.002157
1749265436,0.00213400,438184.00,0.002157
1749265436,0.00213300,425266.00,0.002157
1749265436,0.00213200,440859.00,0.002157
1749265436,0.00213100,4220275.00,0.002157
1749265436,0.00213000,952810.00,0.002157
1749265436,0.00212900,467084.00,0.002157
1749265436,0.00212800,396367.00,0.002157
1749265436,0.00212700,537148.00,0.002157
1749265436,0.00212600,391270.00,0.002157
1749265436,0.00212500,2240445.00,0.002157
1749265436,0.00212400,154530.00,0.002157
1749265436,0.00212300,919420.00,0.002157
1749265436,0.00212200,161241.00,0.002157
1749265436,0.00212100,178001.00,0.002157
1749265436,0.00212000,218850.00,0.002157
1749265436,0.00211900,161257.00,0.002157
1749265436,0.00211800,11040.00,0.002157
1749265436,0.00211700,660366.00,0.002157
1749265436,0.00211600,7323.00,0.002157
1749265436,0.00211500,4731.00,0.002157
1749265436,0.00211400,301831.00,0.002157
1749265436,0.00211300,7246.00,0.002157
1749265436,0.00211200,9925.00,0.002157
1749265436,0.00211100,4734.00,0.002157
1749265436,0.00211000,123191.00,0.002157
1749265436,0.00210900,767953.00,0.002157
1749265436,0.00210800,46751.00,0.002157
1749265436,0.00210700,4743.00,0.002157
1749265436,0.00210600,7390.00,0.002157
1749265436,0.00210500,7262.00,0.002157
1749265436,0.00210400,4749.00,0.002157
1749265436,0.00210300,7416.00,0.002157
1749265436,0.00210200,4752.00,0.002157
1749265436,0.00210100,4754.00,0.002157
1749265436,0.00210000,21456.00,0.002157
1749265436,0.00209900,14911.00,0.002157
1749265436,0.00209800,4763.00,0.002157
1749265436,0.00209700,762148.00,0.002157
1749265436,0.00209600,9952.00,0.002157
1749265436,0.00209500,28534.00,0.002157
1749265436,0.00209400,11692.00,0.002157
1749265436,0.00209300,4717.00,0.002157
1749265436,0.00209200,4717.00,0.002157
1749265436,0.00209100,4717.00,0.002157
1749265436,0.00209000,66450.00,0.002157
1749265436,0.00208900,12707.00,0.002157
1749265436,0.00208800,18106.00,0.002157
1749265436,0.00208700,4717.00,0.002157
1749265436,0.00208600,4717.00,0.002157
1749265436,0.00208500,4717.00,0.002157
1749265436,0.00208400,4717.00,0.002157
1749265436,0.00208300,42534.00,0.002157
1749265436,0.00208200,48236.00,0.002157
1749265436,0.00208100,844802.00,0.002157
1749265436,0.00208000,106777.00,0.002157
1749265436,0.00207900,110658.00,0.002157
1749265436,0.00207400,2515.00,0.002157
1749265436,0.00207200,2665.00,0.002157
1749265436,0.00207000,638088.00,0.002157
1749265436,0.00206800,190992.00,0.002157
1749265436,0.00206700,2515.00,0.002157
1749265436,0.00206600,2807.00,0.002157
1749265436,0.00206500,392509.00,0.002157
1749265436,0.00206200,7343.00,0.002157
1749265436,0.00205900,53428.00,0.002157
1749265436,0.00205800,10352.00,0.002157
1749265436,0.00205700,43461.00,0.002157
1749265436,0.00205500,17257.00,0.002157
1749265436,0.00205300,2645.00,0.002157
1749265436,0.00205200,5438.00,0.002157
1749265436,0.00205100,12544.00,0.002157
1749265436,0.00205000,487817.00,0.002157
1749265436,0.00204700,5131.00,0.002157
1749265436,0.00204600,2781.00,0.002157
1749265436,0.00204500,29312.00,0.002157
1749265436,0.00204400,2515.00,0.002157
1749265436,0.00204200,17583.00,0.002157
1749265738,0.00216300,757807.00,0.002163
1749265738,0.00216200,2776175.00,0.002163
1749265738,0.00216100,2629574.00,0.002163
1749265738,0.00216000,5302926.00,0.002163
1749265738,0.00215900,5909622.00,0.002163
1749265738,0.00215800,3140294.00,0.002163
1749265738,0.00215700,4213000.00,0.002163
1749265738,0.00215600,2301184.00,0.002163
1749265738,0.00215500,633740.00,0.002163
1749265738,0.00215400,1924020.00,0.002163
1749265738,0.00215300,2514448.00,0.002163
1749265738,0.00215200,2705541.00,0.002163
1749265738,0.00215100,441276.00,0.002163
1749265738,0.00215000,4202946.00,0.002163
1749265738,0.00214900,4485624.00,0.002163
1749265738,0.00214800,4116062.00,0.002163
1749265738,0.00214700,689823.00,0.002163
1749265738,0.00214600,4335390.00,0.002163
1749265738,0.00214500,656687.00,0.002163
1749265738,0.00214400,2869755.00,0.002163
1749265738,0.00214300,1000487.00,0.002163
1749265738,0.00214200,438000.00,0.002163
1749265738,0.00214100,978388.00,0.002163
1749265738,0.00214000,915172.00,0.002163
1749265738,0.00213900,438077.00,0.002163
1749265738,0.00213800,3404384.00,0.002163
1749265738,0.00213700,438129.00,0.002163
1749265738,0.00213600,1257065.00,0.002163
1749265738,0.00213500,442374.00,0.002163
1749265738,0.00213400,476001.00,0.002163
1749265738,0.00213300,520673.00,0.002163
1749265738,0.00213200,393827.00,0.002163
1749265738,0.00213100,391250.00,0.002163
1749265738,0.00213000,675690.00,0.002163
1749265738,0.00212900,189964.00,0.002163
1749265738,0.00212800,922723.00,0.002163
1749265738,0.00212700,166954.00,0.002163
1749265738,0.00212600,161226.00,0.002163
1749265738,0.00212500,2010401.00,0.002163
1749265738,0.00212400,154530.00,0.002163
1749265738,0.00212300,161238.00,0.002163
1749265738,0.00212200,4709.00,0.002163
1749265738,0.00212100,21467.00,0.002163
1749265738,0.00212000,62314.00,0.002163
1749265738,0.00211900,4720.00,0.002163
1749265738,0.00211800,7501.00,0.002163
1749265738,0.00211700,507366.00,0.002163
1749265738,0.00211600,7323.00,0.002163
1749265738,0.00211500,4731.00,0.002163
1749265738,0.00211400,910241.00,0.002163
1749265738,0.00211300,7246.00,0.002163
1749265738,0.00211200,7315.00,0.002163
1749265738,0.00211100,4734.00,0.002163
1749265738,0.00211000,123191.00,0.002163
1749265738,0.00210900,4738.00,0.002163
1749265738,0.00210800,46751.00,0.002163
1749265738,0.00210700,4743.00,0.002163
1749265738,0.00210600,7390.00,0.002163
1749265738,0.00210500,7262.00,0.002163
1749265738,0.00210400,4749.00,0.002163
1749265738,0.00210300,7416.00,0.002163
1749265738,0.00210200,4752.00,0.002163
1749265738,0.00210100,4754.00,0.002163
1749265738,0.00210000,21456.00,0.002163
1749265738,0.00209900,14911.00,0.002163
1749265738,0.00209800,4763.00,0.002163
1749265738,0.00209700,762148.00,0.002163
1749265738,0.00209600,9952.00,0.002163
1749265738,0.00209500,28534.00,0.002163
1749265738,0.00209400,11692.00,0.002163
1749265738,0.00209300,4717.00,0.002163
1749265738,0.00209200,4717.00,0.002163
1749265738,0.00209100,4717.00,0.002163
1749265738,0.00209000,66450.00,0.002163
1749265738,0.00208900,12707.00,0.002163
1749265738,0.00208800,18106.00,0.002163
1749265738,0.00208300,37817.00,0.002163
1749265738,0.00208200,43603.00,0.002163
1749265738,0.00208100,844802.00,0.002163
1749265738,0.00208000,106777.00,0.002163
1749265738,0.00207900,110658.00,0.002163
1749265738,0.00207400,2515.00,0.002163
1749265738,0.00207200,2665.00,0.002163
1749265738,0.00207000,638088.00,0.002163
1749265738,0.00206800,190992.00,0.002163
1749265738,0.00206700,2515.00,0.002163
1749265738,0.00206600,2807.00,0.002163
1749265738,0.00206500,392509.00,0.002163
1749265738,0.00206200,7343.00,0.002163
1749265738,0.00205900,53428.00,0.002163
1749265738,0.00205800,10352.00,0.002163
1749265738,0.00205700,43461.00,0.002163
1749265738,0.00205500,17257.00,0.002163
1749265738,0.00205300,2645.00,0.002163
1749265738,0.00205200,5438.00,0.002163
1749265738,0.00205100,12544.00,0.002163
1749265738,0.00205000,487817.00,0.002163
1749265738,0.00204700,5131.00,0.002163
1749265738,0.00204600,2781.00,0.002163
1749265738,0.00204500,29312.00,0.002163
1749266039,0.00216800,178242.00,0.002167
1749266039,0.00216700,2843289.00,0.002167
1749266039,0.00216600,1989029.00,0.002167
1749266039,0.00216500,2812284.00,0.002167
1749266039,0.00216400,5461631.00,0.002167
1749266039,0.00216300,3243575.00,0.002167
1749266039,0.00216200,9362618.00,0.002167
1749266039,0.00216100,3021660.00,0.002167
1749266039,0.00216000,2916356.00,0.002167
1749266039,0.00215900,1900806.00,0.002167
1749266039,0.00215800,2601121.00,0.002167
1749266039,0.00215700,1321077.00,0.002167
1749266039,0.00215600,3197347.00,0.002167
1749266039,0.00215500,2997109.00,0.002167
1749266039,0.00215400,3505648.00,0.002167
1749266039,0.00215300,441181.00,0.002167
1749266039,0.00215200,656334.00,0.002167
1749266039,0.00215100,441276.00,0.002167
1749266039,0.00215000,4321933.00,0.002167
1749266039,0.00214900,529212.00,0.002167
1749266039,0.00214800,2862816.00,0.002167
1749266039,0.00214700,592178.00,0.002167
1749266039,0.00214600,456268.00,0.002167
1749266039,0.00214500,3619451.00,0.002167
1749266039,0.00214400,443058.00,0.002167
1749266039,0.00214300,1301370.00,0.002167
1749266039,0.00214200,447946.00,0.002167
1749266039,0.00214100,438025.00,0.002167
1749266039,0.00214000,445632.00,0.002167
1749266039,0.00213900,391220.00,0.002167
1749266039,0.00213800,391224.00,0.002167
1749266039,0.00213700,530608.00,0.002167
1749266039,0.00213600,226530.00,0.002167
1749266039,0.00213500,919306.00,0.002167
1749266039,0.00213400,199013.00,0.002167
1749266039,0.00213300,150879.00,0.002167
1749266039,0.00213200,376521.00,0.002167
1749266039,0.00213100,161206.00,0.002167
1749266039,0.00213000,166211.00,0.002167
1749266039,0.00212900,161215.00,0.002167
1749266039,0.00212800,162801.00,0.002167
1749266039,0.00212700,10430.00,0.002167
1749266039,0.00212600,4700.00,0.002167
1749266039,0.00212500,2142201.00,0.002167
1749266039,0.00212400,7295.00,0.002167
1749266039,0.00212300,4707.00,0.002167
1749266039,0.00212200,4709.00,0.002167
1749266039,0.00212100,21467.00,0.002167
1749266039,0.00212000,59714.00,0.002167
1749266039,0.00211900,764333.00,0.002167
1749266039,0.00211800,7501.00,0.002167
1749266039,0.00211700,4720.00,0.002167
1749266039,0.00211600,766813.00,0.002167
1749266039,0.00211500,4731.00,0.002167
1749266039,0.00211400,148831.00,0.002167
1749266039,0.00211300,7246.00,0.002167
1749266039,0.00211200,7315.00,0.002167
1749266039,0.00211100,4734.00,0.002167
1749266039,0.00211000,4736.00,0.002167
1749266039,0.00210900,4738.00,0.002167
1749266039,0.00210800,46751.00,0.002167
1749266039,0.00210700,4743.00,0.002167
1749266039,0.00210600,7390.00,0.002167
1749266039,0.00210500,7262.00,0.002167
1749266039,0.00210400,4749.00,0.002167
1749266039,0.00210300,7416.00,0.002167
1749266039,0.00210200,4752.00,0.002167
1749266039,0.00210100,4754.00,0.002167
1749266039,0.00210000,21456.00,0.002167
1749266039,0.00209900,14911.00,0.002167
1749266039,0.00209800,4763.00,0.002167
1749266039,0.00209700,7280.00,0.002167
1749266039,0.00209600,9952.00,0.002167
1749266039,0.00209500,28534.00,0.002167
1749266039,0.00209400,11692.00,0.002167
1749266039,0.00209300,4609.00,0.002167
1749266039,0.00209000,61733.00,0.002167
1749266039,0.00208900,7990.00,0.002167
1749266039,0.00208800,13389.00,0.002167
1749266039,0.00208600,525088.00,0.002167
1749266039,0.00208300,37817.00,0.002167
1749266039,0.00208200,43603.00,0.002167
1749266039,0.00208100,844802.00,0.002167
1749266039,0.00208000,106777.00,0.002167
1749266039,0.00207900,110658.00,0.002167
1749266039,0.00207400,2515.00,0.002167
1749266039,0.00207200,2665.00,0.002167
1749266039,0.00207000,98812.00,0.002167
1749266039,0.00206800,190992.00,0.002167
1749266039,0.00206700,2515.00,0.002167
1749266039,0.00206600,2807.00,0.002167
1749266039,0.00206500,392509.00,0.002167
1749266039,0.00206200,7343.00,0.002167
1749266039,0.00205900,53428.00,0.002167
1749266039,0.00205800,10352.00,0.002167
1749266039,0.00205700,43461.00,0.002167
1749266039,0.00205500,17257.00,0.002167
1749266039,0.00205300,2645.00,0.002167
1749266039,0.00205200,5438.00,0.002167
1749266039,0.00205100,12544.00,0.002167
1749266341,0.00216200,231451.00,0.002163
1749266341,0.00216100,2424983.00,0.002163
1749266341,0.00216000,7348712.00,0.002163
1749266341,0.00215900,9094956.00,0.002163
1749266341,0.00215800,2769867.00,0.002163
1749266341,0.00215700,6317336.00,0.002163
1749266341,0.00215600,3127028.00,0.002163
1749266341,0.00215500,1092452.00,0.002163
1749266341,0.00215400,5901079.00,0.002163
1749266341,0.00215300,2182196.00,0.002163
1749266341,0.00215200,446326.00,0.002163
1749266341,0.00215100,944241.00,0.002163
1749266341,0.00215000,6935669.00,0.002163
1749266341,0.00214900,712785.00,0.002163
1749266341,0.00214800,444525.00,0.002163
1749266341,0.00214700,475927.00,0.002163
1749266341,0.00214600,880652.00,0.002163
1749266341,0.00214500,4050276.00,0.002163
1749266341,0.00214400,559820.00,0.002163
1749266341,0.00214300,2973936.00,0.002163
1749266341,0.00214200,447946.00,0.002163
1749266341,0.00214100,498134.00,0.002163
1749266341,0.00214000,398797.00,0.002163
1749266341,0.00213900,391220.00,0.002163
1749266341,0.00213800,914043.00,0.002163
1749266341,0.00213700,2010355.00,0.002163
1749266341,0.00213600,919850.00,0.002163
1749266341,0.00213500,165386.00,0.002163
1749266341,0.00213400,199013.00,0.002163
1749266341,0.00213300,150879.00,0.002163
1749266341,0.00213200,516241.00,0.002163
1749266341,0.00213100,161206.00,0.002163
1749266341,0.00213000,166211.00,0.002163
1749266341,0.00212900,4694.00,0.002163
1749266341,0.00212800,9801.00,0.002163
1749266341,0.00212700,163430.00,0.002163
1749266341,0.00212600,4700.00,0.002163
1749266341,0.00212500,446030.00,0.002163
1749266341,0.00212400,7295.00,0.002163
1749266341,0.00212300,4707.00,0.002163
1749266341,0.00212200,4709.00,0.002163
1749266341,0.00212100,174467.00,0.002163
1749266341,0.00212000,818969.00,0.002163
1749266341,0.00211900,4720.00,0.002163
1749266341,0.00211800,7501.00,0.002163
1749266341,0.00211700,4720.00,0.002163
1749266341,0.00211600,766813.00,0.002163
1749266341,0.00211500,4731.00,0.002163
1749266341,0.00211400,148831.00,0.002163
1749266341,0.00211300,7246.00,0.002163
1749266341,0.00211200,7315.00,0.002163
1749266341,0.00211100,4734.00,0.002163
1749266341,0.00211000,4736.00,0.002163
1749266341,0.00210900,4738.00,0.002163
1749266341,0.00210800,46751.00,0.002163
1749266341,0.00210700,4743.00,0.002163
1749266341,0.00210600,7390.00,0.002163
1749266341,0.00210500,7262.00,0.002163
1749266341,0.00210400,4749.00,0.002163
1749266341,0.00210300,7416.00,0.002163
1749266341,0.00210200,4752.00,0.002163
1749266341,0.00210100,4754.00,0.002163
1749266341,0.00210000,21456.00,0.002163
1749266341,0.00209900,14911.00,0.002163
1749266341,0.00209800,4763.00,0.002163
1749266341,0.00209700,7280.00,0.002163
1749266341,0.00209600,9952.00,0.002163
1749266341,0.00209500,28534.00,0.002163
1749266341,0.00209400,11580.00,0.002163
1749266341,0.00209300,4607.00,0.002163
1749266341,0.00209200,4609.00,0.002163
1749266341,0.00209100,4611.00,0.002163
1749266341,0.00209000,66347.00,0.002163
1749266341,0.00208900,12606.00,0.002163
1749266341,0.00208800,18007.00,0.002163
1749266341,0.00208700,4620.00,0.002163
1749266341,0.00208600,525088.00,0.002163
1749266341,0.00208300,37817.00,0.002163
1749266341,0.00208200,43603.00,0.002163
1749266341,0.00208100,844802.00,0.002163
1749266341,0.00208000,106777.00,0.002163
1749266341,0.00207900,110658.00,0.002163
1749266341,0.00207400,2515.00,0.002163
1749266341,0.00207200,2665.00,0.002163
1749266341,0.00207000,98812.00,0.002163
1749266341,0.00206800,190992.00,0.002163
1749266341,0.00206700,2515.00,0.002163
1749266341,0.00206600,2807.00,0.002163
1749266341,0.00206500,392509.00,0.002163
1749266341,0.00206200,7343.00,0.002163
1749266341,0.00205900,53428.00,0.002163
1749266341,0.00205800,10352.00,0.002163
1749266341,0.00205700,43461.00,0.002163
1749266341,0.00205500,17257.00,0.002163
1749266341,0.00205300,2645.00,0.002163
1749266341,0.00205200,5438.00,0.002163
1749266341,0.00205100,12544.00,0.002163
1749266341,0.00205000,487817.00,0.002163
1749266341,0.00204700,5131.00,0.002163
1749266341,0.00204600,2781.00,0.002163
1749266650,0.00217000,230454.00,0.00217
1749266650,0.00216900,1191219.00,0.00217
1749266650,0.00216800,1973134.00,0.00217
1749266650,0.00216700,3858242.00,0.00217
1749266650,0.00216600,4560567.00,0.00217
1749266650,0.00216500,3887463.00,0.00217
1749266650,0.00216400,5241729.00,0.00217
1749266650,0.00216300,2747812.00,0.00217
1749266650,0.00216200,2636930.00,0.00217
1749266650,0.00216100,1341723.00,0.00217
1749266650,0.00216000,2190170.00,0.00217
1749266650,0.00215900,443570.00,0.00217
1749266650,0.00215800,1133187.00,0.00217
1749266650,0.00215700,2269911.00,0.00217
1749266650,0.00215600,5291724.00,0.00217
1749266650,0.00215500,464351.00,0.00217
1749266650,0.00215400,3969354.00,0.00217
1749266650,0.00215300,441181.00,0.00217
1749266650,0.00215200,633127.00,0.00217
1749266650,0.00215100,2856547.00,0.00217
1749266650,0.00215000,4437310.00,0.00217
1749266650,0.00214900,525724.00,0.00217
1749266650,0.00214800,444525.00,0.00217
1749266650,0.00214700,475927.00,0.00217
1749266650,0.00214600,880652.00,0.00217
1749266650,0.00214500,3619451.00,0.00217
1749266650,0.00214400,443058.00,0.00217
1749266650,0.00214300,550264.00,0.00217
1749266650,0.00214200,447946.00,0.00217
1749266650,0.00214100,451321.00,0.00217
1749266650,0.00214000,398797.00,0.00217
1749266650,0.00213900,391220.00,0.00217
1749266650,0.00213800,914043.00,0.00217
1749266650,0.00213700,2149945.00,0.00217
1749266650,0.00213600,166282.00,0.00217
1749266650,0.00213500,165386.00,0.00217
1749266650,0.00213400,199013.00,0.00217
1749266650,0.00213300,150879.00,0.00217
1749266650,0.00213200,376521.00,0.00217
1749266650,0.00213100,161206.00,0.00217
1749266650,0.00213000,921901.00,0.00217
1749266650,0.00212900,4694.00,0.00217
1749266650,0.00212800,9801.00,0.00217
1749266650,0.00212700,10430.00,0.00217
1749266650,0.00212600,4700.00,0.00217
1749266650,0.00212500,293030.00,0.00217
1749266650,0.00212400,7295.00,0.00217
1749266650,0.00212300,4707.00,0.00217
1749266650,0.00212200,4709.00,0.00217
1749266650,0.00212100,21467.00,0.00217
1749266650,0.00212000,818969.00,0.00217
1749266650,0.00211900,4720.00,0.00217
1749266650,0.00211800,7501.00,0.00217
1749266650,0.00211700,4720.00,0.00217
1749266650,0.00211600,766813.00,0.00217
1749266650,0.00211500,4731.00,0.00217
1749266650,0.00211400,148831.00,0.00217
1749266650,0.00211300,7246.00,0.00217
1749266650,0.00211200,7315.00,0.00217
1749266650,0.00211100,4734.00,0.00217
1749266650,0.00211000,4736.00,0.00217
1749266650,0.00210900,4738.00,0.00217
1749266650,0.00210800,46751.00,0.00217
1749266650,0.00210700,4743.00,0.00217
1749266650,0.00210600,7390.00,0.00217
1749266650,0.00210500,7262.00,0.00217
1749266650,0.00210400,4749.00,0.00217
1749266650,0.00210300,7416.00,0.00217
1749266650,0.00210200,4752.00,0.00217
1749266650,0.00210100,4754.00,0.00217
1749266650,0.00210000,21456.00,0.00217
1749266650,0.00209900,14911.00,0.00217
1749266650,0.00209800,4763.00,0.00217
1749266650,0.00209700,7280.00,0.00217
1749266650,0.00209600,9952.00,0.00217
1749266650,0.00209500,28534.00,0.00217
1749266650,0.00209400,6975.00,0.00217
1749266650,0.00209000,61733.00,0.00217
1749266650,0.00208900,7990.00,0.00217
1749266650,0.00208800,13389.00,0.00217
1749266650,0.00208600,525088.00,0.00217
1749266650,0.00208300,37817.00,0.00217
1749266650,0.00208200,43603.00,0.00217
1749266650,0.00208100,844802.00,0.00217
1749266650,0.00208000,106777.00,0.00217
1749266650,0.00207900,110658.00,0.00217
1749266650,0.00207400,2515.00,0.00217
1749266650,0.00207200,2665.00,0.00217
1749266650,0.00207000,98812.00,0.00217
1749266650,0.00206800,190992.00,0.00217
1749266650,0.00206700,2515.00,0.00217
1749266650,0.00206600,2807.00,0.00217
1749266650,0.00206500,392509.00,0.00217
1749266650,0.00206200,7343.00,0.00217
1749266650,0.00205900,53428.00,0.00217
1749266650,0.00205800,10352.00,0.00217
1749266650,0.00205700,43461.00,0.00217
1749266650,0.00205500,17257.00,0.00217
1749266650,0.00205300,2645.00,0.00217
1749266650,0.00205200,5438.00,0.00217
1749266951,0.00216900,178242.00,0.00217
1749266951,0.00216800,3439255.00,0.00217
1749266951,0.00216700,4846658.00,0.00217
1749266951,0.00216600,7538886.00,0.00217
1749266951,0.00216500,4093667.00,0.00217
1749266951,0.00216400,6058980.00,0.00217
1749266951,0.00216300,3461379.00,0.00217
1749266951,0.00216200,6059472.00,0.00217
1749266951,0.00216100,2453714.00,0.00217
1749266951,0.00216000,2831287.00,0.00217
1749266951,0.00215900,472717.00,0.00217
1749266951,0.00215800,1433149.00,0.00217
1749266951,0.00215700,3839465.00,0.00217
1749266951,0.00215600,3019841.00,0.00217
1749266951,0.00215500,627710.00,0.00217
1749266951,0.00215400,4297815.00,0.00217
1749266951,0.00215300,441181.00,0.00217
1749266951,0.00215200,2860501.00,0.00217
1749266951,0.00215100,437793.00,0.00217
1749266951,0.00215000,558195.00,0.00217
1749266951,0.00214900,525724.00,0.00217
1749266951,0.00214800,444525.00,0.00217
1749266951,0.00214700,475927.00,0.00217
1749266951,0.00214600,456268.00,0.00217
1749266951,0.00214500,4369857.00,0.00217
1749266951,0.00214400,443058.00,0.00217
1749266951,0.00214300,550264.00,0.00217
1749266951,0.00214200,447946.00,0.00217
1749266951,0.00214100,451321.00,0.00217
1749266951,0.00214000,398797.00,0.00217
1749266951,0.00213900,161176.00,0.00217
1749266951,0.00213800,1053353.00,0.00217
1749266951,0.00213700,2010355.00,0.00217
1749266951,0.00213600,166282.00,0.00217
1749266951,0.00213500,168051.00,0.00217
1749266951,0.00213400,199013.00,0.00217
1749266951,0.00213300,150879.00,0.00217
1749266951,0.00213200,376521.00,0.00217
1749266951,0.00213100,4689.00,0.00217
1749266951,0.00213000,9692.00,0.00217
1749266951,0.00212900,4694.00,0.00217
1749266951,0.00212800,9801.00,0.00217
1749266951,0.00212700,10430.00,0.00217
1749266951,0.00212600,4700.00,0.00217
1749266951,0.00212500,1050498.00,0.00217
1749266951,0.00212400,4705.00,0.00217
1749266951,0.00212300,4707.00,0.00217
1749266951,0.00212200,4709.00,0.00217
1749266951,0.00212100,21467.00,0.00217
1749266951,0.00212000,59714.00,0.00217
1749266951,0.00211900,4720.00,0.00217
1749266951,0.00211800,7501.00,0.00217
1749266951,0.00211700,4720.00,0.00217
1749266951,0.00211600,766813.00,0.00217
1749266951,0.00211500,4731.00,0.00217
1749266951,0.00211400,148831.00,0.00217
1749266951,0.00211300,7246.00,0.00217
1749266951,0.00211200,7315.00,0.00217
1749266951,0.00211100,4734.00,0.00217
1749266951,0.00211000,4736.00,0.00217
1749266951,0.00210900,4738.00,0.00217
1749266951,0.00210800,46751.00,0.00217
1749266951,0.00210700,761277.00,0.00217
1749266951,0.00210600,7390.00,0.00217
1749266951,0.00210500,7262.00,0.00217
1749266951,0.00210400,4749.00,0.00217
1749266951,0.00210300,7416.00,0.00217
1749266951,0.00210200,4752.00,0.00217
1749266951,0.00210100,4754.00,0.00217
1749266951,0.00210000,21456.00,0.00217
1749266951,0.00209900,14911.00,0.00217
1749266951,0.00209800,4763.00,0.00217
1749266951,0.00209700,7280.00,0.00217
1749266951,0.00209600,9785.00,0.00217
1749266951,0.00209500,28420.00,0.00217
1749266951,0.00209400,11580.00,0.00217
1749266951,0.00209000,61733.00,0.00217
1749266951,0.00208900,7990.00,0.00217
1749266951,0.00208800,13389.00,0.00217
1749266951,0.00208600,525088.00,0.00217
1749266951,0.00208300,37817.00,0.00217
1749266951,0.00208200,43603.00,0.00217
1749266951,0.00208100,88268.00,0.00217
1749266951,0.00208000,106777.00,0.00217
1749266951,0.00207900,110658.00,0.00217
1749266951,0.00207400,2515.00,0.00217
1749266951,0.00207200,2665.00,0.00217
1749266951,0.00207000,98812.00,0.00217
1749266951,0.00206800,190992.00,0.00217
1749266951,0.00206700,2515.00,0.00217
1749266951,0.00206600,2807.00,0.00217
1749266951,0.00206500,392509.00,0.00217
1749266951,0.00206200,7343.00,0.00217
1749266951,0.00205900,53428.00,0.00217
1749266951,0.00205800,10352.00,0.00217
1749266951,0.00205700,43461.00,0.00217
1749266951,0.00205500,17257.00,0.00217
1749266951,0.00205300,2645.00,0.00217
1749266951,0.00205200,5438.00,0.00217
1749266951,0.00205100,12544.00,0.00217
1749267253,0.00216600,542956.00,0.002166
1749267253,0.00216500,5015512.00,0.002166
1749267253,0.00216400,4998159.00,0.002166
1749267253,0.00216300,6423548.00,0.002166
1749267253,0.00216200,6925572.00,0.002166
1749267253,0.00216100,5036943.00,0.002166
1749267253,0.00216000,6274947.00,0.002166
1749267253,0.00215900,4852806.00,0.002166
1749267253,0.00215800,2430756.00,0.002166
1749267253,0.00215700,3565500.00,0.002166
1749267253,0.00215600,443660.00,0.002166
1749267253,0.00215500,441169.00,0.002166
1749267253,0.00215400,4800103.00,0.002166
1749267253,0.00215300,769969.00,0.002166
1749267253,0.00215200,3004166.00,0.002166
1749267253,0.00215100,624680.00,0.002166
1749267253,0.00215000,442818.00,0.002166
1749267253,0.00214900,525724.00,0.002166
1749267253,0.00214800,2863388.00,0.002166
1749267253,0.00214700,592827.00,0.002166
1749267253,0.00214600,456268.00,0.002166
1749267253,0.00214500,3619451.00,0.002166
1749267253,0.00214400,443058.00,0.002166
1749267253,0.00214300,550264.00,0.002166
1749267253,0.00214200,469133.00,0.002166
1749267253,0.00214100,451321.00,0.002166
1749267253,0.00214000,1150956.00,0.002166
1749267253,0.00213900,161176.00,0.002166
1749267253,0.00213800,161180.00,0.002166
1749267253,0.00213700,2010355.00,0.002166
1749267253,0.00213600,305802.00,0.002166
1749267253,0.00213500,168051.00,0.002166
1749267253,0.00213400,199013.00,0.002166
1749267253,0.00213300,905506.00,0.002166
1749267253,0.00213200,163783.00,0.002166
1749267253,0.00213100,4689.00,0.002166
1749267253,0.00213000,9692.00,0.002166
1749267253,0.00212900,157694.00,0.002166
1749267253,0.00212800,9801.00,0.002166
1749267253,0.00212700,10430.00,0.002166
1749267253,0.00212600,157700.00,0.002166
1749267253,0.00212500,1050498.00,0.002166
1749267253,0.00212400,4705.00,0.002166
1749267253,0.00212300,4707.00,0.002166
1749267253,0.00212200,4709.00,0.002166
1749267253,0.00212100,21467.00,0.002166
1749267253,0.00212000,59714.00,0.002166
1749267253,0.00211900,4720.00,0.002166
1749267253,0.00211800,7501.00,0.002166
1749267253,0.00211700,4720.00,0.002166
1749267253,0.00211600,766813.00,0.002166
1749267253,0.00211500,4731.00,0.002166
1749267253,0.00211400,148831.00,0.002166
1749267253,0.00211300,7246.00,0.002166
1749267253,0.00211200,7315.00,0.002166
1749267253,0.00211100,4734.00,0.002166
1749267253,0.00211000,4736.00,0.002166
1749267253,0.00210900,4738.00,0.002166
1749267253,0.00210800,46751.00,0.002166
1749267253,0.00210700,761277.00,0.002166
1749267253,0.00210600,7390.00,0.002166
1749267253,0.00210500,7262.00,0.002166
1749267253,0.00210400,4749.00,0.002166
1749267253,0.00210300,7416.00,0.002166
1749267253,0.00210200,4752.00,0.002166
1749267253,0.00210100,4754.00,0.002166
1749267253,0.00210000,21456.00,0.002166
1749267253,0.00209900,14911.00,0.002166
1749267253,0.00209800,4763.00,0.002166
1749267253,0.00209700,7280.00,0.002166
1749267253,0.00209600,9785.00,0.002166
1749267253,0.00209500,28420.00,0.002166
1749267253,0.00209400,11580.00,0.002166
1749267253,0.00209300,4607.00,0.002166
1749267253,0.00209200,4609.00,0.002166
1749267253,0.00209100,4611.00,0.002166
1749267253,0.00209000,61733.00,0.002166
1749267253,0.00208900,7990.00,0.002166
1749267253,0.00208800,13389.00,0.002166
1749267253,0.00208600,525088.00,0.002166
1749267253,0.00208300,37817.00,0.002166
1749267253,0.00208200,43603.00,0.002166
1749267253,0.00208100,88268.00,0.002166
1749267253,0.00208000,106777.00,0.002166
1749267253,0.00207900,110658.00,0.002166
1749267253,0.00207400,2515.00,0.002166
1749267253,0.00207200,2665.00,0.002166
1749267253,0.00207000,98812.00,0.002166
1749267253,0.00206800,190992.00,0.002166
1749267253,0.00206700,2515.00,0.002166
1749267253,0.00206600,2807.00,0.002166
1749267253,0.00206500,392509.00,0.002166
1749267253,0.00206200,7343.00,0.002166
1749267253,0.00205900,53428.00,0.002166
1749267253,0.00205800,10352.00,0.002166
1749267253,0.00205700,43461.00,0.002166
1749267253,0.00205500,17257.00,0.002166
1749267253,0.00205300,2645.00,0.002166
1749267253,0.00205200,5438.00,0.002166
1749267253,0.00205100,12544.00,0.002166
1749267554,0.00217100,226829.00,0.002171
1749267554,0.00217000,1756851.00,0.002171
1749267554,0.00216900,3079928.00,0.002171
1749267554,0.00216800,7736439.00,0.002171
1749267554,0.00216700,5606526.00,0.002171
1749267554,0.00216600,5645645.00,0.002171
1749267554,0.00216500,5855174.00,0.002171
1749267554,0.00216400,2592553.00,0.002171
1749267554,0.00216300,1325228.00,0.002171
1749267554,0.00216200,2247288.00,0.002171
1749267554,0.00216100,2438597.00,0.002171
1749267554,0.00216000,946864.00,0.002171
1749267554,0.00215900,2803878.00,0.002171
1749267554,0.00215800,2993050.00,0.002171
1749267554,0.00215700,3800973.00,0.002171
1749267554,0.00215600,466830.00,0.002171
1749267554,0.00215500,627710.00,0.002171
1749267554,0.00215400,4297815.00,0.002171
1749267554,0.00215300,441181.00,0.002171
1749267554,0.00215200,2860389.00,0.002171
1749267554,0.00215100,437793.00,0.002171
1749267554,0.00215000,557257.00,0.002171
1749267554,0.00214900,525724.00,0.002171
1749267554,0.00214800,444525.00,0.002171
1749267554,0.00214700,475927.00,0.002171
1749267554,0.00214600,456268.00,0.002171
1749267554,0.00214500,3619451.00,0.002171
1749267554,0.00214400,443058.00,0.002171
1749267554,0.00214300,610308.00,0.002171
1749267554,0.00214200,422341.00,0.002171
1749267554,0.00214100,530412.00,0.002171
1749267554,0.00214000,1150956.00,0.002171
1749267554,0.00213900,161176.00,0.002171
1749267554,0.00213800,161180.00,0.002171
1749267554,0.00213700,2010355.00,0.002171
1749267554,0.00213600,166282.00,0.002171
1749267554,0.00213500,168051.00,0.002171
1749267554,0.00213400,199013.00,0.002171
1749267554,0.00213300,905506.00,0.002171
1749267554,0.00213200,10783.00,0.002171
1749267554,0.00213100,4689.00,0.002171
1749267554,0.00213000,9692.00,0.002171
1749267554,0.00212900,4694.00,0.002171
1749267554,0.00212800,9801.00,0.002171
1749267554,0.00212700,10430.00,0.002171
1749267554,0.00212600,4700.00,0.002171
1749267554,0.00212500,1050498.00,0.002171
1749267554,0.00212400,4705.00,0.002171
1749267554,0.00212300,4707.00,0.002171
1749267554,0.00212200,4709.00,0.002171
1749267554,0.00212100,21467.00,0.002171
1749267554,0.00212000,59714.00,0.002171
1749267554,0.00211900,4720.00,0.002171
1749267554,0.00211800,7501.00,0.002171
1749267554,0.00211700,4720.00,0.002171
1749267554,0.00211600,766813.00,0.002171
1749267554,0.00211500,4731.00,0.002171
1749267554,0.00211400,148831.00,0.002171
1749267554,0.00211300,7246.00,0.002171
1749267554,0.00211200,7315.00,0.002171
1749267554,0.00211100,4734.00,0.002171
1749267554,0.00211000,4736.00,0.002171
1749267554,0.00210900,4738.00,0.002171
1749267554,0.00210800,46751.00,0.002171
1749267554,0.00210700,761277.00,0.002171
1749267554,0.00210600,7390.00,0.002171
1749267554,0.00210500,7262.00,0.002171
1749267554,0.00210400,4749.00,0.002171
1749267554,0.00210300,7416.00,0.002171
1749267554,0.00210200,4752.00,0.002171
1749267554,0.00210100,4754.00,0.002171
1749267554,0.00210000,21456.00,0.002171
1749267554,0.00209900,14911.00,0.002171
1749267554,0.00209800,4763.00,0.002171
1749267554,0.00209700,7280.00,0.002171
1749267554,0.00209600,9785.00,0.002171
1749267554,0.00209500,23817.00,0.002171
1749267554,0.00209400,6975.00,0.002171
1749267554,0.00209000,61733.00,0.002171
1749267554,0.00208900,7990.00,0.002171
1749267554,0.00208800,13389.00,0.002171
1749267554,0.00208600,525088.00,0.002171
1749267554,0.00208300,37817.00,0.002171
1749267554,0.00208200,43603.00,0.002171
1749267554,0.00208100,88268.00,0.002171
1749267554,0.00208000,106777.00,0.002171
1749267554,0.00207900,110658.00,0.002171
1749267554,0.00207400,2515.00,0.002171
1749267554,0.00207200,2665.00,0.002171
1749267554,0.00207000,98812.00,0.002171
1749267554,0.00206800,190992.00,0.002171
1749267554,0.00206700,2515.00,0.002171
1749267554,0.00206600,2807.00,0.002171
1749267554,0.00206500,392509.00,0.002171
1749267554,0.00206200,7343.00,0.002171
1749267554,0.00205900,53428.00,0.002171
1749267554,0.00205800,10352.00,0.002171
1749267554,0.00205700,43461.00,0.002171
1749267554,0.00205500,17257.00,0.002171
1749267554,0.00205300,2645.00,0.002171
1749267856,0.00217700,232232.00,0.002177
1749267856,0.00217600,2610755.00,0.002177
1749267856,0.00217500,4772899.00,0.002177
1749267856,0.00217400,5822992.00,0.002177
1749267856,0.00217300,5367139.00,0.002177
1749267856,0.00217200,7493234.00,0.002177
1749267856,0.00217100,7903054.00,0.002177
1749267856,0.00217000,1513436.00,0.002177
1749267856,0.00216900,927708.00,0.002177
1749267856,0.00216800,681002.00,0.002177
1749267856,0.00216700,3622861.00,0.002177
1749267856,0.00216600,610809.00,0.002177
1749267856,0.00216500,3027422.00,0.002177
1749267856,0.00216400,6048238.00,0.002177
1749267856,0.00216300,902707.00,0.002177
1749267856,0.00216200,468239.00,0.002177
1749267856,0.00216100,4859833.00,0.002177
1749267856,0.00216000,451078.00,0.002177
1749267856,0.00215900,512995.00,0.002177
1749267856,0.00215800,2848677.00,0.002177
1749267856,0.00215700,556055.00,0.002177
1749267856,0.00215600,440183.00,0.002177
1749267856,0.00215500,3572677.00,0.002177
1749267856,0.00215400,418706.00,0.002177
1749267856,0.00215300,437699.00,0.002177
1749267856,0.00215200,442843.00,0.002177
1749267856,0.00215100,437793.00,0.002177
1749267856,0.00215000,442818.00,0.002177
1749267856,0.00214900,525724.00,0.002177
1749267856,0.00214800,504431.00,0.002177
1749267856,0.00214700,1178929.00,0.002177
1749267856,0.00214600,548433.00,0.002177
1749267856,0.00214500,376378.00,0.002177
1749267856,0.00214400,2015037.00,0.002177
1749267856,0.00214300,244701.00,0.002177
1749267856,0.00214200,192297.00,0.002177
1749267856,0.00214100,161168.00,0.002177
1749267856,0.00214000,168753.00,0.002177
1749267856,0.00213900,913687.00,0.002177
1749267856,0.00213800,161180.00,0.002177
1749267856,0.00213700,161184.00,0.002177
1749267856,0.00213600,9773.00,0.002177
1749267856,0.00213500,11540.00,0.002177
1749267856,0.00213400,42500.00,0.002177
1749267856,0.00213300,299495.00,0.002177
1749267856,0.00213200,7267.00,0.002177
1749267856,0.00213100,4689.00,0.002177
1749267856,0.00213000,765382.00,0.002177
1749267856,0.00212900,4694.00,0.002177
1749267856,0.00212800,7211.00,0.002177
1749267856,0.00212700,754019.00,0.002177
1749267856,0.00212600,4700.00,0.002177
1749267856,0.00212500,44903.00,0.002177
1749267856,0.00212400,4705.00,0.002177
1749267856,0.00212300,4707.00,0.002177
1749267856,0.00212200,4709.00,0.002177
1749267856,0.00212100,21467.00,0.002177
1749267856,0.00212000,59714.00,0.002177
1749267856,0.00211900,4720.00,0.002177
1749267856,0.00211800,7501.00,0.002177
1749267856,0.00211700,4720.00,0.002177
1749267856,0.00211600,11945.00,0.002177
1749267856,0.00211500,4731.00,0.002177
1749267856,0.00211400,148831.00,0.002177
1749267856,0.00211300,7246.00,0.002177
1749267856,0.00211200,7315.00,0.002177
1749267856,0.00211100,744538.00,0.002177
1749267856,0.00211000,4736.00,0.002177
1749267856,0.00210900,4738.00,0.002177
1749267856,0.00210800,46751.00,0.002177
1749267856,0.00210700,4743.00,0.002177
1749267856,0.00210600,7390.00,0.002177
1749267856,0.00210500,7262.00,0.002177
1749267856,0.00210400,4749.00,0.002177
1749267856,0.00210300,7416.00,0.002177
1749267856,0.00210200,4752.00,0.002177
1749267856,0.00210000,1919170.00,0.002177
1749267856,0.00209900,10150.00,0.002177
1749267856,0.00209700,2515.00,0.002177
1749267856,0.00209600,5184.00,0.002177
1749267856,0.00209500,413438.00,0.002177
1749267856,0.00209400,6975.00,0.002177
1749267856,0.00209000,64245.00,0.002177
1749267856,0.00208900,7990.00,0.002177
1749267856,0.00208800,13389.00,0.002177
1749267856,0.00208600,525088.00,0.002177
1749267856,0.00208300,37817.00,0.002177
1749267856,0.00208200,43603.00,0.002177
1749267856,0.00208100,88268.00,0.002177
1749267856,0.00208000,106777.00,0.002177
1749267856,0.00207900,110658.00,0.002177
1749267856,0.00207400,2515.00,0.002177
1749267856,0.00207200,2665.00,0.002177
1749267856,0.00207000,98812.00,0.002177
1749267856,0.00206800,190992.00,0.002177
1749267856,0.00206700,2515.00,0.002177
1749267856,0.00206600,2807.00,0.002177
1749267856,0.00206500,7959.00,0.002177
1749267856,0.00206200,7343.00,0.002177
1749267856,0.00205900,53428.00,0.002177
1749268157,0.00217700,210354.00,0.002177
1749268157,0.00217600,1864550.00,0.002177
1749268157,0.00217500,4265660.00,0.002177
1749268157,0.00217400,3597049.00,0.002177
1749268157,0.00217300,5712510.00,0.002177
1749268157,0.00217200,2427832.00,0.002177
1749268157,0.00217100,3678543.00,0.002177
1749268157,0.00217000,4530277.00,0.002177
1749268157,0.00216900,2333180.00,0.002177
1749268157,0.00216800,865066.00,0.002177
1749268157,0.00216700,4886929.00,0.002177
1749268157,0.00216600,443384.00,0.002177
1749268157,0.00216500,743082.00,0.002177
1749268157,0.00216400,6048998.00,0.002177
1749268157,0.00216300,902707.00,0.002177
1749268157,0.00216200,468239.00,0.002177
1749268157,0.00216100,4673810.00,0.002177
1749268157,0.00216000,451078.00,0.002177
1749268157,0.00215900,627258.00,0.002177
1749268157,0.00215800,557113.00,0.002177
1749268157,0.00215700,2849780.00,0.002177
1749268157,0.00215600,440183.00,0.002177
