timestamp,price,volume,current_price
1749258455,0.00213800,422653.00,0.002139
1749258455,0.00213700,3534485.00,0.002139
1749258455,0.00213600,1744955.00,0.002139
1749258455,0.00213500,3222767.00,0.002139
1749258455,0.00213400,3640796.00,0.002139
1749258455,0.00213300,6880748.00,0.002139
1749258455,0.00213200,7633630.00,0.002139
1749258455,0.00213100,3658441.00,0.002139
1749258455,0.00213000,1933828.00,0.002139
1749258455,0.00212900,1218006.00,0.002139
1749258455,0.00212800,1116960.00,0.002139
1749258455,0.00212700,470528.00,0.002139
1749258455,0.00212600,6882285.00,0.002139
1749258455,0.00212500,501903.00,0.002139
1749258455,0.00212400,452794.00,0.002139
1749258455,0.00212300,438513.00,0.002139
1749258455,0.00212200,4091751.00,0.002139
1749258455,0.00212100,445271.00,0.002139
1749258455,0.00212000,597634.00,0.002139
1749258455,0.00211900,438621.00,0.002139
1749258455,0.00211800,3479136.00,0.002139
1749258455,0.00211700,1199001.00,0.002139
1749258455,0.00211600,441274.00,0.002139
1749258455,0.00211500,391319.00,0.002139
1749258455,0.00211400,535421.00,0.002139
1749258455,0.00211300,393836.00,0.002139
1749258455,0.00211200,163887.00,0.002139
1749258455,0.00211100,731381.00,0.002139
1749258455,0.00211000,814557.00,0.002139
1749258455,0.00210900,302522.00,0.002139
1749258455,0.00210800,196340.00,0.002139
1749258455,0.00210700,161301.00,0.002139
1749258455,0.00210600,10949.00,0.002139
1749258455,0.00210500,163823.00,0.002139
1749258455,0.00210400,2025512.00,0.002139
1749258455,0.00210300,7416.00,0.002139
1749258455,0.00210200,449870.00,0.002139
1749258455,0.00210100,4754.00,0.002139
1749258455,0.00210000,9800.00,0.002139
1749258455,0.00209900,167911.00,0.002139
1749258455,0.00209800,4763.00,0.002139
1749258455,0.00209700,7280.00,0.002139
1749258455,0.00209600,9952.00,0.002139
1749258455,0.00209500,795893.00,0.002139
1749258455,0.00209400,11692.00,0.002139
1749258455,0.00209300,4717.00,0.002139
1749258455,0.00209200,4717.00,0.002139
1749258455,0.00209100,220480.00,0.002139
1749258455,0.00209000,66450.00,0.002139
1749258455,0.00208900,12707.00,0.002139
1749258455,0.00208800,18106.00,0.002139
1749258455,0.00208700,4717.00,0.002139
1749258455,0.00208600,9323.00,0.002139
1749258455,0.00208500,4717.00,0.002139
1749258455,0.00208400,4717.00,0.002139
1749258455,0.00208300,42534.00,0.002139
1749258455,0.00208200,48320.00,0.002139
1749258455,0.00208100,92985.00,0.002139
1749258455,0.00208000,111494.00,0.002139
1749258455,0.00207900,115375.00,0.002139
1749258455,0.00207800,4717.00,0.002139
1749258455,0.00207700,4717.00,0.002139
1749258455,0.00207600,4717.00,0.002139
1749258455,0.00207500,4717.00,0.002139
1749258455,0.00207400,7232.00,0.002139
1749258455,0.00207300,4717.00,0.002139
1749258455,0.00207200,7382.00,0.002139
1749258455,0.00207100,4717.00,0.002139
1749258455,0.00207000,103529.00,0.002139
1749258455,0.00206900,4659.00,0.002139
1749258455,0.00206800,195655.00,0.002139
1749258455,0.00206700,7178.00,0.002139
1749258455,0.00206600,7472.00,0.002139
1749258455,0.00206500,12629.00,0.002139
1749258455,0.00206400,4670.00,0.002139
1749258455,0.00206200,537781.00,0.002139
1749258455,0.00206100,759259.00,0.002139
1749258455,0.00205900,53428.00,0.002139
1749258455,0.00205800,10352.00,0.002139
1749258455,0.00205700,43461.00,0.002139
1749258455,0.00205600,100080.00,0.002139
1749258455,0.00205500,17257.00,0.002139
1749258455,0.00205300,2645.00,0.002139
1749258455,0.00205200,5438.00,0.002139
1749258455,0.00205100,12544.00,0.002139
1749258455,0.00205000,518701.00,0.002139
1749258455,0.00204700,5131.00,0.002139
1749258455,0.00204600,373553.00,0.002139
1749258455,0.00204500,29312.00,0.002139
1749258455,0.00204400,2515.00,0.002139
1749258455,0.00204200,17583.00,0.002139
1749258455,0.00204100,2664.00,0.002139
1749258455,0.00203900,10754.00,0.002139
1749258455,0.00203800,10453.00,0.002139
1749258455,0.00203700,2515.00,0.002139
1749258455,0.00203200,37817.00,0.002139
1749258455,0.00203000,4764.00,0.002139
1749258455,0.00202900,6709.00,0.002139
1749258455,0.00202600,2645.00,0.002139
1749258455,0.00202300,2781.00,0.002139
1749258812,0.00213900,182177.00,0.002139
1749258812,0.00213800,1214606.00,0.002139
1749258812,0.00213700,4340761.00,0.002139
1749258812,0.00213600,8090402.00,0.002139
1749258812,0.00213500,5049586.00,0.002139
1749258812,0.00213400,6117740.00,0.002139
1749258812,0.00213300,3017096.00,0.002139
1749258812,0.00213200,4911774.00,0.002139
1749258812,0.00213100,3618998.00,0.002139
1749258812,0.00213000,631609.00,0.002139
1749258812,0.00212900,3545201.00,0.002139
1749258812,0.00212800,458697.00,0.002139
1749258812,0.00212700,911547.00,0.002139
1749258812,0.00212600,6183590.00,0.002139
1749258812,0.00212500,441966.00,0.002139
1749258812,0.00212400,456259.00,0.002139
1749258812,0.00212300,4171830.00,0.002139
1749258812,0.00212200,2886361.00,0.002139
1749258812,0.00212100,445271.00,0.002139
1749258812,0.00212000,481853.00,0.002139
1749258812,0.00211900,438621.00,0.002139
1749258812,0.00211800,441315.00,0.002139
1749258812,0.00211700,4264728.00,0.002139
1749258812,0.00211600,889245.00,0.002139
1749258812,0.00211500,452169.00,0.002139
1749258812,0.00211400,535421.00,0.002139
1749258812,0.00211300,393836.00,0.002139
1749258812,0.00211200,175593.00,0.002139
1749258812,0.00211100,1493873.00,0.002139
1749258812,0.00211000,894773.00,0.002139
1749258812,0.00210900,161292.00,0.002139
1749258812,0.00210800,208041.00,0.002139
1749258812,0.00210700,161301.00,0.002139
1749258812,0.00210600,1934229.00,0.002139
1749258812,0.00210500,163823.00,0.002139
1749258812,0.00210400,172070.00,0.002139
1749258812,0.00210300,7416.00,0.002139
1749258812,0.00210200,157752.00,0.002139
1749258812,0.00210100,4754.00,0.002139
1749258812,0.00210000,21501.00,0.002139
1749258812,0.00209900,167911.00,0.002139
1749258812,0.00209800,582244.00,0.002139
1749258812,0.00209700,7280.00,0.002139
1749258812,0.00209600,165582.00,0.002139
1749258812,0.00209500,181534.00,0.002139
1749258812,0.00209400,11692.00,0.002139
1749258812,0.00209300,4717.00,0.002139
1749258812,0.00209200,4717.00,0.002139
1749258812,0.00209100,220480.00,0.002139
1749258812,0.00209000,831462.00,0.002139
1749258812,0.00208900,12707.00,0.002139
1749258812,0.00208800,18106.00,0.002139
1749258812,0.00208700,4717.00,0.002139
1749258812,0.00208600,9323.00,0.002139
1749258812,0.00208500,4717.00,0.002139
1749258812,0.00208400,4717.00,0.002139
1749258812,0.00208300,42534.00,0.002139
1749258812,0.00208200,48320.00,0.002139
1749258812,0.00208100,92985.00,0.002139
1749258812,0.00208000,111494.00,0.002139
1749258812,0.00207900,115375.00,0.002139
1749258812,0.00207800,4717.00,0.002139
1749258812,0.00207700,4717.00,0.002139
1749258812,0.00207600,4717.00,0.002139
1749258812,0.00207500,4717.00,0.002139
1749258812,0.00207400,773607.00,0.002139
1749258812,0.00207300,4717.00,0.002139
1749258812,0.00207200,7382.00,0.002139
1749258812,0.00207100,4717.00,0.002139
1749258812,0.00207000,103529.00,0.002139
1749258812,0.00206900,4659.00,0.002139
1749258812,0.00206800,195655.00,0.002139
1749258812,0.00206700,7178.00,0.002139
1749258812,0.00206600,7472.00,0.002139
1749258812,0.00206500,12629.00,0.002139
1749258812,0.00206400,4670.00,0.002139
1749258812,0.00206200,7343.00,0.002139
1749258812,0.00205900,53428.00,0.002139
1749258812,0.00205800,394902.00,0.002139
1749258812,0.00205700,43461.00,0.002139
1749258812,0.00205600,100080.00,0.002139
1749258812,0.00205500,17257.00,0.002139
1749258812,0.00205300,2645.00,0.002139
1749258812,0.00205200,5438.00,0.002139
1749258812,0.00205100,12544.00,0.002139
1749258812,0.00205000,518701.00,0.002139
1749258812,0.00204700,5131.00,0.002139
1749258812,0.00204600,2781.00,0.002139
1749258812,0.00204500,29312.00,0.002139
1749258812,0.00204400,2515.00,0.002139
1749258812,0.00204200,17583.00,0.002139
1749258812,0.00204100,2664.00,0.002139
1749258812,0.00203900,10754.00,0.002139
1749258812,0.00203800,10453.00,0.002139
1749258812,0.00203700,2515.00,0.002139
1749258812,0.00203200,37817.00,0.002139
1749258812,0.00203000,4764.00,0.002139
1749258812,0.00202900,6709.00,0.002139
1749258812,0.00202600,2645.00,0.002139
1749258812,0.00202300,2781.00,0.002139
1749259119,0.00213400,178242.00,0.002134
1749259119,0.00213300,1058653.00,0.002134
1749259119,0.00213200,1890893.00,0.002134
1749259119,0.00213100,2543877.00,0.002134
1749259119,0.00213000,2178689.00,0.002134
1749259119,0.00212900,2300464.00,0.002134
1749259119,0.00212800,3012684.00,0.002134
1749259119,0.00212700,4690362.00,0.002134
1749259119,0.00212600,2985198.00,0.002134
1749259119,0.00212500,1924928.00,0.002134
1749259119,0.00212400,550071.00,0.002134
1749259119,0.00212300,7695750.00,0.002134
1749259119,0.00212200,565146.00,0.002134
1749259119,0.00212100,832110.00,0.002134
1749259119,0.00212000,3079583.00,0.002134
1749259119,0.00211900,462188.00,0.002134
1749259119,0.00211800,631114.00,0.002134
1749259119,0.00211700,4264728.00,0.002134
1749259119,0.00211600,889245.00,0.002134
1749259119,0.00211500,2964672.00,0.002134
1749259119,0.00211400,582564.00,0.002134
1749259119,0.00211300,393836.00,0.002134
1749259119,0.00211200,175593.00,0.002134
1749259119,0.00211100,731381.00,0.002134
1749259119,0.00211000,814548.00,0.002134
1749259119,0.00210900,161292.00,0.002134
1749259119,0.00210800,208041.00,0.002134
1749259119,0.00210700,161301.00,0.002134
1749259119,0.00210600,2698531.00,0.002134
1749259119,0.00210500,163823.00,0.002134
1749259119,0.00210400,172070.00,0.002134
1749259119,0.00210300,149016.00,0.002134
1749259119,0.00210200,157752.00,0.002134
1749259119,0.00210100,4754.00,0.002134
1749259119,0.00210000,174501.00,0.002134
1749259119,0.00209900,14911.00,0.002134
1749259119,0.00209800,735244.00,0.002134
1749259119,0.00209700,7280.00,0.002134
1749259119,0.00209600,177272.00,0.002134
1749259119,0.00209500,181534.00,0.002134
1749259119,0.00209400,11692.00,0.002134
1749259119,0.00209300,451645.00,0.002134
1749259119,0.00209200,19059.00,0.002134
1749259119,0.00209100,373480.00,0.002134
1749259119,0.00209000,984462.00,0.002134
1749259119,0.00208900,12707.00,0.002134
1749259119,0.00208800,171106.00,0.002134
1749259119,0.00208700,4717.00,0.002134
1749259119,0.00208600,9323.00,0.002134
1749259119,0.00208500,4717.00,0.002134
1749259119,0.00208400,4717.00,0.002134
1749259119,0.00208300,42534.00,0.002134
1749259119,0.00208200,48320.00,0.002134
1749259119,0.00208100,92985.00,0.002134
1749259119,0.00208000,111494.00,0.002134
1749259119,0.00207900,115375.00,0.002134
1749259119,0.00207800,4717.00,0.002134
1749259119,0.00207700,4717.00,0.002134
1749259119,0.00207600,4717.00,0.002134
1749259119,0.00207500,4717.00,0.002134
1749259119,0.00207400,773607.00,0.002134
1749259119,0.00207300,4717.00,0.002134
1749259119,0.00207200,7382.00,0.002134
1749259119,0.00207100,4717.00,0.002134
1749259119,0.00207000,103529.00,0.002134
1749259119,0.00206900,4659.00,0.002134
1749259119,0.00206800,195655.00,0.002134
1749259119,0.00206700,7178.00,0.002134
1749259119,0.00206600,7472.00,0.002134
1749259119,0.00206500,12626.00,0.002134
1749259119,0.00206400,4670.00,0.002134
1749259119,0.00206300,4672.00,0.002134
1749259119,0.00206200,12017.00,0.002134
1749259119,0.00206100,4676.00,0.002134
1749259119,0.00206000,4678.00,0.002134
1749259119,0.00205900,58109.00,0.002134
1749259119,0.00205800,394902.00,0.002134
1749259119,0.00205700,43461.00,0.002134
1749259119,0.00205600,100080.00,0.002134
1749259119,0.00205500,17257.00,0.002134
1749259119,0.00205400,538869.00,0.002134
1749259119,0.00205300,2645.00,0.002134
1749259119,0.00205200,5438.00,0.002134
1749259119,0.00205100,12544.00,0.002134
1749259119,0.00205000,518701.00,0.002134
1749259119,0.00204700,5131.00,0.002134
1749259119,0.00204600,2781.00,0.002134
1749259119,0.00204500,29312.00,0.002134
1749259119,0.00204400,2515.00,0.002134
1749259119,0.00204200,17583.00,0.002134
1749259119,0.00204100,2664.00,0.002134
1749259119,0.00203900,10754.00,0.002134
1749259119,0.00203800,10453.00,0.002134
1749259119,0.00203700,2515.00,0.002134
1749259119,0.00203200,37817.00,0.002134
1749259119,0.00203000,4764.00,0.002134
1749259119,0.00202900,6709.00,0.002134
1749259119,0.00202600,2645.00,0.002134
1749259119,0.00202300,2781.00,0.002134
1749259119,0.00202200,2515.00,0.002134
