timestamp,price,volume,current_price
1749260839,1.22590000,41.70000000,1.226
1749260839,1.22580000,171.10000000,1.226
1749260839,1.22570000,18.80000000,1.226
1749260839,1.22560000,115.30000000,1.226
1749260839,1.22550000,18.80000000,1.226
1749260839,1.22540000,243.70000000,1.226
1749260839,1.22530000,423.50000000,1.226
1749260839,1.22520000,669.40000000,1.226
1749260839,1.22510000,2172.70000000,1.226
1749260839,1.22500000,215.60000000,1.226
1749260839,1.22490000,375.70000000,1.226
1749260839,1.22480000,199.10000000,1.226
1749260839,1.22470000,545.50000000,1.226
1749260839,1.22460000,94.20000000,1.226
1749260839,1.22450000,1883.60000000,1.226
1749260839,1.22440000,5223.20000000,1.226
1749260839,1.22430000,1596.20000000,1.226
1749260839,1.22420000,1539.20000000,1.226
1749260839,1.22410000,1677.60000000,1.226
1749260839,1.22400000,412.60000000,1.226
1749260839,1.22390000,1304.30000000,1.226
1749260839,1.22380000,1262.00000000,1.226
1749260839,1.22370000,8.20000000,1.226
1749260839,1.22360000,182.20000000,1.226
1749260839,1.22350000,1893.90000000,1.226
1749260839,1.22340000,6325.30000000,1.226
1749260839,1.22330000,1489.80000000,1.226
1749260839,1.22320000,1263.30000000,1.226
1749260839,1.22310000,2299.30000000,1.226
1749260839,1.22300000,14.40000000,1.226
1749260839,1.22290000,89.90000000,1.226
1749260839,1.22280000,12.70000000,1.226
1749260839,1.22270000,89.90000000,1.226
1749260839,1.22260000,8.20000000,1.226
1749260839,1.22250000,7779.70000000,1.226
1749260839,1.22240000,2108.60000000,1.226
1749260839,1.22230000,25.00000000,1.226
1749260839,1.22220000,235.70000000,1.226
1749260839,1.22210000,8.20000000,1.226
1749260839,1.22200000,12.80000000,1.226
1749260839,1.22190000,1340.60000000,1.226
1749260839,1.22180000,14.40000000,1.226
1749260839,1.22170000,2097.90000000,1.226
1749260839,1.22160000,6044.90000000,1.226
1749260839,1.22150000,17.40000000,1.226
1749260839,1.22140000,8.20000000,1.226
1749260839,1.22130000,25.00000000,1.226
1749260839,1.22120000,14.40000000,1.226
1749260839,1.22110000,2097.90000000,1.226
1749260839,1.22100000,90.10000000,1.226
1749260839,1.22090000,1262.10000000,1.226
1749260839,1.22080000,500.10000000,1.226
1749260839,1.22070000,687.00000000,1.226
1749260839,1.22060000,14680.80000000,1.226
1749260839,1.22050000,2698.70000000,1.226
1749260839,1.22040000,40257.50000000,1.226
1749260839,1.22030000,106.90000000,1.226
1749260839,1.22020000,8.30000000,1.226
1749260839,1.22010000,2515.80000000,1.226
1749260839,1.22000000,14.40000000,1.226
1749260839,1.21990000,5418.50000000,1.226
1749260839,1.21980000,8.20000000,1.226
1749260839,1.21970000,81.00000000,1.226
1749260839,1.21960000,8.20000000,1.226
1749260839,1.21950000,3123.10000000,1.226
1749260839,1.21940000,104.40000000,1.226
1749260839,1.21930000,860.90000000,1.226
1749260839,1.21920000,94.80000000,1.226
1749260839,1.21910000,8.20000000,1.226
1749260839,1.21900000,1262.00000000,1.226
1749260839,1.21890000,1831.00000000,1.226
1749260839,1.21880000,19706.90000000,1.226
1749260839,1.21870000,844.10000000,1.226
1749260839,1.21860000,8.20000000,1.226
1749260839,1.21850000,90.20000000,1.226
1749260839,1.21840000,8.20000000,1.226
1749260839,1.21830000,3964.10000000,1.226
1749260839,1.21820000,6.20000000,1.226
1749260839,1.21810000,81.90000000,1.226
1749260839,1.21800000,1258.40000000,1.226
1749260839,1.21790000,25592.70000000,1.226
1749260839,1.21780000,4225.00000000,1.226
1749260839,1.21770000,82.00000000,1.226
1749260839,1.21760000,6.20000000,1.226
1749260839,1.21750000,82.00000000,1.226
1749260839,1.21730000,2106.50000000,1.226
1749260839,1.21720000,1253.80000000,1.226
1749260839,1.21710000,82.00000000,1.226
1749260839,1.21700000,6.20000000,1.226
1749260839,1.21690000,296.40000000,1.226
1749260839,1.21680000,1258.40000000,1.226
1749260839,1.21670000,918.00000000,1.226
1749260839,1.21650000,157.20000000,1.226
1749260839,1.21640000,32468.40000000,1.226
1749260839,1.21630000,1270.60000000,1.226
1749260839,1.21620000,82.10000000,1.226
1749260839,1.21610000,835.90000000,1.226
1749260839,1.21600000,700.90000000,1.226
1749260839,1.21590000,90.20000000,1.226
1749260839,1.21580000,6.20000000,1.226
1749261165,1.22670000,30.20000000,1.2267
1749261165,1.22660000,212.80000000,1.2267
1749261165,1.22650000,14.40000000,1.2267
1749261165,1.22640000,110.70000000,1.2267
1749261165,1.22630000,336.90000000,1.2267
1749261165,1.22620000,311.80000000,1.2267
1749261165,1.22610000,1042.20000000,1.2267
1749261165,1.22600000,2570.80000000,1.2267
1749261165,1.22590000,457.00000000,1.2267
1749261165,1.22580000,369.30000000,1.2267
1749261165,1.22570000,861.30000000,1.2267
1749261165,1.22560000,110.90000000,1.2267
1749261165,1.22550000,218.10000000,1.2267
1749261165,1.22540000,513.50000000,1.2267
1749261165,1.22530000,1486.20000000,1.2267
1749261165,1.22520000,1307.50000000,1.2267
1749261165,1.22510000,1616.90000000,1.2267
1749261165,1.22500000,3147.40000000,1.2267
1749261165,1.22490000,3569.10000000,1.2267
1749261165,1.22480000,2456.90000000,1.2267
1749261165,1.22470000,1384.20000000,1.2267
1749261165,1.22460000,12.70000000,1.2267
1749261165,1.22450000,2245.50000000,1.2267
1749261165,1.22440000,6138.50000000,1.2267
1749261165,1.22430000,2296.90000000,1.2267
1749261165,1.22420000,5390.30000000,1.2267
1749261165,1.22410000,2604.60000000,1.2267
1749261165,1.22400000,94.30000000,1.2267
1749261165,1.22390000,130.40000000,1.2267
1749261165,1.22380000,340.60000000,1.2267
1749261165,1.22370000,1067.50000000,1.2267
1749261165,1.22360000,7596.90000000,1.2267
1749261165,1.22350000,89.80000000,1.2267
1749261165,1.22340000,8.20000000,1.2267
1749261165,1.22330000,1862.70000000,1.2267
1749261165,1.22320000,12.70000000,1.2267
1749261165,1.22310000,1463.40000000,1.2267
1749261165,1.22300000,13012.30000000,1.2267
1749261165,1.22290000,1340.50000000,1.2267
1749261165,1.22280000,205.70000000,1.2267
1749261165,1.22270000,89.90000000,1.2267
1749261165,1.22260000,8.20000000,1.2267
1749261165,1.22250000,1262.00000000,1.2267
1749261165,1.22240000,2108.60000000,1.2267
1749261165,1.22230000,25.00000000,1.2267
1749261165,1.22220000,89.90000000,1.2267
1749261165,1.22210000,8.20000000,1.2267
1749261165,1.22200000,8.20000000,1.2267
1749261165,1.22190000,90.00000000,1.2267
1749261165,1.22180000,161.00000000,1.2267
1749261165,1.22170000,2097.90000000,1.2267
1749261165,1.22160000,7292.50000000,1.2267
1749261165,1.22150000,17.40000000,1.2267
1749261165,1.22140000,8.20000000,1.2267
1749261165,1.22130000,19032.60000000,1.2267
1749261165,1.22120000,38932.30000000,1.2267
1749261165,1.22110000,2097.90000000,1.2267
1749261165,1.22100000,90.00000000,1.2267
1749261165,1.22090000,4980.60000000,1.2267
1749261165,1.22080000,8.20000000,1.2267
1749261165,1.22070000,161.00000000,1.2267
1749261165,1.22060000,1760.20000000,1.2267
1749261165,1.22050000,998.20000000,1.2267
1749261165,1.22040000,1894.60000000,1.2267
1749261165,1.22030000,106.80000000,1.2267
1749261165,1.22020000,8.20000000,1.2267
1749261165,1.22010000,2515.80000000,1.2267
1749261165,1.22000000,27305.00000000,1.2267
1749261165,1.21990000,926.00000000,1.2267
1749261165,1.21980000,8.20000000,1.2267
1749261165,1.21970000,8.20000000,1.2267
1749261165,1.21960000,8.20000000,1.2267
1749261165,1.21950000,1433.90000000,1.2267
1749261165,1.21940000,14.40000000,1.2267
1749261165,1.21930000,1006.10000000,1.2267
1749261165,1.21920000,94.80000000,1.2267
1749261165,1.21900000,1253.80000000,1.2267
1749261165,1.21880000,32764.30000000,1.2267
1749261165,1.21870000,835.90000000,1.2267
1749261165,1.21850000,82.00000000,1.2267
1749261165,1.21830000,1270.60000000,1.2267
1749261165,1.21820000,6.20000000,1.2267
1749261165,1.21810000,5592.90000000,1.2267
1749261165,1.21800000,1552.20000000,1.2267
1749261165,1.21790000,835.90000000,1.2267
1749261165,1.21780000,26401.20000000,1.2267
1749261165,1.21770000,1296.70000000,1.2267
1749261165,1.21760000,6.20000000,1.2267
1749261165,1.21750000,82.00000000,1.2267
1749261165,1.21730000,1270.60000000,1.2267
1749261165,1.21720000,1253.80000000,1.2267
1749261165,1.21710000,82.00000000,1.2267
1749261165,1.21700000,6.20000000,1.2267
1749261165,1.21680000,3934.40000000,1.2267
1749261165,1.21670000,82.10000000,1.2267
1749261165,1.21650000,157.20000000,1.2267
1749261165,1.21640000,1260.00000000,1.2267
1749261165,1.21630000,1311.70000000,1.2267
1749261165,1.21620000,82.10000000,1.2267
1749261165,1.21600000,6851.90000000,1.2267
1749261481,1.22820000,32.40000000,1.2283
1749261481,1.22810000,14.40000000,1.2283
1749261481,1.22800000,110.90000000,1.2283
1749261481,1.22790000,23.30000000,1.2283
1749261481,1.22780000,481.00000000,1.2283
1749261481,1.22770000,1766.90000000,1.2283
1749261481,1.22760000,2562.90000000,1.2283
1749261481,1.22750000,1390.40000000,1.2283
1749261481,1.22740000,163.60000000,1.2283
1749261481,1.22730000,465.20000000,1.2283
1749261481,1.22720000,564.10000000,1.2283
1749261481,1.22710000,2487.40000000,1.2283
1749261481,1.22700000,4254.00000000,1.2283
1749261481,1.22690000,1711.40000000,1.2283
1749261481,1.22680000,18.90000000,1.2283
1749261481,1.22670000,964.90000000,1.2283
1749261481,1.22660000,111.70000000,1.2283
1749261481,1.22650000,661.70000000,1.2283
1749261481,1.22640000,1591.90000000,1.2283
1749261481,1.22630000,719.20000000,1.2283
1749261481,1.22620000,2826.80000000,1.2283
1749261481,1.22610000,792.30000000,1.2283
1749261481,1.22600000,2447.30000000,1.2283
1749261481,1.22590000,2341.80000000,1.2283
1749261481,1.22580000,130.40000000,1.2283
1749261481,1.22570000,374.50000000,1.2283
1749261481,1.22560000,5923.50000000,1.2283
1749261481,1.22550000,1509.00000000,1.2283
1749261481,1.22540000,4608.50000000,1.2283
1749261481,1.22530000,1044.80000000,1.2283
1749261481,1.22520000,3399.40000000,1.2283
1749261481,1.22510000,8.20000000,1.2283
1749261481,1.22500000,89.80000000,1.2283
1749261481,1.22490000,6525.40000000,1.2283
1749261481,1.22480000,100.50000000,1.2283
1749261481,1.22470000,8.20000000,1.2283
1749261481,1.22460000,1404.10000000,1.2283
1749261481,1.22450000,206.90000000,1.2283
1749261481,1.22440000,12.70000000,1.2283
1749261481,1.22430000,25.00000000,1.2283
1749261481,1.22420000,96.00000000,1.2283
1749261481,1.22410000,2097.90000000,1.2283
1749261481,1.22400000,12.70000000,1.2283
1749261481,1.22390000,8.20000000,1.2283
1749261481,1.22380000,89.80000000,1.2283
1749261481,1.22370000,1262.00000000,1.2283
1749261481,1.22360000,1268.20000000,1.2283
1749261481,1.22350000,89.30000000,1.2283
1749261481,1.22340000,1830.00000000,1.2283
1749261481,1.22330000,860.90000000,1.2283
1749261481,1.22320000,8.20000000,1.2283
1749261481,1.22310000,89.90000000,1.2283
1749261481,1.22300000,1412.10000000,1.2283
1749261481,1.22290000,1262.00000000,1.2283
1749261481,1.22280000,94.50000000,1.2283
1749261481,1.22270000,8.20000000,1.2283
1749261481,1.22260000,40661.10000000,1.2283
1749261481,1.22250000,97.00000000,1.2283
1749261481,1.22240000,87.00000000,1.2283
1749261481,1.22230000,6064.40000000,1.2283
1749261481,1.22220000,8.20000000,1.2283
1749261481,1.22210000,8.20000000,1.2283
1749261481,1.22200000,3782.20000000,1.2283
1749261481,1.22190000,2094.70000000,1.2283
1749261481,1.22180000,1268.20000000,1.2283
1749261481,1.22170000,90.00000000,1.2283
1749261481,1.22160000,504.50000000,1.2283
1749261481,1.22150000,17.40000000,1.2283
1749261481,1.22140000,1804.30000000,1.2283
1749261481,1.22130000,106.80000000,1.2283
1749261481,1.22120000,14.40000000,1.2283
1749261481,1.22110000,2097.90000000,1.2283
1749261481,1.22100000,3944.80000000,1.2283
1749261481,1.22090000,8.20000000,1.2283
1749261481,1.22080000,90.00000000,1.2283
1749261481,1.22070000,5660.30000000,1.2283
1749261481,1.22060000,6.20000000,1.2283
1749261481,1.22050000,2089.70000000,1.2283
1749261481,1.22040000,94.60000000,1.2283
1749261481,1.22030000,12260.60000000,1.2283
1749261481,1.22010000,1253.80000000,1.2283
1749261481,1.22000000,1260.00000000,1.2283
1749261481,1.21990000,835.90000000,1.2283
1749261481,1.21980000,81.80000000,1.2283
1749261481,1.21950000,1253.80000000,1.2283
1749261481,1.21940000,88.00000000,1.2283
1749261481,1.21930000,997.90000000,1.2283
1749261481,1.21920000,4.60000000,1.2283
1749261481,1.21900000,1253.80000000,1.2283
1749261481,1.21890000,81.80000000,1.2283
1749261481,1.21880000,1341.80000000,1.2283
1749261481,1.21870000,835.90000000,1.2283
1749261481,1.21860000,18293.50000000,1.2283
1749261481,1.21840000,296.00000000,1.2283
1749261481,1.21830000,1270.60000000,1.2283
1749261481,1.21820000,88.00000000,1.2283
1749261481,1.21800000,1552.20000000,1.2283
1749261481,1.21790000,25674.50000000,1.2283
1749261481,1.21780000,1253.80000000,1.2283
1749261481,1.21760000,88.00000000,1.2283
1749261791,1.22440000,114.00000000,1.2246
1749261791,1.22430000,16.40000000,1.2246
1749261791,1.22420000,114.80000000,1.2246
1749261791,1.22410000,93.40000000,1.2246
1749261791,1.22400000,325.10000000,1.2246
1749261791,1.22390000,19.50000000,1.2246
1749261791,1.22380000,713.50000000,1.2246
1749261791,1.22370000,2039.00000000,1.2246
1749261791,1.22360000,743.50000000,1.2246
1749261791,1.22350000,1268.20000000,1.2246
1749261791,1.22340000,799.40000000,1.2246
1749261791,1.22330000,2076.00000000,1.2246
1749261791,1.22320000,1943.40000000,1.2246
1749261791,1.22310000,6097.90000000,1.2246
1749261791,1.22300000,3873.80000000,1.2246
1749261791,1.22290000,2821.80000000,1.2246
1749261791,1.22280000,4693.20000000,1.2246
1749261791,1.22270000,7306.00000000,1.2246
1749261791,1.22260000,1592.50000000,1.2246
1749261791,1.22250000,2438.10000000,1.2246
1749261791,1.22240000,725.80000000,1.2246
1749261791,1.22230000,1360.60000000,1.2246
1749261791,1.22220000,8.20000000,1.2246
1749261791,1.22210000,527.30000000,1.2246
1749261791,1.22200000,1689.10000000,1.2246
1749261791,1.22190000,2754.80000000,1.2246
1749261791,1.22180000,6023.10000000,1.2246
1749261791,1.22170000,90.00000000,1.2246
1749261791,1.22160000,12.80000000,1.2246
1749261791,1.22150000,17.40000000,1.2246
1749261791,1.22140000,8.20000000,1.2246
1749261791,1.22130000,6431.00000000,1.2246
1749261791,1.22120000,23.20000000,1.2246
1749261791,1.22110000,2097.90000000,1.2246
1749261791,1.22100000,1343.80000000,1.2246
1749261791,1.22090000,8.20000000,1.2246
1749261791,1.22080000,12256.60000000,1.2246
1749261791,1.22070000,5050.10000000,1.2246
1749261791,1.22060000,18307.90000000,1.2246
1749261791,1.22050000,2097.90000000,1.2246
1749261791,1.22040000,12.80000000,1.2246
1749261791,1.22030000,106.80000000,1.2246
1749261791,1.22020000,8.20000000,1.2246
1749261791,1.22010000,26018.80000000,1.2246
1749261791,1.22000000,1268.20000000,1.2246
1749261791,1.21990000,844.10000000,1.2246
1749261791,1.21980000,90.00000000,1.2246
1749261791,1.21970000,8.20000000,1.2246
1749261791,1.21960000,500.50000000,1.2246
1749261791,1.21950000,1262.00000000,1.2246
1749261791,1.21940000,96.20000000,1.2246
1749261791,1.21930000,1006.10000000,1.2246
1749261791,1.21920000,12.80000000,1.2246
1749261791,1.21910000,8.20000000,1.2246
1749261791,1.21900000,3752.40000000,1.2246
1749261791,1.21890000,40332.80000000,1.2246
1749261791,1.21880000,4042.60000000,1.2246
1749261791,1.21870000,3659.50000000,1.2246
1749261791,1.21860000,80.30000000,1.2246
1749261791,1.21850000,1822.70000000,1.2246
1749261791,1.21840000,8.20000000,1.2246
1749261791,1.21830000,1278.80000000,1.2246
1749261791,1.21820000,31304.60000000,1.2246
1749261791,1.21810000,8.20000000,1.2246
1749261791,1.21800000,3773.90000000,1.2246
1749261791,1.21790000,90.00000000,1.2246
1749261791,1.21780000,1262.00000000,1.2246
1749261791,1.21770000,8.20000000,1.2246
1749261791,1.21760000,14.40000000,1.2246
1749261791,1.21750000,844.10000000,1.2246
1749261791,1.21740000,8.20000000,1.2246
1749261791,1.21730000,4035.20000000,1.2246
1749261791,1.21720000,1343.50000000,1.2246
1749261791,1.21710000,98.20000000,1.2246
1749261791,1.21700000,14.40000000,1.2246
1749261791,1.21690000,8.20000000,1.2246
1749261791,1.21680000,1258.40000000,1.2246
1749261791,1.21660000,378.00000000,1.2246
1749261791,1.21650000,157.20000000,1.2246
1749261791,1.21640000,1260.00000000,1.2246
1749261791,1.21630000,1311.70000000,1.2246
1749261791,1.21620000,25147.40000000,1.2246
1749261791,1.21600000,700.90000000,1.2246
1749261791,1.21590000,8.00000000,1.2246
1749261791,1.21580000,6.20000000,1.2246
1749261791,1.21560000,4.60000000,1.2246
1749261791,1.21550000,1335.90000000,1.2246
1749261791,1.21530000,493.20000000,1.2246
1749261791,1.21520000,6.20000000,1.2246
1749261791,1.21510000,1345.10000000,1.2246
1749261791,1.21500000,13018.60000000,1.2246
1749261791,1.21480000,2595.10000000,1.2246
1749261791,1.21470000,143.80000000,1.2246
1749261791,1.21460000,334.90000000,1.2246
1749261791,1.21450000,1418.00000000,1.2246
1749261791,1.21440000,4.60000000,1.2246
1749261791,1.21430000,16.80000000,1.2246
1749261791,1.21400000,1260.00000000,1.2246
1749261791,1.21390000,1218.50000000,1.2246
1749261791,1.21380000,36.50000000,1.2246
1749262093,1.22270000,8.20000000,1.223
1749262093,1.22260000,76.50000000,1.223
1749262093,1.22250000,57.10000000,1.223
1749262093,1.22240000,181.10000000,1.223
1749262093,1.22230000,20.70000000,1.223
1749262093,1.22220000,165.50000000,1.223
1749262093,1.22210000,1104.40000000,1.223
1749262093,1.22200000,2261.30000000,1.223
1749262093,1.22190000,256.80000000,1.223
1749262093,1.22180000,265.70000000,1.223
1749262093,1.22170000,218.30000000,1.223
1749262093,1.22160000,177.20000000,1.223
1749262093,1.22150000,227.60000000,1.223
1749262093,1.22140000,406.30000000,1.223
1749262093,1.22130000,2283.40000000,1.223
1749262093,1.22120000,8072.50000000,1.223
1749262093,1.22110000,6543.10000000,1.223
1749262093,1.22100000,9049.60000000,1.223
1749262093,1.22090000,6269.40000000,1.223
1749262093,1.22080000,1619.00000000,1.223
1749262093,1.22070000,336.70000000,1.223
1749262093,1.22060000,2389.80000000,1.223
1749262093,1.22050000,7584.60000000,1.223
1749262093,1.22040000,1095.70000000,1.223
1749262093,1.22030000,643.30000000,1.223
1749262093,1.22020000,1664.00000000,1.223
1749262093,1.22010000,1884.80000000,1.223
1749262093,1.22000000,1372.80000000,1.223
1749262093,1.21990000,844.10000000,1.223
1749262093,1.21980000,90.00000000,1.223
1749262093,1.21970000,8.20000000,1.223
1749262093,1.21960000,12.80000000,1.223
1749262093,1.21950000,19748.20000000,1.223
1749262093,1.21940000,96.20000000,1.223
1749262093,1.21930000,860.90000000,1.223
1749262093,1.21920000,12.80000000,1.223
1749262093,1.21910000,8.20000000,1.223
1749262093,1.21900000,1455.40000000,1.223
1749262093,1.21890000,90.00000000,1.223
1749262093,1.21880000,1490.50000000,1.223
1749262093,1.21870000,844.10000000,1.223
1749262093,1.21860000,8.20000000,1.223
1749262093,1.21850000,8.20000000,1.223
1749262093,1.21840000,8.20000000,1.223
1749262093,1.21830000,19572.30000000,1.223
1749262093,1.21820000,96.20000000,1.223
1749262093,1.21810000,844.10000000,1.223
1749262093,1.21800000,9240.40000000,1.223
1749262093,1.21790000,2113.00000000,1.223
1749262093,1.21780000,1262.00000000,1.223
1749262093,1.21770000,8.20000000,1.223
1749262093,1.21760000,14.40000000,1.223
1749262093,1.21750000,1039.20000000,1.223
1749262093,1.21740000,1789.20000000,1.223
1749262093,1.21730000,1360.30000000,1.223
1749262093,1.21720000,65535.40000000,1.223
1749262093,1.21710000,665.40000000,1.223
1749262093,1.21700000,14.40000000,1.223
1749262093,1.21690000,2590.90000000,1.223
1749262093,1.21680000,1266.60000000,1.223
1749262093,1.21670000,8.20000000,1.223
1749262093,1.21660000,234.70000000,1.223
1749262093,1.21650000,8.20000000,1.223
1749262093,1.21640000,32476.60000000,1.223
1749262093,1.21630000,2155.80000000,1.223
1749262093,1.21620000,8.20000000,1.223
1749262093,1.21610000,89.80000000,1.223
1749262093,1.21600000,709.10000000,1.223
1749262093,1.21590000,692.90000000,1.223
1749262093,1.21580000,14.40000000,1.223
1749262093,1.21570000,5611.80000000,1.223
1749262093,1.21560000,12.80000000,1.223
1749262093,1.21550000,1262.00000000,1.223
1749262093,1.21540000,8.20000000,1.223
1749262093,1.21530000,106.60000000,1.223
1749262093,1.21520000,14.40000000,1.223
1749262093,1.21510000,2188.90000000,1.223
1749262093,1.21500000,13018.60000000,1.223
1749262093,1.21490000,378.60000000,1.223
1749262093,1.21480000,2595.10000000,1.223
1749262093,1.21470000,143.80000000,1.223
1749262093,1.21460000,6.20000000,1.223
1749262093,1.21450000,1335.50000000,1.223
1749262093,1.21440000,4.60000000,1.223
1749262093,1.21430000,16.80000000,1.223
1749262093,1.21410000,81.80000000,1.223
1749262093,1.21400000,1260.00000000,1.223
1749262093,1.21390000,29048.30000000,1.223
1749262093,1.21380000,138.10000000,1.223
1749262093,1.21370000,81.80000000,1.223
1749262093,1.21360000,1253.80000000,1.223
1749262093,1.21350000,16778.90000000,1.223
1749262093,1.21340000,6.20000000,1.223
1749262093,1.21330000,16.80000000,1.223
1749262093,1.21320000,4.60000000,1.223
1749262093,1.21300000,1372.50000000,1.223
1749262093,1.21280000,6.20000000,1.223
1749262093,1.21260000,82.40000000,1.223
1749262093,1.21250000,1253.80000000,1.223
1749262093,1.21240000,1253.80000000,1.223
1749262395,1.22920000,4.50000000,1.2294
1749262395,1.22910000,32.30000000,1.2294
1749262395,1.22900000,181.00000000,1.2294
1749262395,1.22890000,21.50000000,1.2294
1749262395,1.22880000,328.00000000,1.2294
1749262395,1.22870000,176.90000000,1.2294
1749262395,1.22860000,431.70000000,1.2294
1749262395,1.22850000,136.60000000,1.2294
1749262395,1.22840000,303.30000000,1.2294
1749262395,1.22830000,95.20000000,1.2294
1749262395,1.22820000,455.60000000,1.2294
1749262395,1.22810000,1541.50000000,1.2294
1749262395,1.22800000,5197.20000000,1.2294
1749262395,1.22790000,2672.20000000,1.2294
1749262395,1.22780000,2200.30000000,1.2294
1749262395,1.22770000,3737.80000000,1.2294
1749262395,1.22760000,1585.50000000,1.2294
1749262395,1.22750000,2296.50000000,1.2294
1749262395,1.22740000,2915.90000000,1.2294
1749262395,1.22730000,3024.40000000,1.2294
1749262395,1.22720000,7632.40000000,1.2294
1749262395,1.22710000,3160.00000000,1.2294
1749262395,1.22700000,1606.00000000,1.2294
1749262395,1.22690000,3364.10000000,1.2294
1749262395,1.22680000,3466.30000000,1.2294
1749262395,1.22670000,2197.50000000,1.2294
1749262395,1.22660000,172.60000000,1.2294
1749262395,1.22650000,522.60000000,1.2294
1749262395,1.22640000,2170.50000000,1.2294
1749262395,1.22630000,2114.70000000,1.2294
1749262395,1.22620000,8.20000000,1.2294
1749262395,1.22610000,8.20000000,1.2294
1749262395,1.22600000,100.40000000,1.2294
1749262395,1.22590000,8.20000000,1.2294
1749262395,1.22580000,6525.80000000,1.2294
1749262395,1.22570000,8.20000000,1.2294
1749262395,1.22560000,1266.50000000,1.2294
1749262395,1.22550000,844.10000000,1.2294
1749262395,1.22540000,2518.80000000,1.2294
1749262395,1.22530000,106.50000000,1.2294
1749262395,1.22520000,12.70000000,1.2294
1749262395,1.22510000,89.70000000,1.2294
1749262395,1.22500000,1262.00000000,1.2294
1749262395,1.22490000,978.60000000,1.2294
1749262395,1.22480000,95.90000000,1.2294
1749262395,1.22470000,8.20000000,1.2294
1749262395,1.22460000,1262.00000000,1.2294
1749262395,1.22450000,1262.00000000,1.2294
1749262395,1.22440000,8.20000000,1.2294
1749262395,1.22430000,942.50000000,1.2294
1749262395,1.22420000,14.40000000,1.2294
1749262395,1.22410000,1258.80000000,1.2294
1749262395,1.22400000,1266.50000000,1.2294
1749262395,1.22390000,89.80000000,1.2294
1749262395,1.22380000,1262.00000000,1.2294
1749262395,1.22370000,39929.20000000,1.2294
1749262395,1.22360000,850.30000000,1.2294
1749262395,1.22350000,1262.00000000,1.2294
1749262395,1.22340000,8.20000000,1.2294
1749262395,1.22330000,195.40000000,1.2294
1749262395,1.22320000,621.40000000,1.2294
1749262395,1.22310000,149.60000000,1.2294
1749262395,1.22300000,3357.90000000,1.2294
1749262395,1.22290000,89.90000000,1.2294
1749262395,1.22280000,1263.30000000,1.2294
1749262395,1.22270000,8.20000000,1.2294
1749262395,1.22260000,4780.00000000,1.2294
1749262395,1.22250000,14021.70000000,1.2294
1749262395,1.22240000,96.10000000,1.2294
1749262395,1.22230000,2688.90000000,1.2294
1749262395,1.22220000,844.10000000,1.2294
1749262395,1.22210000,1262.00000000,1.2294
1749262395,1.22200000,2265.40000000,1.2294
1749262395,1.22190000,8.20000000,1.2294
1749262395,1.22180000,1268.20000000,1.2294
1749262395,1.22170000,227.20000000,1.2294
1749262395,1.22160000,4.60000000,1.2294
1749262395,1.22150000,3243.70000000,1.2294
1749262395,1.22130000,106.80000000,1.2294
1749262395,1.22120000,92.20000000,1.2294
1749262395,1.22110000,21817.00000000,1.2294
1749262395,1.22100000,2507.60000000,1.2294
1749262395,1.22090000,1941.00000000,1.2294
1749262395,1.22080000,24895.90000000,1.2294
1749262395,1.22070000,81.80000000,1.2294
1749262395,1.22060000,6.20000000,1.2294
1749262395,1.22050000,2089.70000000,1.2294
1749262395,1.22040000,4.60000000,1.2294
1749262395,1.22030000,2910.80000000,1.2294
1749262395,1.22010000,1638.20000000,1.2294
1749262395,1.22000000,1260.00000000,1.2294
1749262395,1.21990000,835.90000000,1.2294
1749262395,1.21980000,81.80000000,1.2294
1749262395,1.21950000,1253.80000000,1.2294
1749262395,1.21940000,88.00000000,1.2294
1749262395,1.21930000,852.70000000,1.2294
1749262395,1.21920000,148.90000000,1.2294
1749262395,1.21900000,1253.80000000,1.2294
1749262395,1.21890000,81.80000000,1.2294
1749262395,1.21880000,32550.20000000,1.2294
1749262699,1.22720000,150.00000000,1.2272
1749262699,1.22710000,173.50000000,1.2272
1749262699,1.22700000,238.30000000,1.2272
1749262699,1.22690000,121.50000000,1.2272
1749262699,1.22680000,367.40000000,1.2272
1749262699,1.22670000,305.20000000,1.2272
1749262699,1.22660000,351.70000000,1.2272
1749262699,1.22650000,50.40000000,1.2272
1749262699,1.22640000,168.70000000,1.2272
1749262699,1.22630000,800.40000000,1.2272
1749262699,1.22620000,2559.50000000,1.2272
1749262699,1.22610000,1671.80000000,1.2272
1749262699,1.22600000,1753.00000000,1.2272
1749262699,1.22590000,2609.10000000,1.2272
1749262699,1.22580000,2482.10000000,1.2272
1749262699,1.22570000,1494.30000000,1.2272
1749262699,1.22560000,1246.90000000,1.2272
1749262699,1.22550000,1666.20000000,1.2272
1749262699,1.22540000,6185.90000000,1.2272
1749262699,1.22530000,4007.20000000,1.2272
1749262699,1.22520000,2863.00000000,1.2272
1749262699,1.22510000,1201.70000000,1.2272
1749262699,1.22500000,3081.60000000,1.2272
1749262699,1.22490000,3772.40000000,1.2272
1749262699,1.22480000,1253.10000000,1.2272
1749262699,1.22470000,2521.30000000,1.2272
1749262699,1.22460000,1237.00000000,1.2272
1749262699,1.22450000,130.40000000,1.2272
1749262699,1.22440000,94.20000000,1.2272
1749262699,1.22430000,25.00000000,1.2272
1749262699,1.22420000,1268.20000000,1.2272
1749262699,1.22410000,2512.60000000,1.2272
1749262699,1.22400000,1025.30000000,1.2272
1749262699,1.22390000,8.20000000,1.2272
1749262699,1.22380000,283.20000000,1.2272
1749262699,1.22370000,8.20000000,1.2272
1749262699,1.22360000,18.90000000,1.2272
1749262699,1.22350000,1262.00000000,1.2272
1749262699,1.22340000,7249.90000000,1.2272
1749262699,1.22330000,25.00000000,1.2272
1749262699,1.22320000,3383.00000000,1.2272
1749262699,1.22310000,150.30000000,1.2272
1749262699,1.22300000,2522.00000000,1.2272
1749262699,1.22290000,89.90000000,1.2272
1749262699,1.22280000,2099.20000000,1.2272
1749262699,1.22270000,8.20000000,1.2272
1749262699,1.22260000,89.90000000,1.2272
1749262699,1.22250000,8.20000000,1.2272
1749262699,1.22240000,96.10000000,1.2272
1749262699,1.22230000,25.00000000,1.2272
1749262699,1.22220000,13006.10000000,1.2272
1749262699,1.22210000,1262.00000000,1.2272
1749262699,1.22200000,8.20000000,1.2272
1749262699,1.22190000,8.20000000,1.2272
1749262699,1.22180000,1268.20000000,1.2272
1749262699,1.22170000,39335.10000000,1.2272
1749262699,1.22160000,18467.50000000,1.2272
1749262699,1.22150000,1856.50000000,1.2272
1749262699,1.22140000,80.60000000,1.2272
1749262699,1.22130000,25.00000000,1.2272
1749262699,1.22120000,267.50000000,1.2272
1749262699,1.22110000,3531.70000000,1.2272
1749262699,1.22100000,9588.50000000,1.2272
1749262699,1.22090000,8.20000000,1.2272
1749262699,1.22080000,8.20000000,1.2272
1749262699,1.22070000,90.00000000,1.2272
1749262699,1.22060000,14.40000000,1.2272
1749262699,1.22050000,2097.90000000,1.2272
1749262699,1.22040000,2598.10000000,1.2272
1749262699,1.22030000,106.80000000,1.2272
1749262699,1.22020000,8.20000000,1.2272
1749262699,1.22010000,1935.80000000,1.2272
1749262699,1.22000000,28462.50000000,1.2272
1749262699,1.21990000,934.10000000,1.2272
1749262699,1.21980000,2903.40000000,1.2272
1749262699,1.21970000,8.20000000,1.2272
1749262699,1.21960000,31208.40000000,1.2272
1749262699,1.21950000,1253.80000000,1.2272
1749262699,1.21940000,88.00000000,1.2272
1749262699,1.21930000,852.70000000,1.2272
1749262699,1.21920000,148.90000000,1.2272
1749262699,1.21900000,1253.80000000,1.2272
1749262699,1.21890000,2753.20000000,1.2272
1749262699,1.21880000,1341.80000000,1.2272
1749262699,1.21870000,835.90000000,1.2272
1749262699,1.21830000,1270.60000000,1.2272
1749262699,1.21820000,88.00000000,1.2272
1749262699,1.21810000,835.90000000,1.2272
1749262699,1.21800000,1552.20000000,1.2272
1749262699,1.21790000,378.00000000,1.2272
1749262699,1.21780000,1253.80000000,1.2272
1749262699,1.21760000,6.20000000,1.2272
1749262699,1.21730000,1352.10000000,1.2272
1749262699,1.21720000,1335.30000000,1.2272
1749262699,1.21710000,25147.40000000,1.2272
1749262699,1.21700000,6.20000000,1.2272
1749262699,1.21680000,1258.40000000,1.2272
1749262699,1.21660000,81.50000000,1.2272
1749262699,1.21640000,1260.00000000,1.2272
1749262699,1.21630000,1311.70000000,1.2272
1749263008,1.22820000,384.00000000,1.2282
1749263008,1.22810000,329.80000000,1.2282
1749263008,1.22800000,201.90000000,1.2282
1749263008,1.22790000,106.20000000,1.2282
1749263008,1.22780000,166.70000000,1.2282
1749263008,1.22770000,290.20000000,1.2282
1749263008,1.22760000,166.00000000,1.2282
1749263008,1.22750000,282.00000000,1.2282
1749263008,1.22740000,183.40000000,1.2282
1749263008,1.22730000,272.60000000,1.2282
1749263008,1.22720000,792.60000000,1.2282
1749263008,1.22710000,3528.00000000,1.2282
1749263008,1.22700000,3823.30000000,1.2282
1749263008,1.22690000,982.50000000,1.2282
1749263008,1.22680000,4638.20000000,1.2282
1749263008,1.22670000,4098.30000000,1.2282
1749263008,1.22660000,117.10000000,1.2282
1749263008,1.22650000,258.60000000,1.2282
1749263008,1.22640000,423.80000000,1.2282
1749263008,1.22630000,844.90000000,1.2282
1749263008,1.22620000,2834.90000000,1.2282
1749263008,1.22610000,1512.80000000,1.2282
1749263008,1.22600000,2332.70000000,1.2282
1749263008,1.22590000,595.80000000,1.2282
1749263008,1.22580000,731.30000000,1.2282
1749263008,1.22570000,2994.80000000,1.2282
1749263008,1.22560000,2623.70000000,1.2282
1749263008,1.22550000,2220.10000000,1.2282
1749263008,1.22540000,1349.70000000,1.2282
1749263008,1.22530000,3559.80000000,1.2282
1749263008,1.22520000,12.70000000,1.2282
1749263008,1.22510000,8.20000000,1.2282
1749263008,1.22500000,1416.80000000,1.2282
1749263008,1.22490000,89.70000000,1.2282
1749263008,1.22480000,18.90000000,1.2282
1749263008,1.22470000,925.70000000,1.2282
1749263008,1.22460000,8.20000000,1.2282
1749263008,1.22450000,1262.00000000,1.2282
1749263008,1.22440000,6319.80000000,1.2282
1749263008,1.22430000,106.60000000,1.2282
1749263008,1.22420000,1461.30000000,1.2282
1749263008,1.22410000,844.10000000,1.2282
1749263008,1.22400000,1266.50000000,1.2282
1749263008,1.22390000,1258.80000000,1.2282
1749263008,1.22380000,8.20000000,1.2282
1749263008,1.22370000,89.80000000,1.2282
1749263008,1.22360000,100.50000000,1.2282
1749263008,1.22350000,2097.90000000,1.2282
1749263008,1.22340000,1262.00000000,1.2282
1749263008,1.22330000,163.30000000,1.2282
1749263008,1.22320000,8.20000000,1.2282
1749263008,1.22310000,8.20000000,1.2282
1749263008,1.22300000,1268.20000000,1.2282
1749263008,1.22290000,925.80000000,1.2282
1749263008,1.22280000,12.70000000,1.2282
1749263008,1.22270000,4698.60000000,1.2282
1749263008,1.22260000,42751.70000000,1.2282
1749263008,1.22250000,1262.00000000,1.2282
1749263008,1.22240000,96.10000000,1.2282
1749263008,1.22230000,860.90000000,1.2282
1749263008,1.22220000,8.20000000,1.2282
1749263008,1.22210000,12773.60000000,1.2282
1749263008,1.22200000,1753.80000000,1.2282
1749263008,1.22190000,8.20000000,1.2282
1749263008,1.22180000,1268.20000000,1.2282
1749263008,1.22170000,925.80000000,1.2282
1749263008,1.22160000,238.20000000,1.2282
1749263008,1.22150000,1353.00000000,1.2282
1749263008,1.22140000,8.20000000,1.2282
1749263008,1.22130000,1275.60000000,1.2282
1749263008,1.22120000,100.40000000,1.2282
1749263008,1.22110000,844.10000000,1.2282
1749263008,1.22100000,4976.00000000,1.2282
1749263008,1.22090000,8.20000000,1.2282
1749263008,1.22080000,18994.50000000,1.2282
1749263008,1.22070000,90.00000000,1.2282
1749263008,1.22060000,6.20000000,1.2282
1749263008,1.22050000,2089.70000000,1.2282
1749263008,1.22040000,1963.70000000,1.2282
1749263008,1.22030000,98.60000000,1.2282
1749263008,1.22010000,1253.80000000,1.2282
1749263008,1.22000000,3275.80000000,1.2282
1749263008,1.21990000,835.90000000,1.2282
1749263008,1.21980000,81.80000000,1.2282
1749263008,1.21950000,1253.80000000,1.2282
1749263008,1.21940000,88.00000000,1.2282
1749263008,1.21930000,942.70000000,1.2282
1749263008,1.21920000,148.90000000,1.2282
1749263008,1.21900000,3924.90000000,1.2282
1749263008,1.21890000,81.80000000,1.2282
1749263008,1.21880000,1341.80000000,1.2282
1749263008,1.21870000,835.90000000,1.2282
1749263008,1.21860000,25264.30000000,1.2282
1749263008,1.21850000,2693.30000000,1.2282
1749263008,1.21830000,1270.60000000,1.2282
1749263008,1.21820000,88.00000000,1.2282
1749263008,1.21810000,835.90000000,1.2282
1749263008,1.21800000,1552.20000000,1.2282
1749263008,1.21790000,81.80000000,1.2282
1749263008,1.21780000,1253.80000000,1.2282
1749263316,1.23180000,343.60000000,1.2323
1749263316,1.23170000,85.30000000,1.2323
1749263316,1.23160000,78.30000000,1.2323
1749263316,1.23150000,250.80000000,1.2323
1749263316,1.23140000,345.50000000,1.2323
1749263316,1.23130000,1055.30000000,1.2323
1749263316,1.23120000,1714.50000000,1.2323
1749263316,1.23110000,78.30000000,1.2323
1749263316,1.23100000,939.20000000,1.2323
1749263316,1.23090000,2192.80000000,1.2323
1749263316,1.23080000,355.10000000,1.2323
1749263316,1.23070000,136.50000000,1.2323
1749263316,1.23060000,227.70000000,1.2323
1749263316,1.23050000,446.90000000,1.2323
1749263316,1.23040000,3774.40000000,1.2323
1749263316,1.23030000,1744.30000000,1.2323
1749263316,1.23020000,3620.20000000,1.2323
1749263316,1.23010000,3126.90000000,1.2323
1749263316,1.23000000,2873.20000000,1.2323
1749263316,1.22990000,1778.70000000,1.2323
1749263316,1.22980000,2067.70000000,1.2323
1749263316,1.22970000,1172.30000000,1.2323
1749263316,1.22960000,2161.70000000,1.2323
1749263316,1.22950000,2097.90000000,1.2323
1749263316,1.22940000,459.90000000,1.2323
1749263316,1.22930000,972.20000000,1.2323
1749263316,1.22920000,281.80000000,1.2323
1749263316,1.22910000,451.80000000,1.2323
1749263316,1.22900000,5889.90000000,1.2323
1749263316,1.22890000,166.40000000,1.2323
1749263316,1.22880000,929.90000000,1.2323
1749263316,1.22870000,6138.30000000,1.2323
1749263316,1.22860000,12.70000000,1.2323
1749263316,1.22850000,8.20000000,1.2323
1749263316,1.22840000,1354.00000000,1.2323
1749263316,1.22830000,25.00000000,1.2323
1749263316,1.22820000,191.30000000,1.2323
1749263316,1.22810000,3348.50000000,1.2323
1749263316,1.22800000,205.80000000,1.2323
1749263316,1.22790000,8.20000000,1.2323
1749263316,1.22780000,165.00000000,1.2323
1749263316,1.22770000,1343.30000000,1.2323
1749263316,1.22760000,12.70000000,1.2323
1749263316,1.22750000,89.60000000,1.2323
1749263316,1.22740000,844.10000000,1.2323
1749263316,1.22730000,25.00000000,1.2323
1749263316,1.22720000,1268.20000000,1.2323
1749263316,1.22710000,8.20000000,1.2323
1749263316,1.22700000,1262.00000000,1.2323
1749263316,1.22690000,89.60000000,1.2323
1749263316,1.22680000,2302.90000000,1.2323
1749263316,1.22670000,1343.40000000,1.2323
1749263316,1.22660000,14.40000000,1.2323
1749263316,1.22650000,8.20000000,1.2323
1749263316,1.22640000,12.70000000,1.2323
1749263316,1.22630000,40449.10000000,1.2323
1749263316,1.22620000,1262.00000000,1.2323
1749263316,1.22610000,844.10000000,1.2323
1749263316,1.22600000,1268.20000000,1.2323
1749263316,1.22590000,235.90000000,1.2323
1749263316,1.22580000,8.20000000,1.2323
1749263316,1.22570000,8.20000000,1.2323
1749263316,1.22560000,8.20000000,1.2323
1749263316,1.22550000,2170.90000000,1.2323
1749263316,1.22540000,2013.40000000,1.2323
1749263316,1.22530000,1766.40000000,1.2323
1749263316,1.22520000,12.70000000,1.2323
1749263316,1.22510000,8.20000000,1.2323
1749263316,1.22500000,3108.40000000,1.2323
1749263316,1.22490000,12126.90000000,1.2323
1749263316,1.22480000,14.40000000,1.2323
1749263316,1.22470000,925.70000000,1.2323
1749263316,1.22460000,8.20000000,1.2323
1749263316,1.22450000,3104.50000000,1.2323
1749263316,1.22440000,151.50000000,1.2323
1749263316,1.22430000,2910.00000000,1.2323
1749263316,1.22420000,1260.00000000,1.2323
1749263316,1.22410000,835.90000000,1.2323
1749263316,1.22400000,1448.30000000,1.2323
1749263316,1.22390000,6471.90000000,1.2323
1749263316,1.22380000,25264.30000000,1.2323
1749263316,1.22370000,81.60000000,1.2323
1749263316,1.22360000,19074.10000000,1.2323
1749263316,1.22350000,3870.70000000,1.2323
1749263316,1.22340000,1253.80000000,1.2323
1749263316,1.22330000,16.80000000,1.2323
1749263316,1.22300000,1260.00000000,1.2323
1749263316,1.22290000,917.60000000,1.2323
1749263316,1.22280000,4.50000000,1.2323
1749263316,1.22260000,1335.50000000,1.2323
1749263316,1.22250000,1253.80000000,1.2323
1749263316,1.22240000,2772.90000000,1.2323
1749263316,1.22230000,852.70000000,1.2323
1749263316,1.22200000,1253.80000000,1.2323
1749263316,1.22180000,1260.00000000,1.2323
1749263316,1.22170000,3582.80000000,1.2323
1749263316,1.22160000,157.50000000,1.2323
1749263316,1.22150000,1344.80000000,1.2323
1749263316,1.22140000,295.30000000,1.2323
1749263316,1.22130000,30439.60000000,1.2323
1749263618,1.23690000,202.70000000,1.237
1749263618,1.23680000,258.40000000,1.237
1749263618,1.23670000,57.70000000,1.237
1749263618,1.23660000,106.70000000,1.237
1749263618,1.23650000,210.90000000,1.237
1749263618,1.23640000,118.20000000,1.237
1749263618,1.23630000,461.60000000,1.237
1749263618,1.23620000,1847.30000000,1.237
1749263618,1.23610000,3174.90000000,1.237
1749263618,1.23600000,2464.20000000,1.237
1749263618,1.23590000,362.30000000,1.237
1749263618,1.23580000,635.40000000,1.237
1749263618,1.23570000,310.70000000,1.237
1749263618,1.23560000,988.00000000,1.237
1749263618,1.23550000,712.50000000,1.237
1749263618,1.23540000,4781.10000000,1.237
1749263618,1.23530000,6170.40000000,1.237
1749263618,1.23520000,3088.50000000,1.237
1749263618,1.23510000,1706.20000000,1.237
1749263618,1.23500000,615.20000000,1.237
1749263618,1.23490000,1445.00000000,1.237
1749263618,1.23480000,1915.00000000,1.237
1749263618,1.23470000,6287.10000000,1.237
1749263618,1.23460000,1266.50000000,1.237
1749263618,1.23450000,166.20000000,1.237
1749263618,1.23440000,455.70000000,1.237
1749263618,1.23430000,1262.00000000,1.237
1749263618,1.23420000,770.00000000,1.237
1749263618,1.23410000,2365.80000000,1.237
1749263618,1.23400000,12.70000000,1.237
1749263618,1.23390000,130.40000000,1.237
1749263618,1.23380000,3452.70000000,1.237
1749263618,1.23370000,25.00000000,1.237
1749263618,1.23360000,9692.00000000,1.237
1749263618,1.23350000,2097.90000000,1.237
1749263618,1.23340000,163.70000000,1.237
1749263618,1.23330000,89.20000000,1.237
1749263618,1.23320000,18.80000000,1.237
1749263618,1.23310000,8.20000000,1.237
1749263618,1.23300000,282.30000000,1.237
1749263618,1.23290000,1262.00000000,1.237
1749263618,1.23280000,12.70000000,1.237
1749263618,1.23270000,860.90000000,1.237
1749263618,1.23260000,95.30000000,1.237
1749263618,1.23250000,2306.80000000,1.237
1749263618,1.23240000,1347.60000000,1.237
1749263618,1.23230000,8.20000000,1.237
1749263618,1.23220000,8.20000000,1.237
1749263618,1.23210000,2094.70000000,1.237
1749263618,1.23200000,14.30000000,1.237
1749263618,1.23190000,1262.00000000,1.237
1749263618,1.23180000,89.30000000,1.237
1749263618,1.23170000,6745.00000000,1.237
1749263618,1.23160000,8.20000000,1.237
1749263618,1.23150000,1888.90000000,1.237
1749263618,1.23140000,1268.10000000,1.237
1749263618,1.23130000,40575.90000000,1.237
1749263618,1.23120000,86.50000000,1.237
1749263618,1.23110000,8.20000000,1.237
1749263618,1.23100000,89.50000000,1.237
1749263618,1.23090000,3351.70000000,1.237
1749263618,1.23080000,14.30000000,1.237
1749263618,1.23070000,25.00000000,1.237
1749263618,1.23060000,150.60000000,1.237
1749263618,1.23050000,1134.30000000,1.237
1749263618,1.23040000,89.30000000,1.237
1749263618,1.23030000,8.20000000,1.237
1749263618,1.23020000,850.20000000,1.237
1749263618,1.23010000,4052.10000000,1.237
1749263618,1.23000000,1945.10000000,1.237
1749263618,1.22990000,8.10000000,1.237
1749263618,1.22980000,8.10000000,1.237
1749263618,1.22970000,89.20000000,1.237
1749263618,1.22960000,95.30000000,1.237
1749263618,1.22950000,2413.50000000,1.237
1749263618,1.22940000,844.00000000,1.237
1749263618,1.22910000,81.10000000,1.237
1749263618,1.22900000,6.10000000,1.237
1749263618,1.22890000,5359.80000000,1.237
1749263618,1.22880000,85.60000000,1.237
1749263618,1.22870000,835.90000000,1.237
1749263618,1.22850000,3400.30000000,1.237
1749263618,1.22840000,6.20000000,1.237
1749263618,1.22830000,97.90000000,1.237
1749263618,1.22820000,3904.90000000,1.237
1749263618,1.22810000,835.90000000,1.237
1749263618,1.22790000,1876.40000000,1.237
1749263618,1.22780000,1269.20000000,1.237
1749263618,1.22770000,1253.80000000,1.237
1749263618,1.22760000,4.50000000,1.237
1749263618,1.22750000,2575.60000000,1.237
1749263618,1.22740000,81.10000000,1.237
1749263618,1.22730000,852.70000000,1.237
1749263618,1.22720000,1260.00000000,1.237
1749263618,1.22700000,13291.00000000,1.237
1749263618,1.22690000,81.10000000,1.237
1749263618,1.22680000,203.70000000,1.237
1749263618,1.22670000,21076.00000000,1.237
1749263618,1.22660000,6.20000000,1.237
1749263618,1.22650000,1044.80000000,1.237
1749263925,1.24560000,309.90000000,1.2456
1749263925,1.24550000,14.20000000,1.2456
1749263925,1.24540000,234.20000000,1.2456
1749263925,1.24530000,273.60000000,1.2456
1749263925,1.24520000,131.10000000,1.2456
1749263925,1.24510000,78.20000000,1.2456
1749263925,1.24500000,146.70000000,1.2456
1749263925,1.24490000,86.10000000,1.2456
1749263925,1.24480000,565.90000000,1.2456
1749263925,1.24470000,1304.00000000,1.2456
1749263925,1.24460000,483.70000000,1.2456
1749263925,1.24450000,784.20000000,1.2456
1749263925,1.24440000,2133.00000000,1.2456
1749263925,1.24430000,136.40000000,1.2456
1749263925,1.24420000,515.20000000,1.2456
1749263925,1.24410000,1591.60000000,1.2456
1749263925,1.24400000,502.00000000,1.2456
1749263925,1.24390000,1683.70000000,1.2456
1749263925,1.24380000,18.70000000,1.2456
1749263925,1.24370000,512.90000000,1.2456
1749263925,1.24360000,1346.60000000,1.2456
1749263925,1.24350000,595.80000000,1.2456
1749263925,1.24340000,3166.60000000,1.2456
1749263925,1.24330000,6775.90000000,1.2456
1749263925,1.24320000,1944.50000000,1.2456
1749263925,1.24310000,3107.40000000,1.2456
1749263925,1.24300000,1885.40000000,1.2456
1749263925,1.24290000,8.10000000,1.2456
1749263925,1.24280000,544.70000000,1.2456
1749263925,1.24270000,1524.50000000,1.2456
1749263925,1.24260000,844.00000000,1.2456
1749263925,1.24250000,468.40000000,1.2456
1749263925,1.24240000,1266.40000000,1.2456
1749263925,1.24230000,88.50000000,1.2456
1749263925,1.24220000,804.60000000,1.2456
1749263925,1.24210000,2808.50000000,1.2456
1749263925,1.24200000,864.50000000,1.2456
1749263925,1.24190000,4594.60000000,1.2456
1749263925,1.24180000,8.10000000,1.2456
1749263925,1.24170000,88.50000000,1.2456
1749263925,1.24160000,18.70000000,1.2456
1749263925,1.24150000,198.20000000,1.2456
1749263925,1.24140000,1433.10000000,1.2456
1749263925,1.24130000,2097.80000000,1.2456
1749263925,1.24120000,290.70000000,1.2456
1749263925,1.24110000,6138.20000000,1.2456
1749263925,1.24100000,110.70000000,1.2456
1749263925,1.24090000,1261.90000000,1.2456
1749263925,1.24080000,1332.90000000,1.2456
1749263925,1.24070000,844.00000000,1.2456
1749263925,1.24060000,88.60000000,1.2456
1749263925,1.24050000,1261.90000000,1.2456
1749263925,1.24040000,14.20000000,1.2456
1749263925,1.24030000,88.40000000,1.2456
1749263925,1.24020000,1261.90000000,1.2456
1749263925,1.24010000,844.00000000,1.2456
1749263925,1.24000000,40340.50000000,1.2456
1749263925,1.23990000,8.10000000,1.2456
1749263925,1.23980000,4992.90000000,1.2456
1749263925,1.23970000,8.10000000,1.2456
1749263925,1.23960000,497.90000000,1.2456
1749263925,1.23950000,3348.40000000,1.2456
1749263925,1.23940000,1261.90000000,1.2456
1749263925,1.23930000,88.90000000,1.2456
1749263925,1.23920000,14.20000000,1.2456
1749263925,1.23910000,8.10000000,1.2456
1749263925,1.23900000,24.10000000,1.2456
1749263925,1.23890000,381.90000000,1.2456
1749263925,1.23880000,88.90000000,1.2456
1749263925,1.23870000,1261.90000000,1.2456
1749263925,1.23860000,850.10000000,1.2456
1749263925,1.23850000,8.10000000,1.2456
1749263925,1.23840000,615.30000000,1.2456
1749263925,1.23830000,8.10000000,1.2456
1749263925,1.23820000,1261.90000000,1.2456
1749263925,1.23810000,1261.90000000,1.2456
1749263925,1.23800000,938.30000000,1.2456
1749263925,1.23750000,80.80000000,1.2456
1749263925,1.23740000,6686.10000000,1.2456
1749263925,1.23730000,2365.70000000,1.2456
1749263925,1.23720000,4.50000000,1.2456
1749263925,1.23700000,16.00000000,1.2456
1749263925,1.23690000,80.30000000,1.2456
1749263925,1.23680000,96.10000000,1.2456
1749263925,1.23670000,80.30000000,1.2456
1749263925,1.23650000,2089.70000000,1.2456
1749263925,1.23640000,1253.80000000,1.2456
1749263925,1.23620000,6.10000000,1.2456
1749263925,1.23610000,367.70000000,1.2456
1749263925,1.23600000,20.50000000,1.2456
1749263925,1.23590000,4724.30000000,1.2456
1749263925,1.23570000,13371.30000000,1.2456
1749263925,1.23560000,6.10000000,1.2456
1749263925,1.23550000,125.90000000,1.2456
1749263925,1.23530000,916.20000000,1.2456
1749263925,1.23520000,80.30000000,1.2456
1749263925,1.23510000,5.80000000,1.2456
1749263925,1.23500000,1325.90000000,1.2456
1749263925,1.23490000,1253.80000000,1.2456
1749263925,1.23480000,4.50000000,1.2456
1749264226,1.23770000,378.10000000,1.2378
1749264226,1.23760000,160.00000000,1.2378
1749264226,1.23750000,109.00000000,1.2378
1749264226,1.23740000,181.10000000,1.2378
1749264226,1.23730000,99.60000000,1.2378
1749264226,1.23720000,261.50000000,1.2378
1749264226,1.23710000,1130.50000000,1.2378
1749264226,1.23700000,131.10000000,1.2378
1749264226,1.23690000,143.30000000,1.2378
1749264226,1.23680000,7621.60000000,1.2378
1749264226,1.23670000,23130.90000000,1.2378
1749264226,1.23660000,257.40000000,1.2378
1749264226,1.23650000,778.40000000,1.2378
1749264226,1.23640000,2518.30000000,1.2378
1749264226,1.23630000,14.20000000,1.2378
1749264226,1.23620000,783.40000000,1.2378
1749264226,1.23610000,3657.20000000,1.2378
1749264226,1.23600000,5826.90000000,1.2378
1749264226,1.23590000,4100.00000000,1.2378
1749264226,1.23580000,6798.20000000,1.2378
1749264226,1.23570000,5954.20000000,1.2378
1749264226,1.23560000,1430.40000000,1.2378
1749264226,1.23550000,8.10000000,1.2378
1749264226,1.23540000,196.00000000,1.2378
1749264226,1.23530000,2816.20000000,1.2378
1749264226,1.23520000,12.60000000,1.2378
1749264226,1.23510000,130.30000000,1.2378
1749264226,1.23500000,1456.20000000,1.2378
1749264226,1.23490000,1342.20000000,1.2378
1749264226,1.23480000,409.00000000,1.2378
1749264226,1.23470000,844.00000000,1.2378
1749264226,1.23460000,8.10000000,1.2378
1749264226,1.23450000,7781.00000000,1.2378
1749264226,1.23440000,3367.60000000,1.2378
1749264226,1.23430000,1258.70000000,1.2378
1749264226,1.23420000,88.50000000,1.2378
1749264226,1.23410000,14144.20000000,1.2378
1749264226,1.23400000,1286.60000000,1.2378
1749264226,1.23390000,93.50000000,1.2378
1749264226,1.23380000,14.20000000,1.2378
1749264226,1.23370000,88.60000000,1.2378
1749264226,1.23360000,12.60000000,1.2378
1749264226,1.23350000,21084.10000000,1.2378
1749264226,1.23340000,8.10000000,1.2378
1749264226,1.23330000,1342.40000000,1.2378
1749264226,1.23320000,14.20000000,1.2378
1749264226,1.23310000,8.10000000,1.2378
1749264226,1.23300000,1569.30000000,1.2378
1749264226,1.23290000,26188.80000000,1.2378
1749264226,1.23280000,8.10000000,1.2378
1749264226,1.23270000,101.00000000,1.2378
1749264226,1.23260000,94.70000000,1.2378
1749264226,1.23250000,2598.10000000,1.2378
1749264226,1.23240000,12.60000000,1.2378
1749264226,1.23230000,844.00000000,1.2378
1749264226,1.23220000,8.10000000,1.2378
1749264226,1.23210000,46022.30000000,1.2378
1749264226,1.23200000,615.20000000,1.2378
1749264226,1.23190000,1335.30000000,1.2378
1749264226,1.23180000,8.10000000,1.2378
1749264226,1.23170000,2466.30000000,1.2378
1749264226,1.23160000,4657.60000000,1.2378
1749264226,1.23150000,8.10000000,1.2378
1749264226,1.23140000,1268.00000000,1.2378
1749264226,1.23130000,88.70000000,1.2378
1749264226,1.23120000,12.60000000,1.2378
1749264226,1.23110000,8.10000000,1.2378
1749264226,1.23100000,512.50000000,1.2378
1749264226,1.23090000,1342.50000000,1.2378
1749264226,1.23080000,30527.00000000,1.2378
1749264226,1.23070000,8.10000000,1.2378
1749264226,1.23060000,284.80000000,1.2378
1749264226,1.23050000,924.70000000,1.2378
1749264226,1.23040000,8.10000000,1.2378
1749264226,1.23030000,301.30000000,1.2378
1749264226,1.23020000,1268.00000000,1.2378
1749264226,1.23010000,88.80000000,1.2378
1749264226,1.23000000,1428.60000000,1.2378
1749264226,1.22990000,1220.30000000,1.2378
1749264226,1.22980000,24930.50000000,1.2378
1749264226,1.22970000,80.70000000,1.2378
1749264226,1.22960000,6.10000000,1.2378
1749264226,1.22950000,1334.50000000,1.2378
1749264226,1.22940000,260.20000000,1.2378
1749264226,1.22930000,835.90000000,1.2378
1749264226,1.22920000,2929.50000000,1.2378
1749264226,1.22900000,22.10000000,1.2378
1749264226,1.22890000,1452.00000000,1.2378
1749264226,1.22880000,18.80000000,1.2378
1749264226,1.22870000,1253.80000000,1.2378
1749264226,1.22840000,10.30000000,1.2378
1749264226,1.22820000,1253.80000000,1.2378
1749264226,1.22800000,77.20000000,1.2378
1749264226,1.22780000,303.40000000,1.2378
1749264226,1.22770000,1257.90000000,1.2378
1749264226,1.22760000,4.50000000,1.2378
1749264226,1.22750000,1253.80000000,1.2378
1749264226,1.22730000,1205.20000000,1.2378
1749264226,1.22720000,1260.00000000,1.2378
1749264226,1.22700000,16.00000000,1.2378
1749264527,1.24820000,10.60000000,1.2484
1749264527,1.24810000,39.10000000,1.2484
1749264527,1.24800000,178.70000000,1.2484
1749264527,1.24790000,772.70000000,1.2484
1749264527,1.24780000,2521.50000000,1.2484
1749264527,1.24770000,303.80000000,1.2484
1749264527,1.24760000,1482.70000000,1.2484
1749264527,1.24750000,1662.30000000,1.2484
1749264527,1.24740000,2521.60000000,1.2484
1749264527,1.24730000,14.20000000,1.2484
1749264527,1.24720000,505.90000000,1.2484
1749264527,1.24710000,1587.10000000,1.2484
1749264527,1.24700000,1492.60000000,1.2484
1749264527,1.24690000,2124.30000000,1.2484
1749264527,1.24680000,2251.90000000,1.2484
1749264527,1.24670000,5734.70000000,1.2484
1749264527,1.24660000,3169.90000000,1.2484
1749264527,1.24650000,7627.60000000,1.2484
1749264527,1.24640000,1773.30000000,1.2484
1749264527,1.24630000,1261.90000000,1.2484
1749264527,1.24620000,346.30000000,1.2484
1749264527,1.24610000,1971.10000000,1.2484
1749264527,1.24600000,4118.70000000,1.2484
1749264527,1.24590000,1261.90000000,1.2484
1749264527,1.24580000,136.40000000,1.2484
1749264527,1.24570000,88.30000000,1.2484
1749264527,1.24560000,12.60000000,1.2484
1749264527,1.24550000,522.90000000,1.2484
1749264527,1.24540000,8642.60000000,1.2484
1749264527,1.24530000,88.30000000,1.2484
1749264527,1.24520000,1027.40000000,1.2484
1749264527,1.24510000,8.10000000,1.2484
1749264527,1.24500000,1469.10000000,1.2484
1749264527,1.24490000,8.10000000,1.2484
1749264527,1.24480000,92.80000000,1.2484
1749264527,1.24470000,8.10000000,1.2484
1749264527,1.24460000,14.20000000,1.2484
1749264527,1.24450000,8.10000000,1.2484
1749264527,1.24440000,3356.10000000,1.2484
1749264527,1.24430000,88.30000000,1.2484
1749264527,1.24420000,8.10000000,1.2484
1749264527,1.24410000,8.10000000,1.2484
1749264527,1.24400000,388.30000000,1.2484
1749264527,1.24390000,8.10000000,1.2484
1749264527,1.24380000,8.10000000,1.2484
1749264527,1.24370000,2094.60000000,1.2484
1749264527,1.24360000,2515.70000000,1.2484
1749264527,1.24350000,8.10000000,1.2484
1749264527,1.24340000,94.50000000,1.2484
1749264527,1.24330000,4625.60000000,1.2484
1749264527,1.24320000,668.30000000,1.2484
1749264527,1.24310000,8.10000000,1.2484
1749264527,1.24300000,860.00000000,1.2484
1749264527,1.24290000,8.10000000,1.2484
1749264527,1.24280000,2521.80000000,1.2484
1749264527,1.24270000,829.10000000,1.2484
1749264527,1.24260000,40044.90000000,1.2484
1749264527,1.24250000,88.40000000,1.2484
1749264527,1.24240000,2094.60000000,1.2484
1749264527,1.24230000,1261.90000000,1.2484
1749264527,1.24220000,94.60000000,1.2484
1749264527,1.24210000,8.10000000,1.2484
1749264527,1.24200000,1282.40000000,1.2484
1749264527,1.24190000,88.50000000,1.2484
1749264527,1.24180000,2375.90000000,1.2484
1749264527,1.24170000,8.10000000,1.2484
1749264527,1.24160000,14.20000000,1.2484
1749264527,1.24150000,88.50000000,1.2484
1749264527,1.24140000,8.10000000,1.2484
1749264527,1.24130000,3907.30000000,1.2484
1749264527,1.24120000,2097.80000000,1.2484
1749264527,1.24110000,98.10000000,1.2484
1749264527,1.24100000,110.60000000,1.2484
1749264527,1.24090000,8.10000000,1.2484
1749264527,1.24080000,12.60000000,1.2484
1749264527,1.24070000,8.10000000,1.2484
1749264527,1.24050000,1343.00000000,1.2484
1749264527,1.24040000,1259.90000000,1.2484
1749264527,1.24030000,835.90000000,1.2484
1749264527,1.24020000,287.10000000,1.2484
1749264527,1.24010000,2625.70000000,1.2484
1749264527,1.24000000,1269.80000000,1.2484
1749264527,1.23990000,2769.60000000,1.2484
1749264527,1.23980000,6.10000000,1.2484
1749264527,1.23970000,835.90000000,1.2484
1749264527,1.23960000,1258.30000000,1.2484
1749264527,1.23940000,1253.80000000,1.2484
1749264527,1.23920000,6.10000000,1.2484
1749264527,1.23900000,279.50000000,1.2484
1749264527,1.23890000,2089.70000000,1.2484
1749264527,1.23860000,6.10000000,1.2484
1749264527,1.23840000,1258.30000000,1.2484
1749264527,1.23830000,2089.70000000,1.2484
1749264527,1.23800000,22.10000000,1.2484
1749264527,1.23790000,291.40000000,1.2484
1749264527,1.23780000,1253.80000000,1.2484
1749264527,1.23770000,12873.10000000,1.2484
1749264527,1.23740000,198.80000000,1.2484
1749264527,1.23730000,2795.90000000,1.2484
1749264527,1.23720000,4.50000000,1.2484
1749264829,1.25420000,176.50000000,1.2543
1749264829,1.25410000,26.40000000,1.2543
1749264829,1.25400000,162.30000000,1.2543
1749264829,1.25390000,33.00000000,1.2543
1749264829,1.25380000,138.10000000,1.2543
1749264829,1.25370000,176.40000000,1.2543
1749264829,1.25360000,279.60000000,1.2543
1749264829,1.25350000,14.00000000,1.2543
1749264829,1.25340000,180.00000000,1.2543
1749264829,1.25330000,1289.20000000,1.2543
1749264829,1.25320000,2433.50000000,1.2543
1749264829,1.25310000,14.00000000,1.2543
1749264829,1.25300000,547.10000000,1.2543
1749264829,1.25290000,856.40000000,1.2543
1749264829,1.25280000,1199.30000000,1.2543
1749264829,1.25270000,3513.20000000,1.2543
1749264829,1.25260000,2282.30000000,1.2543
1749264829,1.25250000,934.70000000,1.2543
1749264829,1.25240000,2047.80000000,1.2543
1749264829,1.25230000,5199.30000000,1.2543
1749264829,1.25220000,209.80000000,1.2543
1749264829,1.25210000,8.00000000,1.2543
1749264829,1.25200000,1196.70000000,1.2543
1749264829,1.25190000,7454.90000000,1.2543
1749264829,1.25180000,13396.60000000,1.2543
1749264829,1.25170000,2389.40000000,1.2543
1749264829,1.25160000,591.50000000,1.2543
1749264829,1.25150000,1213.20000000,1.2543
1749264829,1.25140000,3434.00000000,1.2543
1749264829,1.25130000,1338.10000000,1.2543
1749264829,1.25120000,7020.10000000,1.2543
1749264829,1.25110000,8.00000000,1.2543
1749264829,1.25100000,1294.40000000,1.2543
1749264829,1.25090000,96.20000000,1.2543
1749264829,1.25080000,11440.40000000,1.2543
1749264829,1.25070000,1997.40000000,1.2543
1749264829,1.25060000,14.00000000,1.2543
1749264829,1.25050000,87.50000000,1.2543
1749264829,1.25040000,1206.00000000,1.2543
1749264829,1.25030000,8.10000000,1.2543
1749264829,1.25020000,87.60000000,1.2543
1749264829,1.25010000,24.10000000,1.2543
1749264829,1.25000000,93.60000000,1.2543
1749264829,1.24990000,2054.50000000,1.2543
1749264829,1.24980000,1201.70000000,1.2543
1749264829,1.24970000,1458.40000000,1.2543
1749264829,1.24960000,8.10000000,1.2543
1749264829,1.24950000,8.10000000,1.2543
1749264829,1.24940000,2106.20000000,1.2543
1749264829,1.24930000,87.60000000,1.2543
1749264829,1.24920000,92.10000000,1.2543
1749264829,1.24910000,1201.70000000,1.2543
1749264829,1.24900000,819.80000000,1.2543
1749264829,1.24890000,4597.50000000,1.2543
1749264829,1.24880000,14.10000000,1.2543
1749264829,1.24870000,8.00000000,1.2543
1749264829,1.24860000,39017.10000000,1.2543
1749264829,1.24850000,267.30000000,1.2543
1749264829,1.24840000,1997.40000000,1.2543
1749264829,1.24830000,644.60000000,1.2543
1749264829,1.24820000,14.10000000,1.2543
1749264829,1.24810000,1201.60000000,1.2543
1749264829,1.24800000,28.50000000,1.2543
1749264829,1.24790000,8.00000000,1.2543
1749264829,1.24780000,803.80000000,1.2543
1749264829,1.24770000,87.50000000,1.2543
1749264829,1.24760000,2458.30000000,1.2543
1749264829,1.24750000,8.00000000,1.2543
1749264829,1.24740000,275.10000000,1.2543
1749264829,1.24730000,87.50000000,1.2543
1749264829,1.24720000,1997.40000000,1.2543
1749264829,1.24710000,8.00000000,1.2543
1749264829,1.24700000,14678.50000000,1.2543
1749264829,1.24690000,87.50000000,1.2543
1749264829,1.24680000,21.70000000,1.2543
1749264829,1.24670000,1201.60000000,1.2543
1749264829,1.24660000,795.80000000,1.2543
1749264829,1.24650000,2834.40000000,1.2543
1749264829,1.24640000,6.10000000,1.2543
1749264829,1.24610000,20349.50000000,1.2543
1749264829,1.24600000,1089.80000000,1.2543
1749264829,1.24580000,25270.40000000,1.2543
1749264829,1.24570000,79.60000000,1.2543
1749264829,1.24560000,294.10000000,1.2543
1749264829,1.24550000,2387.20000000,1.2543
1749264829,1.24530000,92.90000000,1.2543
1749264829,1.24520000,6.10000000,1.2543
1749264829,1.24500000,120.20000000,1.2543
1749264829,1.24480000,795.80000000,1.2543
1749264829,1.24460000,1199.70000000,1.2543
1749264829,1.24450000,2638.60000000,1.2543
1749264829,1.24440000,1198.10000000,1.2543
1749264829,1.24420000,258.70000000,1.2543
1749264829,1.24410000,795.80000000,1.2543
1749264829,1.24400000,22.10000000,1.2543
1749264829,1.24380000,1193.60000000,1.2543
1749264829,1.24350000,1989.40000000,1.2543
1749264829,1.24340000,85.70000000,1.2543
1749264829,1.24330000,30617.40000000,1.2543
1749264829,1.24320000,4.50000000,1.2543
1749265131,1.24910000,127.60000000,1.249
1749265131,1.24900000,110.20000000,1.249
1749265131,1.24890000,20.10000000,1.249
1749265131,1.24880000,333.10000000,1.249
1749265131,1.24870000,19.20000000,1.249
1749265131,1.24860000,238.30000000,1.249
1749265131,1.24850000,358.80000000,1.249
1749265131,1.24840000,380.70000000,1.249
1749265131,1.24830000,114.20000000,1.249
1749265131,1.24820000,120.80000000,1.249
1749265131,1.24810000,142.30000000,1.249
1749265131,1.24800000,767.40000000,1.249
1749265131,1.24790000,2355.10000000,1.249
1749265131,1.24780000,1140.50000000,1.249
1749265131,1.24770000,216.40000000,1.249
1749265131,1.24760000,417.50000000,1.249
1749265131,1.24750000,1323.90000000,1.249
1749265131,1.24740000,285.70000000,1.249
1749265131,1.24730000,1506.90000000,1.249
1749265131,1.24720000,4959.60000000,1.249
1749265131,1.24710000,1690.90000000,1.249
1749265131,1.24700000,1926.50000000,1.249
1749265131,1.24690000,5825.10000000,1.249
1749265131,1.24680000,12604.00000000,1.249
1749265131,1.24670000,620.30000000,1.249
1749265131,1.24660000,803.80000000,1.249
1749265131,1.24650000,505.50000000,1.249
1749265131,1.24640000,1788.50000000,1.249
1749265131,1.24630000,1323.80000000,1.249
1749265131,1.24620000,392.40000000,1.249
1749265131,1.24610000,1528.50000000,1.249
1749265131,1.24600000,824.30000000,1.249
1749265131,1.24590000,1230.40000000,1.249
1749265131,1.24580000,9462.90000000,1.249
1749265131,1.24570000,12124.90000000,1.249
1749265131,1.24560000,191.30000000,1.249
1749265131,1.24550000,2395.20000000,1.249
1749265131,1.24540000,803.80000000,1.249
1749265131,1.24530000,180.60000000,1.249
1749265131,1.24520000,18.60000000,1.249
1749265131,1.24510000,1258.60000000,1.249
1749265131,1.24500000,128.20000000,1.249
1749265131,1.24490000,1281.30000000,1.249
1749265131,1.24480000,808.30000000,1.249
1749265131,1.24470000,8.00000000,1.249
1749265131,1.24460000,1207.70000000,1.249
1749265131,1.24450000,87.80000000,1.249
1749265131,1.24440000,1206.10000000,1.249
1749265131,1.24430000,87.80000000,1.249
1749265131,1.24420000,266.70000000,1.249
1749265131,1.24410000,803.80000000,1.249
1749265131,1.24400000,30.10000000,1.249
1749265131,1.24390000,8.10000000,1.249
1749265131,1.24380000,1201.70000000,1.249
1749265131,1.24370000,87.90000000,1.249
1749265131,1.24360000,18994.40000000,1.249
1749265131,1.24350000,40927.80000000,1.249
1749265131,1.24340000,14.20000000,1.249
1749265131,1.24330000,87.90000000,1.249
1749265131,1.24320000,12.60000000,1.249
1749265131,1.24310000,8.10000000,1.249
1749265131,1.24300000,6535.30000000,1.249
1749265131,1.24290000,2077.30000000,1.249
1749265131,1.24280000,14.20000000,1.249
1749265131,1.24270000,271.20000000,1.249
1749265131,1.24260000,25346.60000000,1.249
1749265131,1.24250000,88.00000000,1.249
1749265131,1.24240000,4329.60000000,1.249
1749265131,1.24230000,803.90000000,1.249
1749265131,1.24220000,14.20000000,1.249
1749265131,1.24210000,88.00000000,1.249
1749265131,1.24200000,108.50000000,1.249
1749265131,1.24190000,30430.90000000,1.249
1749265131,1.24180000,8.10000000,1.249
1749265131,1.24170000,8.10000000,1.249
1749265131,1.24160000,242.20000000,1.249
1749265131,1.24140000,1193.60000000,1.249
1749265131,1.24130000,1273.60000000,1.249
1749265131,1.24110000,795.80000000,1.249
1749265131,1.24100000,22.10000000,1.249
1749265131,1.24090000,80.00000000,1.249
1749265131,1.24080000,4.50000000,1.249
1749265131,1.24070000,1193.60000000,1.249
1749265131,1.24060000,28892.10000000,1.249
1749265131,1.24050000,9.20000000,1.249
1749265131,1.24040000,6.10000000,1.249
1749265131,1.24030000,290.80000000,1.249
1749265131,1.24020000,1419.90000000,1.249
1749265131,1.24010000,795.80000000,1.249
1749265131,1.24000000,2559.60000000,1.249
1749265131,1.23990000,90.00000000,1.249
1749265131,1.23980000,1199.70000000,1.249
1749265131,1.23970000,2626.50000000,1.249
1749265131,1.23960000,1197.70000000,1.249
1749265131,1.23920000,6.10000000,1.249
1749265131,1.23910000,1193.60000000,1.249
1749265131,1.23900000,279.50000000,1.249
1749265131,1.23890000,17.80000000,1.249
1749265131,1.23880000,38.60000000,1.249
1749265131,1.23870000,6.40000000,1.249
1749265432,1.24610000,8.10000000,1.2462
1749265432,1.24600000,209.50000000,1.2462
1749265432,1.24590000,14.20000000,1.2462
1749265432,1.24580000,151.50000000,1.2462
1749265432,1.24570000,255.00000000,1.2462
1749265432,1.24560000,637.70000000,1.2462
1749265432,1.24550000,2428.00000000,1.2462
1749265432,1.24540000,18.70000000,1.2462
1749265432,1.24530000,14.20000000,1.2462
1749265432,1.24520000,64.80000000,1.2462
1749265432,1.24510000,216.60000000,1.2462
1749265432,1.24500000,150.80000000,1.2462
1749265432,1.24490000,778.10000000,1.2462
1749265432,1.24480000,2399.80000000,1.2462
1749265432,1.24470000,8.10000000,1.2462
1749265432,1.24460000,330.30000000,1.2462
1749265432,1.24450000,1232.70000000,1.2462
1749265432,1.24440000,4764.20000000,1.2462
1749265432,1.24430000,4291.40000000,1.2462
1749265432,1.24420000,440.30000000,1.2462
1749265432,1.24410000,1158.40000000,1.2462
1749265432,1.24400000,554.10000000,1.2462
1749265432,1.24390000,2681.50000000,1.2462
1749265432,1.24380000,4525.20000000,1.2462
1749265432,1.24370000,88.40000000,1.2462
1749265432,1.24360000,456.30000000,1.2462
1749265432,1.24350000,803.90000000,1.2462
1749265432,1.24340000,136.40000000,1.2462
1749265432,1.24330000,2849.40000000,1.2462
1749265432,1.24320000,308.30000000,1.2462
1749265432,1.24310000,8.10000000,1.2462
1749265432,1.24300000,7347.80000000,1.2462
1749265432,1.24290000,890.50000000,1.2462
1749265432,1.24280000,1212.30000000,1.2462
1749265432,1.24270000,99.20000000,1.2462
1749265432,1.24260000,88.40000000,1.2462
1749265432,1.24250000,8.10000000,1.2462
1749265432,1.24240000,12.60000000,1.2462
1749265432,1.24230000,1997.50000000,1.2462
1749265432,1.24220000,1207.80000000,1.2462
1749265432,1.24210000,88.00000000,1.2462
1749265432,1.24200000,1359.10000000,1.2462
1749265432,1.24190000,12045.30000000,1.2462
1749265432,1.24180000,1201.70000000,1.2462
1749265432,1.24170000,803.90000000,1.2462
1749265432,1.24160000,4634.90000000,1.2462
1749265432,1.24150000,8.10000000,1.2462
1749265432,1.24140000,1384.30000000,1.2462
1749265432,1.24130000,2005.70000000,1.2462
1749265432,1.24120000,8.10000000,1.2462
1749265432,1.24110000,803.90000000,1.2462
1749265432,1.24100000,19016.50000000,1.2462
1749265432,1.24090000,88.10000000,1.2462
1749265432,1.24080000,92.60000000,1.2462
1749265432,1.24070000,2452.30000000,1.2462
1749265432,1.24060000,26466.00000000,1.2462
1749265432,1.24050000,40091.10000000,1.2462
1749265432,1.24040000,2782.70000000,1.2462
1749265432,1.24030000,194.60000000,1.2462
1749265432,1.24020000,1687.10000000,1.2462
1749265432,1.24010000,884.00000000,1.2462
1749265432,1.24000000,24.10000000,1.2462
1749265432,1.23990000,2656.50000000,1.2462
1749265432,1.23980000,1207.80000000,1.2462
1749265432,1.23970000,2788.40000000,1.2462
1749265432,1.23960000,1206.20000000,1.2462
1749265432,1.23950000,803.90000000,1.2462
1749265432,1.23940000,8.10000000,1.2462
1749265432,1.23930000,88.20000000,1.2462
1749265432,1.23920000,14.20000000,1.2462
1749265432,1.23910000,1201.70000000,1.2462
1749265432,1.23900000,1217.70000000,1.2462
1749265432,1.23890000,884.00000000,1.2462
1749265432,1.23880000,217.40000000,1.2462
1749265432,1.23870000,8.10000000,1.2462
1749265432,1.23860000,1207.80000000,1.2462
1749265432,1.23850000,170.10000000,1.2462
1749265432,1.23840000,4.50000000,1.2462
1749265432,1.23830000,795.80000000,1.2462
1749265432,1.23820000,1193.60000000,1.2462
1749265432,1.23810000,1273.80000000,1.2462
1749265432,1.23800000,28.40000000,1.2462
1749265432,1.23740000,1199.70000000,1.2462
1749265432,1.23720000,975.70000000,1.2462
1749265432,1.23710000,31616.40000000,1.2462
1749265432,1.23700000,16.00000000,1.2462
1749265432,1.23680000,6.10000000,1.2462
1749265432,1.23660000,1989.40000000,1.2462
1749265432,1.23620000,297.90000000,1.2462
1749265432,1.23610000,1193.60000000,1.2462
1749265432,1.23600000,20.50000000,1.2462
1749265432,1.23590000,1193.60000000,1.2462
1749265432,1.23580000,980.70000000,1.2462
1749265432,1.23570000,25090.70000000,1.2462
1749265432,1.23560000,6.10000000,1.2462
1749265432,1.23550000,2552.90000000,1.2462
1749265432,1.23520000,191.00000000,1.2462
1749265432,1.23510000,288.60000000,1.2462
1749265432,1.23500000,72.10000000,1.2462
1749265432,1.23490000,85.10000000,1.2462
1749265734,1.25080000,502.70000000,1.2508
1749265734,1.25070000,144.90000000,1.2508
1749265734,1.25060000,174.10000000,1.2508
1749265734,1.25050000,342.30000000,1.2508
1749265734,1.25040000,146.10000000,1.2508
1749265734,1.25030000,142.10000000,1.2508
1749265734,1.25020000,351.40000000,1.2508
1749265734,1.25010000,50.10000000,1.2508
1749265734,1.25000000,238.30000000,1.2508
1749265734,1.24990000,14.10000000,1.2508
1749265734,1.24980000,146.10000000,1.2508
1749265734,1.24970000,256.50000000,1.2508
1749265734,1.24960000,711.70000000,1.2508
1749265734,1.24950000,2161.80000000,1.2508
1749265734,1.24940000,562.10000000,1.2508
1749265734,1.24930000,1451.30000000,1.2508
1749265734,1.24920000,822.00000000,1.2508
1749265734,1.24910000,2517.30000000,1.2508
1749265734,1.24900000,2647.10000000,1.2508
1749265734,1.24890000,4002.00000000,1.2508
1749265734,1.24880000,1761.30000000,1.2508
1749265734,1.24870000,2429.50000000,1.2508
1749265734,1.24860000,682.80000000,1.2508
1749265734,1.24850000,2395.30000000,1.2508
1749265734,1.24840000,134.80000000,1.2508
1749265734,1.24830000,369.10000000,1.2508
1749265734,1.24820000,1933.40000000,1.2508
1749265734,1.24810000,3415.10000000,1.2508
1749265734,1.24800000,738.60000000,1.2508
1749265734,1.24790000,2792.90000000,1.2508
1749265734,1.24780000,1218.30000000,1.2508
1749265734,1.24770000,1090.80000000,1.2508
1749265734,1.24760000,3197.20000000,1.2508
1749265734,1.24750000,395.60000000,1.2508
1749265734,1.24740000,165.40000000,1.2508
1749265734,1.24730000,88.20000000,1.2508
1749265734,1.24720000,6142.70000000,1.2508
1749265734,1.24710000,88.20000000,1.2508
1749265734,1.24700000,826.00000000,1.2508
1749265734,1.24690000,1553.90000000,1.2508
1749265734,1.24680000,12.60000000,1.2508
1749265734,1.24670000,8.10000000,1.2508
1749265734,1.24660000,1338.80000000,1.2508
1749265734,1.24650000,8.10000000,1.2508
1749265734,1.24640000,1212.30000000,1.2508
1749265734,1.24630000,1997.50000000,1.2508
1749265734,1.24620000,8.10000000,1.2508
1749265734,1.24610000,88.20000000,1.2508
1749265734,1.24600000,28.60000000,1.2508
1749265734,1.24590000,8.10000000,1.2508
1749265734,1.24580000,94.40000000,1.2508
1749265734,1.24570000,8.10000000,1.2508
1749265734,1.24560000,3195.60000000,1.2508
1749265734,1.24550000,795.10000000,1.2508
1749265734,1.24540000,88.30000000,1.2508
1749265734,1.24530000,1258.70000000,1.2508
1749265734,1.24520000,39836.20000000,1.2508
1749265734,1.24510000,8.10000000,1.2508
1749265734,1.24500000,819.90000000,1.2508
1749265734,1.24490000,88.30000000,1.2508
1749265734,1.24480000,572.50000000,1.2508
1749265734,1.24470000,1201.70000000,1.2508
1749265734,1.24460000,14.20000000,1.2508
1749265734,1.24450000,1201.70000000,1.2508
1749265734,1.24440000,808.30000000,1.2508
1749265734,1.24430000,4611.40000000,1.2508
1749265734,1.24420000,2653.10000000,1.2508
1749265734,1.24410000,331.60000000,1.2508
1749265734,1.24400000,110.30000000,1.2508
1749265734,1.24390000,8.00000000,1.2508
1749265734,1.24380000,1997.50000000,1.2508
1749265734,1.24370000,2769.20000000,1.2508
1749265734,1.24360000,12045.30000000,1.2508
1749265734,1.24350000,88.40000000,1.2508
1749265734,1.24340000,14.20000000,1.2508
1749265734,1.24330000,1201.70000000,1.2508
1749265734,1.24320000,165.80000000,1.2508
1749265734,1.24310000,1283.60000000,1.2508
1749265734,1.24300000,811.80000000,1.2508
1749265734,1.24290000,2699.70000000,1.2508
1749265734,1.24280000,6.10000000,1.2508
1749265734,1.24250000,2467.10000000,1.2508
1749265734,1.24240000,795.80000000,1.2508
1749265734,1.24220000,6.10000000,1.2508
1749265734,1.24210000,200.00000000,1.2508
1749265734,1.24200000,19006.80000000,1.2508
1749265734,1.24190000,25264.30000000,1.2508
1749265734,1.24170000,1193.60000000,1.2508
1749265734,1.24160000,6.10000000,1.2508
1749265734,1.24150000,957.20000000,1.2508
1749265734,1.24140000,1193.60000000,1.2508
1749265734,1.24120000,1193.60000000,1.2508
1749265734,1.24100000,22.10000000,1.2508
1749265734,1.24090000,795.80000000,1.2508
1749265734,1.24080000,4.50000000,1.2508
1749265734,1.24070000,1193.60000000,1.2508
1749265734,1.24060000,1193.60000000,1.2508
1749265734,1.24050000,9.20000000,1.2508
1749265734,1.24040000,165.30000000,1.2508
1749265734,1.24020000,1193.60000000,1.2508
1749266035,1.25820000,196.70000000,1.2583
1749266035,1.25810000,38.60000000,1.2583
1749266035,1.25800000,155.80000000,1.2583
1749266035,1.25790000,78.00000000,1.2583
1749266035,1.25780000,161.70000000,1.2583
1749266035,1.25770000,838.20000000,1.2583
1749266035,1.25760000,2183.50000000,1.2583
1749266035,1.25750000,78.00000000,1.2583
1749266035,1.25740000,476.00000000,1.2583
1749266035,1.25730000,18.40000000,1.2583
1749266035,1.25720000,346.40000000,1.2583
1749266035,1.25710000,128.70000000,1.2583
1749266035,1.25700000,399.70000000,1.2583
1749266035,1.25690000,2119.90000000,1.2583
1749266035,1.25680000,2206.40000000,1.2583
1749266035,1.25670000,2466.40000000,1.2583
1749266035,1.25660000,6027.30000000,1.2583
1749266035,1.25650000,997.70000000,1.2583
1749266035,1.25640000,3808.80000000,1.2583
1749266035,1.25630000,209.70000000,1.2583
1749266035,1.25620000,403.80000000,1.2583
1749266035,1.25610000,3177.50000000,1.2583
1749266035,1.25600000,6864.20000000,1.2583
1749266035,1.25590000,4489.80000000,1.2583
1749266035,1.25580000,1512.20000000,1.2583
1749266035,1.25570000,130.20000000,1.2583
1749266035,1.25560000,91.90000000,1.2583
1749266035,1.25550000,130.20000000,1.2583
1749266035,1.25540000,185.90000000,1.2583
1749266035,1.25530000,2813.90000000,1.2583
1749266035,1.25520000,8131.90000000,1.2583
1749266035,1.25510000,97.20000000,1.2583
1749266035,1.25500000,8.00000000,1.2583
1749266035,1.25490000,87.60000000,1.2583
1749266035,1.25480000,98.00000000,1.2583
1749266035,1.25470000,24.00000000,1.2583
1749266035,1.25460000,8.00000000,1.2583
1749266035,1.25450000,3191.00000000,1.2583
1749266035,1.25440000,12.40000000,1.2583
1749266035,1.25430000,87.60000000,1.2583
1749266035,1.25420000,14.00000000,1.2583
1749266035,1.25410000,165.70000000,1.2583
1749266035,1.25400000,12.40000000,1.2583
1749266035,1.25390000,87.60000000,1.2583
1749266035,1.25380000,2054.40000000,1.2583
1749266035,1.25370000,2395.20000000,1.2583
1749266035,1.25360000,30.00000000,1.2583
1749266035,1.25350000,8.00000000,1.2583
1749266035,1.25340000,8.00000000,1.2583
1749266035,1.25330000,4661.40000000,1.2583
1749266035,1.25320000,803.80000000,1.2583
1749266035,1.25310000,1201.60000000,1.2583
1749266035,1.25300000,571.20000000,1.2583
1749266035,1.25290000,253.40000000,1.2583
1749266035,1.25280000,1206.00000000,1.2583
1749266035,1.25270000,87.70000000,1.2583
1749266035,1.25260000,1285.60000000,1.2583
1749266035,1.25250000,41398.10000000,1.2583
1749266035,1.25240000,14.00000000,1.2583
1749266035,1.25230000,8.10000000,1.2583
1749266035,1.25220000,83.60000000,1.2583
1749266035,1.25210000,88.10000000,1.2583
1749266035,1.25200000,1997.50000000,1.2583
1749266035,1.25190000,8.10000000,1.2583
1749266035,1.25180000,94.10000000,1.2583
1749266035,1.25170000,1201.60000000,1.2583
1749266035,1.25160000,12049.60000000,1.2583
1749266035,1.25150000,8.00000000,1.2583
1749266035,1.25140000,104.00000000,1.2583
1749266035,1.25130000,254.80000000,1.2583
1749266035,1.25120000,14.00000000,1.2583
1749266035,1.25110000,88.00000000,1.2583
1749266035,1.25100000,3191.00000000,1.2583
1749266035,1.25090000,8.00000000,1.2583
1749266035,1.25080000,8.00000000,1.2583
1749266035,1.25070000,5379.30000000,1.2583
1749266035,1.25060000,6.00000000,1.2583
1749266035,1.25050000,1273.00000000,1.2583
1749266035,1.25040000,18990.70000000,1.2583
1749266035,1.25030000,16.00000000,1.2583
1749266035,1.25020000,277.40000000,1.2583
1749266035,1.25010000,795.80000000,1.2583
1749266035,1.25000000,1199.60000000,1.2583
1749266035,1.24990000,1358.60000000,1.2583
1749266035,1.24950000,288.70000000,1.2583
1749266035,1.24940000,1199.60000000,1.2583
1749266035,1.24930000,2622.40000000,1.2583
1749266035,1.24920000,800.30000000,1.2583
1749266035,1.24910000,25264.30000000,1.2583
1749266035,1.24890000,2387.20000000,1.2583
1749266035,1.24880000,6.00000000,1.2583
1749266035,1.24850000,795.80000000,1.2583
1749266035,1.24840000,1193.60000000,1.2583
1749266035,1.24820000,169.10000000,1.2583
1749266035,1.24800000,31636.90000000,1.2583
1749266035,1.24790000,1193.60000000,1.2583
1749266035,1.24780000,1185.40000000,1.2583
1749266035,1.24760000,801.90000000,1.2583
1749266035,1.24750000,196.80000000,1.2583
1749266035,1.24740000,1193.60000000,1.2583
1749266337,1.25770000,8.00000000,1.2578
1749266337,1.25760000,8.00000000,1.2578
1749266337,1.25750000,32.80000000,1.2578
1749266337,1.25740000,156.70000000,1.2578
1749266337,1.25730000,14.00000000,1.2578
1749266337,1.25720000,351.10000000,1.2578
1749266337,1.25710000,140.40000000,1.2578
1749266337,1.25700000,140.60000000,1.2578
1749266337,1.25690000,223.50000000,1.2578
1749266337,1.25680000,1229.20000000,1.2578
1749266337,1.25670000,1207.60000000,1.2578
1749266337,1.25660000,520.10000000,1.2578
1749266337,1.25650000,2057.60000000,1.2578
1749266337,1.25640000,4412.70000000,1.2578
1749266337,1.25630000,2753.60000000,1.2578
1749266337,1.25620000,5504.70000000,1.2578
1749266337,1.25610000,4041.90000000,1.2578
1749266337,1.25600000,259.50000000,1.2578
1749266337,1.25590000,1647.90000000,1.2578
1749266337,1.25580000,994.60000000,1.2578
1749266337,1.25570000,179.70000000,1.2578
1749266337,1.25560000,3369.80000000,1.2578
1749266337,1.25550000,6781.00000000,1.2578
1749266337,1.25540000,4908.70000000,1.2578
1749266337,1.25530000,5412.40000000,1.2578
1749266337,1.25520000,1206.00000000,1.2578
1749266337,1.25510000,8.00000000,1.2578
1749266337,1.25500000,130.20000000,1.2578
1749266337,1.25490000,480.90000000,1.2578
1749266337,1.25480000,1286.40000000,1.2578
1749266337,1.25470000,24.00000000,1.2578
1749266337,1.25460000,12045.20000000,1.2578
1749266337,1.25450000,3278.90000000,1.2578
1749266337,1.25440000,12.40000000,1.2578
1749266337,1.25430000,87.60000000,1.2578
1749266337,1.25420000,14.00000000,1.2578
1749266337,1.25410000,6295.80000000,1.2578
1749266337,1.25400000,18998.70000000,1.2578
1749266337,1.25390000,8.00000000,1.2578
1749266337,1.25380000,803.80000000,1.2578
1749266337,1.25370000,2474.40000000,1.2578
1749266337,1.25360000,30.00000000,1.2578
1749266337,1.25350000,8.00000000,1.2578
1749266337,1.25340000,8.00000000,1.2578
1749266337,1.25330000,87.20000000,1.2578
1749266337,1.25320000,26068.10000000,1.2578
1749266337,1.25310000,1210.80000000,1.2578
1749266337,1.25300000,14.00000000,1.2578
1749266337,1.25290000,5300.90000000,1.2578
1749266337,1.25280000,1206.00000000,1.2578
1749266337,1.25270000,8.00000000,1.2578
1749266337,1.25260000,803.80000000,1.2578
1749266337,1.25250000,1296.90000000,1.2578
1749266337,1.25240000,7977.90000000,1.2578
1749266337,1.25230000,620.50000000,1.2578
1749266337,1.25220000,8.00000000,1.2578
1749266337,1.25210000,38565.10000000,1.2578
1749266337,1.25200000,2071.90000000,1.2578
1749266337,1.25190000,8.00000000,1.2578
1749266337,1.25180000,14.00000000,1.2578
1749266337,1.25170000,1280.90000000,1.2578
1749266337,1.25160000,12.40000000,1.2578
1749266337,1.25150000,8.00000000,1.2578
1749266337,1.25140000,24.00000000,1.2578
1749266337,1.25130000,244.10000000,1.2578
1749266337,1.25120000,14.00000000,1.2578
1749266337,1.25110000,8.00000000,1.2578
1749266337,1.25100000,3191.00000000,1.2578
1749266337,1.25090000,87.30000000,1.2578
1749266337,1.25080000,8.00000000,1.2578
1749266337,1.25070000,8.00000000,1.2578
1749266337,1.25060000,14.00000000,1.2578
1749266337,1.25050000,31703.80000000,1.2578
1749266337,1.25040000,12.40000000,1.2578
1749266337,1.25030000,24.00000000,1.2578
1749266337,1.25020000,206.00000000,1.2578
1749266337,1.25010000,875.20000000,1.2578
1749266337,1.25000000,1199.60000000,1.2578
1749266337,1.24990000,1358.60000000,1.2578
1749266337,1.24970000,79.40000000,1.2578
1749266337,1.24960000,288.60000000,1.2578
1749266337,1.24950000,90.00000000,1.2578
1749266337,1.24940000,1199.60000000,1.2578
1749266337,1.24930000,16.00000000,1.2578
1749266337,1.24920000,4.50000000,1.2578
1749266337,1.24890000,2387.20000000,1.2578
1749266337,1.24880000,6.00000000,1.2578
1749266337,1.24840000,1193.60000000,1.2578
1749266337,1.24820000,169.10000000,1.2578
1749266337,1.24800000,1214.10000000,1.2578
1749266337,1.24790000,1193.60000000,1.2578
1749266337,1.24780000,1185.40000000,1.2578
1749266337,1.24760000,6.10000000,1.2578
1749266337,1.24750000,27458.80000000,1.2578
1749266337,1.24740000,1193.60000000,1.2578
1749266337,1.24720000,1193.60000000,1.2578
1749266337,1.24700000,22.10000000,1.2578
1749266337,1.24690000,1552.40000000,1.2578
1749266337,1.24680000,299.20000000,1.2578
1749266337,1.24670000,80.00000000,1.2578
1749266646,1.25530000,167.80000000,1.2552
1749266646,1.25520000,107.00000000,1.2552
1749266646,1.25510000,14.00000000,1.2552
1749266646,1.25500000,114.70000000,1.2552
1749266646,1.25490000,83.80000000,1.2552
1749266646,1.25480000,174.00000000,1.2552
1749266646,1.25470000,299.80000000,1.2552
1749266646,1.25460000,600.70000000,1.2552
1749266646,1.25450000,264.20000000,1.2552
1749266646,1.25440000,174.00000000,1.2552
1749266646,1.25430000,114.00000000,1.2552
1749266646,1.25420000,126.10000000,1.2552
1749266646,1.25410000,677.80000000,1.2552
1749266646,1.25400000,3333.70000000,1.2552
1749266646,1.25390000,3627.10000000,1.2552
1749266646,1.25380000,194.00000000,1.2552
1749266646,1.25370000,364.60000000,1.2552
1749266646,1.25360000,1330.00000000,1.2552
1749266646,1.25350000,806.90000000,1.2552
1749266646,1.25340000,2318.00000000,1.2552
1749266646,1.25330000,399.90000000,1.2552
1749266646,1.25320000,1095.70000000,1.2552
1749266646,1.25310000,2856.90000000,1.2552
1749266646,1.25300000,6633.10000000,1.2552
1749266646,1.25290000,3698.20000000,1.2552
1749266646,1.25280000,5860.40000000,1.2552
1749266646,1.25270000,312.10000000,1.2552
1749266646,1.25260000,1431.80000000,1.2552
1749266646,1.25250000,2255.30000000,1.2552
1749266646,1.25240000,291.40000000,1.2552
1749266646,1.25230000,2225.20000000,1.2552
1749266646,1.25220000,3609.70000000,1.2552
1749266646,1.25210000,1116.40000000,1.2552
1749266646,1.25200000,2001.80000000,1.2552
1749266646,1.25190000,8.00000000,1.2552
1749266646,1.25180000,14.00000000,1.2552
1749266646,1.25170000,1280.90000000,1.2552
1749266646,1.25160000,12.40000000,1.2552
1749266646,1.25150000,12132.50000000,1.2552
1749266646,1.25140000,24.00000000,1.2552
1749266646,1.25130000,244.10000000,1.2552
1749266646,1.25120000,6148.50000000,1.2552
1749266646,1.25110000,8.00000000,1.2552
1749266646,1.25100000,3191.00000000,1.2552
1749266646,1.25090000,87.30000000,1.2552
1749266646,1.25080000,1200.80000000,1.2552
1749266646,1.25070000,8.00000000,1.2552
1749266646,1.25060000,14.00000000,1.2552
1749266646,1.25050000,1281.00000000,1.2552
1749266646,1.25040000,12.40000000,1.2552
1749266646,1.25030000,24.00000000,1.2552
1749266646,1.25020000,206.00000000,1.2552
1749266646,1.25010000,883.20000000,1.2552
1749266646,1.25000000,1207.60000000,1.2552
1749266646,1.24990000,20187.90000000,1.2552
1749266646,1.24980000,8.00000000,1.2552
1749266646,1.24970000,63549.90000000,1.2552
1749266646,1.24960000,151.60000000,1.2552
1749266646,1.24950000,717.40000000,1.2552
1749266646,1.24940000,1207.60000000,1.2552
1749266646,1.24930000,103.50000000,1.2552
1749266646,1.24920000,12.50000000,1.2552
1749266646,1.24910000,4597.30000000,1.2552
1749266646,1.24900000,883.30000000,1.2552
1749266646,1.24890000,2395.20000000,1.2552
1749266646,1.24880000,14.00000000,1.2552
1749266646,1.24870000,8.00000000,1.2552
1749266646,1.24860000,485.50000000,1.2552
1749266646,1.24850000,87.50000000,1.2552
1749266646,1.24840000,1201.60000000,1.2552
1749266646,1.24830000,8.00000000,1.2552
1749266646,1.24820000,177.10000000,1.2552
1749266646,1.24810000,161.40000000,1.2552
1749266646,1.24800000,1222.10000000,1.2552
1749266646,1.24790000,1201.60000000,1.2552
1749266646,1.24780000,803.80000000,1.2552
1749266646,1.24770000,79.50000000,1.2552
1749266646,1.24760000,6.10000000,1.2552
1749266646,1.24740000,1193.60000000,1.2552
1749266646,1.24730000,79.60000000,1.2552
1749266646,1.24720000,1193.60000000,1.2552
1749266646,1.24710000,154.00000000,1.2552
1749266646,1.24700000,22.10000000,1.2552
1749266646,1.24690000,31696.00000000,1.2552
1749266646,1.24680000,13.70000000,1.2552
1749266646,1.24660000,795.80000000,1.2552
1749266646,1.24650000,79.60000000,1.2552
1749266646,1.24640000,6.10000000,1.2552
1749266646,1.24630000,3949.90000000,1.2552
1749266646,1.24610000,79.60000000,1.2552
1749266646,1.24600000,16.00000000,1.2552
1749266646,1.24590000,120.60000000,1.2552
1749266646,1.24580000,169.20000000,1.2552
1749266646,1.24570000,2613.90000000,1.2552
1749266646,1.24560000,2391.70000000,1.2552
1749266646,1.24550000,2926.30000000,1.2552
1749266646,1.24540000,833.50000000,1.2552
1749266646,1.24530000,47.40000000,1.2552
1749266646,1.24520000,24936.60000000,1.2552
1749266646,1.24500000,16.00000000,1.2552
1749266948,1.24520000,76.50000000,1.2453
1749266948,1.24510000,85.10000000,1.2453
1749266948,1.24500000,259.50000000,1.2453
1749266948,1.24490000,14.10000000,1.2453
1749266948,1.24480000,125.80000000,1.2453
1749266948,1.24470000,184.50000000,1.2453
1749266948,1.24460000,1102.00000000,1.2453
1749266948,1.24450000,1069.40000000,1.2453
1749266948,1.24440000,1246.80000000,1.2453
1749266948,1.24430000,897.00000000,1.2453
1749266948,1.24420000,1033.20000000,1.2453
1749266948,1.24410000,3221.30000000,1.2453
1749266948,1.24400000,2937.40000000,1.2453
1749266948,1.24390000,3698.30000000,1.2453
1749266948,1.24380000,1532.40000000,1.2453
1749266948,1.24370000,1415.00000000,1.2453
1749266948,1.24360000,2913.90000000,1.2453
1749266948,1.24350000,7631.10000000,1.2453
1749266948,1.24340000,4673.00000000,1.2453
1749266948,1.24330000,1503.30000000,1.2453
1749266948,1.24320000,2204.10000000,1.2453
1749266948,1.24310000,3146.00000000,1.2453
1749266948,1.24300000,2784.70000000,1.2453
1749266948,1.24290000,1104.90000000,1.2453
1749266948,1.24280000,723.40000000,1.2453
1749266948,1.24270000,130.30000000,1.2453
1749266948,1.24260000,199.30000000,1.2453
1749266948,1.24250000,1403.80000000,1.2453
1749266948,1.24240000,1206.20000000,1.2453
1749266948,1.24230000,803.90000000,1.2453
1749266948,1.24220000,14.20000000,1.2453
1749266948,1.24210000,88.00000000,1.2453
1749266948,1.24200000,6369.90000000,1.2453
1749266948,1.24190000,12223.40000000,1.2453
1749266948,1.24180000,1342.40000000,1.2453
1749266948,1.24170000,2099.10000000,1.2453
1749266948,1.24160000,19005.00000000,1.2453
1749266948,1.24150000,1201.70000000,1.2453
1749266948,1.24140000,8.10000000,1.2453
1749266948,1.24130000,88.00000000,1.2453
1749266948,1.24120000,1461.00000000,1.2453
1749266948,1.24110000,803.90000000,1.2453
1749266948,1.24100000,30.20000000,1.2453
1749266948,1.24090000,8.10000000,1.2453
1749266948,1.24080000,12.60000000,1.2453
1749266948,1.24070000,1201.70000000,1.2453
1749266948,1.24060000,4624.10000000,1.2453
1749266948,1.24050000,97.30000000,1.2453
1749266948,1.24040000,1688.90000000,1.2453
1749266948,1.24030000,8.10000000,1.2453
1749266948,1.24020000,27341.70000000,1.2453
1749266948,1.24010000,8.10000000,1.2453
1749266948,1.24000000,8.10000000,1.2453
1749266948,1.23990000,24.10000000,1.2453
1749266948,1.23980000,164.90000000,1.2453
1749266948,1.23970000,30511.00000000,1.2453
1749266948,1.23960000,42084.00000000,1.2453
1749266948,1.23950000,80.80000000,1.2453
1749266948,1.23940000,2779.70000000,1.2453
1749266948,1.23930000,88.20000000,1.2453
1749266948,1.23920000,14.20000000,1.2453
1749266948,1.23910000,1201.70000000,1.2453
1749266948,1.23900000,803.90000000,1.2453
1749266948,1.23890000,88.30000000,1.2453
1749266948,1.23880000,3846.20000000,1.2453
1749266948,1.23870000,148.10000000,1.2453
1749266948,1.23860000,1207.80000000,1.2453
1749266948,1.23850000,88.30000000,1.2453
1749266948,1.23840000,102.60000000,1.2453
1749266948,1.23830000,8.10000000,1.2453
1749266948,1.23820000,8.10000000,1.2453
1749266948,1.23810000,1281.90000000,1.2453
1749266948,1.23800000,20.40000000,1.2453
1749266948,1.23790000,803.90000000,1.2453
1749266948,1.23780000,24954.60000000,1.2453
1749266948,1.23770000,1281.90000000,1.2453
1749266948,1.23760000,3847.20000000,1.2453
1749266948,1.23740000,6.10000000,1.2453
1749266948,1.23730000,80.20000000,1.2453
1749266948,1.23720000,296.00000000,1.2453
1749266948,1.23710000,1327.70000000,1.2453
1749266948,1.23680000,409.50000000,1.2453
1749266948,1.23620000,1327.40000000,1.2453
1749266948,1.23600000,4.50000000,1.2453
1749266948,1.23590000,6.40000000,1.2453
1749266948,1.23580000,176.20000000,1.2453
1749266948,1.23560000,6.10000000,1.2453
1749266948,1.23550000,1197.20000000,1.2453
1749266948,1.23540000,1273.70000000,1.2453
1749266948,1.23530000,4381.70000000,1.2453
1749266948,1.23500000,56.10000000,1.2453
1749266948,1.23490000,4808.10000000,1.2453
1749266948,1.23480000,20.50000000,1.2453
1749266948,1.23460000,2718.50000000,1.2453
1749266948,1.23450000,30.60000000,1.2453
1749266948,1.23440000,6.10000000,1.2453
1749266948,1.23430000,5047.50000000,1.2453
1749266948,1.23420000,269.80000000,1.2453
1749266948,1.23410000,297.90000000,1.2453
1749266948,1.23390000,15885.90000000,1.2453
1749267249,1.23900000,33.30000000,1.2391
1749267249,1.23890000,16.70000000,1.2391
1749267249,1.23880000,61.90000000,1.2391
1749267249,1.23870000,27.20000000,1.2391
1749267249,1.23860000,28.60000000,1.2391
1749267249,1.23850000,366.50000000,1.2391
1749267249,1.23840000,55.00000000,1.2391
1749267249,1.23830000,577.30000000,1.2391
1749267249,1.23820000,2710.50000000,1.2391
1749267249,1.23810000,3356.20000000,1.2391
1749267249,1.23800000,1247.50000000,1.2391
1749267249,1.23790000,14.20000000,1.2391
1749267249,1.23780000,2353.10000000,1.2391
1749267249,1.23770000,1202.60000000,1.2391
1749267249,1.23760000,2990.20000000,1.2391
1749267249,1.23750000,2177.50000000,1.2391
1749267249,1.23740000,141.50000000,1.2391
1749267249,1.23730000,1782.90000000,1.2391
1749267249,1.23720000,99.40000000,1.2391
1749267249,1.23710000,172.40000000,1.2391
1749267249,1.23700000,4426.70000000,1.2391
1749267249,1.23690000,3916.10000000,1.2391
1749267249,1.23680000,993.60000000,1.2391
1749267249,1.23670000,1772.50000000,1.2391
1749267249,1.23660000,1206.60000000,1.2391
1749267249,1.23650000,44.10000000,1.2391
1749267249,1.23640000,3440.80000000,1.2391
1749267249,1.23630000,1992.30000000,1.2391
1749267249,1.23620000,3410.90000000,1.2391
1749267249,1.23610000,1201.70000000,1.2391
1749267249,1.23600000,12.60000000,1.2391
1749267249,1.23590000,88.90000000,1.2391
1749267249,1.23580000,29.90000000,1.2391
1749267249,1.23570000,803.90000000,1.2391
1749267249,1.23560000,18.80000000,1.2391
1749267249,1.23550000,1201.80000000,1.2391
1749267249,1.23540000,1201.80000000,1.2391
1749267249,1.23530000,485.50000000,1.2391
1749267249,1.23520000,12130.70000000,1.2391
1749267249,1.23510000,804.00000000,1.2391
1749267249,1.23500000,2583.80000000,1.2391
1749267249,1.23490000,8.20000000,1.2391
1749267249,1.23480000,243.00000000,1.2391
1749267249,1.23470000,6138.30000000,1.2391
1749267249,1.23460000,1201.70000000,1.2391
1749267249,1.23450000,803.90000000,1.2391
1749267249,1.23440000,19198.50000000,1.2391
1749267249,1.23430000,1201.70000000,1.2391
1749267249,1.23420000,213.90000000,1.2391
1749267249,1.23410000,17.30000000,1.2391
1749267249,1.23400000,300.10000000,1.2391
1749267249,1.23390000,8.10000000,1.2391
1749267249,1.23380000,2019.60000000,1.2391
1749267249,1.23370000,2390.10000000,1.2391
1749267249,1.23360000,25276.90000000,1.2391
1749267249,1.23350000,365.40000000,1.2391
1749267249,1.23340000,39731.80000000,1.2391
1749267249,1.23330000,1201.70000000,1.2391
1749267249,1.23320000,810.00000000,1.2391
1749267249,1.23310000,8.10000000,1.2391
1749267249,1.23300000,134.60000000,1.2391
1749267249,1.23290000,4738.50000000,1.2391
1749267249,1.23280000,1940.20000000,1.2391
1749267249,1.23270000,8.10000000,1.2391
1749267249,1.23260000,14.20000000,1.2391
1749267249,1.23250000,2078.20000000,1.2391
1749267249,1.23240000,85.70000000,1.2391
1749267249,1.23230000,8.10000000,1.2391
1749267249,1.23220000,8.10000000,1.2391
1749267249,1.23210000,88.70000000,1.2391
1749267249,1.23200000,1207.80000000,1.2391
1749267249,1.23190000,803.90000000,1.2391
1749267249,1.23180000,230.30000000,1.2391
1749267249,1.23170000,8.10000000,1.2391
1749267249,1.23160000,88.80000000,1.2391
1749267249,1.23150000,8.10000000,1.2391
1749267249,1.23140000,1199.70000000,1.2391
1749267249,1.23130000,1989.40000000,1.2391
1749267249,1.23120000,2672.00000000,1.2391
1749267249,1.23110000,3355.40000000,1.2391
1749267249,1.23080000,2757.60000000,1.2391
1749267249,1.23070000,795.80000000,1.2391
1749267249,1.23050000,1193.60000000,1.2391
1749267249,1.23030000,293.20000000,1.2391
1749267249,1.23020000,136.00000000,1.2391
1749267249,1.23010000,795.80000000,1.2391
1749267249,1.23000000,1202.60000000,1.2391
1749267249,1.22990000,30422.80000000,1.2391
1749267249,1.22980000,1209.60000000,1.2391
1749267249,1.22960000,6.10000000,1.2391
1749267249,1.22950000,1989.40000000,1.2391
1749267249,1.22910000,24930.50000000,1.2391
1749267249,1.22900000,4503.00000000,1.2391
1749267249,1.22880000,20.50000000,1.2391
1749267249,1.22870000,133.30000000,1.2391
1749267249,1.22860000,5128.10000000,1.2391
1749267249,1.22850000,1193.60000000,1.2391
1749267249,1.22840000,6.10000000,1.2391
1749267249,1.22830000,1989.40000000,1.2391
1749267249,1.22800000,61.20000000,1.2391
1749267551,1.24020000,178.90000000,1.2403
1749267551,1.24010000,8.10000000,1.2403
1749267551,1.24000000,119.30000000,1.2403
1749267551,1.23990000,18.80000000,1.2403
1749267551,1.23980000,744.80000000,1.2403
1749267551,1.23970000,1949.80000000,1.2403
1749267551,1.23960000,2146.90000000,1.2403
1749267551,1.23950000,18.70000000,1.2403
1749267551,1.23940000,223.00000000,1.2403
1749267551,1.23930000,849.30000000,1.2403
1749267551,1.23920000,2014.20000000,1.2403
1749267551,1.23910000,136.40000000,1.2403
1749267551,1.23900000,560.70000000,1.2403
1749267551,1.23890000,1156.90000000,1.2403
1749267551,1.23880000,1228.40000000,1.2403
1749267551,1.23870000,3310.40000000,1.2403
1749267551,1.23860000,5861.30000000,1.2403
1749267551,1.23850000,1062.00000000,1.2403
1749267551,1.23840000,3851.60000000,1.2403
1749267551,1.23830000,2582.20000000,1.2403
1749267551,1.23820000,4100.70000000,1.2403
1749267551,1.23810000,4851.70000000,1.2403
1749267551,1.23800000,2389.00000000,1.2403
1749267551,1.23790000,3593.70000000,1.2403
1749267551,1.23780000,2800.00000000,1.2403
1749267551,1.23770000,8.10000000,1.2403
1749267551,1.23760000,134.80000000,1.2403
1749267551,1.23750000,88.90000000,1.2403
1749267551,1.23740000,14.20000000,1.2403
1749267551,1.23730000,130.30000000,1.2403
1749267551,1.23720000,226.30000000,1.2403
1749267551,1.23710000,1201.70000000,1.2403
1749267551,1.23700000,1201.70000000,1.2403
1749267551,1.23690000,803.90000000,1.2403
1749267551,1.23680000,34.70000000,1.2403
1749267551,1.23670000,6138.20000000,1.2403
1749267551,1.23660000,1201.70000000,1.2403
1749267551,1.23650000,88.90000000,1.2403
1749267551,1.23640000,12.60000000,1.2403
1749267551,1.23630000,1992.30000000,1.2403
1749267551,1.23620000,1288.50000000,1.2403
1749267551,1.23610000,1333.30000000,1.2403
1749267551,1.23600000,93.10000000,1.2403
1749267551,1.23590000,8.10000000,1.2403
1749267551,1.23580000,29.90000000,1.2403
1749267551,1.23570000,803.90000000,1.2403
1749267551,1.23560000,12132.00000000,1.2403
1749267551,1.23550000,1859.40000000,1.2403
1749267551,1.23540000,1201.80000000,1.2403
1749267551,1.23530000,4651.70000000,1.2403
1749267551,1.23520000,88.60000000,1.2403
1749267551,1.23510000,1287.00000000,1.2403
1749267551,1.23500000,1407.70000000,1.2403
1749267551,1.23490000,8.10000000,1.2403
1749267551,1.23480000,28.60000000,1.2403
1749267551,1.23470000,8.10000000,1.2403
1749267551,1.23460000,41479.20000000,1.2403
1749267551,1.23450000,1150.50000000,1.2403
1749267551,1.23440000,14.20000000,1.2403
1749267551,1.23430000,22826.00000000,1.2403
1749267551,1.23420000,133.00000000,1.2403
1749267551,1.23410000,97.80000000,1.2403
1749267551,1.23400000,81.50000000,1.2403
1749267551,1.23390000,8.10000000,1.2403
1749267551,1.23380000,2100.20000000,1.2403
1749267551,1.23370000,26466.00000000,1.2403
1749267551,1.23360000,12.60000000,1.2403
1749267551,1.23350000,8.10000000,1.2403
1749267551,1.23340000,8.10000000,1.2403
1749267551,1.23330000,1282.20000000,1.2403
1749267551,1.23320000,885.50000000,1.2403
1749267551,1.23310000,8.10000000,1.2403
1749267551,1.23300000,215.10000000,1.2403
1749267551,1.23290000,30520.90000000,1.2403
1749267551,1.23280000,1217.70000000,1.2403
1749267551,1.23270000,88.70000000,1.2403
1749267551,1.23260000,5457.70000000,1.2403
1749267551,1.23250000,1989.40000000,1.2403
1749267551,1.23240000,4.50000000,1.2403
1749267551,1.23210000,292.80000000,1.2403
1749267551,1.23200000,1199.70000000,1.2403
1749267551,1.23190000,795.80000000,1.2403
1749267551,1.23180000,141.60000000,1.2403
1749267551,1.23140000,1199.70000000,1.2403
1749267551,1.23130000,1193.60000000,1.2403
1749267551,1.23120000,4.50000000,1.2403
1749267551,1.23080000,22.10000000,1.2403
1749267551,1.23050000,1193.60000000,1.2403
1749267551,1.23040000,3765.60000000,1.2403
1749267551,1.23020000,136.00000000,1.2403
1749267551,1.23000000,1202.60000000,1.2403
1749267551,1.22980000,10435.00000000,1.2403
1749267551,1.22960000,6.10000000,1.2403
1749267551,1.22950000,1193.60000000,1.2403
1749267551,1.22940000,190.20000000,1.2403
1749267551,1.22910000,24930.50000000,1.2403
1749267551,1.22900000,6.10000000,1.2403
1749267551,1.22890000,5078.40000000,1.2403
1749267551,1.22880000,20.50000000,1.2403
1749267551,1.22870000,134.50000000,1.2403
1749267852,1.24070000,104.90000000,1.2407
1749267852,1.24060000,128.20000000,1.2407
1749267852,1.24050000,142.20000000,1.2407
1749267852,1.24040000,238.20000000,1.2407
1749267852,1.24030000,118.90000000,1.2407
1749267852,1.24020000,247.40000000,1.2407
1749267852,1.24010000,495.70000000,1.2407
1749267852,1.24000000,558.30000000,1.2407
1749267852,1.23990000,1449.20000000,1.2407
1749267852,1.23980000,1065.80000000,1.2407
1749267852,1.23970000,793.90000000,1.2407
1749267852,1.23960000,1772.00000000,1.2407
1749267852,1.23950000,1410.60000000,1.2407
1749267852,1.23940000,1085.60000000,1.2407
1749267852,1.23930000,2938.20000000,1.2407
1749267852,1.23920000,1405.60000000,1.2407
1749267852,1.23910000,4068.80000000,1.2407
1749267852,1.23900000,3798.50000000,1.2407
1749267852,1.23890000,4320.20000000,1.2407
1749267852,1.23880000,2759.20000000,1.2407
1749267852,1.23870000,8912.90000000,1.2407
1749267852,1.23860000,5017.70000000,1.2407
1749267852,1.23850000,210.90000000,1.2407
1749267852,1.23840000,317.90000000,1.2407
1749267852,1.23830000,1017.80000000,1.2407
1749267852,1.23820000,8.10000000,1.2407
1749267852,1.23810000,130.30000000,1.2407
1749267852,1.23800000,907.60000000,1.2407
1749267852,1.23790000,3517.50000000,1.2407
1749267852,1.23780000,2406.10000000,1.2407
1749267852,1.23770000,8.10000000,1.2407
