timestamp,price,volume,current_price
1749258452,1.22400000,9.50000000,1.224
1749258452,1.22390000,38.30000000,1.224
1749258452,1.22380000,18.90000000,1.224
1749258452,1.22370000,66.90000000,1.224
1749258452,1.22360000,300.40000000,1.224
1749258452,1.22350000,161.90000000,1.224
1749258452,1.22340000,865.70000000,1.224
1749258452,1.22330000,2722.90000000,1.224
1749258452,1.22320000,474.60000000,1.224
1749258452,1.22310000,2015.20000000,1.224
1749258452,1.22300000,1965.10000000,1.224
1749258452,1.22290000,3041.30000000,1.224
1749258452,1.22280000,1052.50000000,1.224
1749258452,1.22270000,433.00000000,1.224
1749258452,1.22260000,2380.80000000,1.224
1749258452,1.22250000,6187.90000000,1.224
1749258452,1.22240000,3763.20000000,1.224
1749258452,1.22230000,3783.50000000,1.224
1749258452,1.22220000,4614.50000000,1.224
1749258452,1.22210000,2945.50000000,1.224
1749258452,1.22200000,3017.20000000,1.224
1749258452,1.22190000,2659.00000000,1.224
1749258452,1.22180000,218.30000000,1.224
1749258452,1.22170000,98.60000000,1.224
1749258452,1.22160000,585.40000000,1.224
1749258452,1.22150000,17.40000000,1.224
1749258452,1.22140000,2236.90000000,1.224
1749258452,1.22130000,1343.20000000,1.224
1749258452,1.22120000,18464.40000000,1.224
1749258452,1.22110000,8.20000000,1.224
1749258452,1.22100000,202.70000000,1.224
1749258452,1.22090000,89.50000000,1.224
1749258452,1.22080000,1800.80000000,1.224
1749258452,1.22070000,1396.70000000,1.224
1749258452,1.22060000,850.30000000,1.224
1749258452,1.22050000,1262.00000000,1.224
1749258452,1.22040000,29.60000000,1.224
1749258452,1.22030000,1343.30000000,1.224
1749258452,1.22020000,8.20000000,1.224
1749258452,1.22010000,8.20000000,1.224
1749258452,1.22000000,850.30000000,1.224
1749258452,1.21990000,18598.40000000,1.224
1749258452,1.21980000,8.20000000,1.224
1749258452,1.21970000,89.50000000,1.224
1749258452,1.21960000,610.80000000,1.224
1749258452,1.21950000,5964.20000000,1.224
1749258452,1.21940000,867.10000000,1.224
1749258452,1.21930000,89.60000000,1.224
1749258452,1.21920000,361.40000000,1.224
1749258452,1.21910000,89.70000000,1.224
1749258452,1.21900000,2515.80000000,1.224
1749258452,1.21890000,217.10000000,1.224
1749258452,1.21880000,24729.20000000,1.224
1749258452,1.21870000,8.20000000,1.224
1749258452,1.21860000,89.70000000,1.224
1749258452,1.21850000,41173.30000000,1.224
1749258452,1.21840000,89.70000000,1.224
1749258452,1.21830000,3533.40000000,1.224
1749258452,1.21820000,14.40000000,1.224
1749258452,1.21810000,8.20000000,1.224
1749258452,1.21800000,1266.60000000,1.224
1749258452,1.21790000,2701.60000000,1.224
1749258452,1.21780000,34145.20000000,1.224
1749258452,1.21770000,925.60000000,1.224
1749258452,1.21760000,14.40000000,1.224
1749258452,1.21750000,1343.60000000,1.224
1749258452,1.21740000,160.50000000,1.224
1749258452,1.21730000,25.00000000,1.224
1749258452,1.21720000,1846.20000000,1.224
1749258452,1.21710000,844.10000000,1.224
1749258452,1.21700000,14.40000000,1.224
1749258452,1.21690000,89.80000000,1.224
1749258452,1.21680000,12.80000000,1.224
1749258452,1.21670000,304.70000000,1.224
1749258452,1.21660000,1343.60000000,1.224
1749258452,1.21640000,1887.60000000,1.224
1749258452,1.21630000,16.80000000,1.224
1749258452,1.21610000,1335.40000000,1.224
1749258452,1.21600000,3395.60000000,1.224
1749258452,1.21590000,843.90000000,1.224
1749258452,1.21580000,6.20000000,1.224
1749258452,1.21570000,81.60000000,1.224
1749258452,1.21560000,4.60000000,1.224
1749258452,1.21550000,1253.80000000,1.224
1749258452,1.21540000,1733.70000000,1.224
1749258452,1.21530000,934.40000000,1.224
1749258452,1.21520000,6.20000000,1.224
1749258452,1.21510000,2602.90000000,1.224
1749258452,1.21500000,1253.80000000,1.224
1749258452,1.21490000,3184.30000000,1.224
1749258452,1.21470000,24834.60000000,1.224
1749258452,1.21460000,6.20000000,1.224
1749258452,1.21440000,4.60000000,1.224
1749258452,1.21430000,16.80000000,1.224
1749258452,1.21420000,2472.00000000,1.224
1749258452,1.21400000,6.20000000,1.224
1749258452,1.21390000,1253.80000000,1.224
1749258452,1.21360000,249.40000000,1.224
1749258452,1.21340000,6.20000000,1.224
1749258452,1.21330000,1270.60000000,1.224
1749258808,1.22560000,12.70000000,1.2257
1749258808,1.22550000,32.40000000,1.2257
1749258808,1.22540000,117.10000000,1.2257
1749258808,1.22530000,21.80000000,1.2257
1749258808,1.22520000,118.30000000,1.2257
1749258808,1.22510000,864.90000000,1.2257
1749258808,1.22500000,2427.40000000,1.2257
1749258808,1.22490000,14.40000000,1.2257
1749258808,1.22480000,237.90000000,1.2257
1749258808,1.22470000,167.90000000,1.2257
1749258808,1.22460000,308.80000000,1.2257
1749258808,1.22450000,1389.10000000,1.2257
1749258808,1.22440000,1388.70000000,1.2257
1749258808,1.22430000,406.80000000,1.2257
1749258808,1.22420000,1272.70000000,1.2257
1749258808,1.22410000,220.80000000,1.2257
1749258808,1.22400000,667.90000000,1.2257
1749258808,1.22390000,3558.40000000,1.2257
1749258808,1.22380000,4190.60000000,1.2257
1749258808,1.22370000,5558.20000000,1.2257
1749258808,1.22360000,3643.00000000,1.2257
1749258808,1.22350000,779.20000000,1.2257
1749258808,1.22340000,130.40000000,1.2257
1749258808,1.22330000,3021.70000000,1.2257
1749258808,1.22320000,2314.80000000,1.2257
1749258808,1.22310000,3468.20000000,1.2257
1749258808,1.22300000,14.40000000,1.2257
1749258808,1.22290000,130.40000000,1.2257
1749258808,1.22280000,1266.50000000,1.2257
1749258808,1.22270000,1262.00000000,1.2257
1749258808,1.22260000,925.80000000,1.2257
1749258808,1.22250000,8.20000000,1.2257
1749258808,1.22240000,100.60000000,1.2257
1749258808,1.22230000,25.00000000,1.2257
1749258808,1.22220000,5955.50000000,1.2257
1749258808,1.22210000,8.20000000,1.2257
1749258808,1.22200000,1266.60000000,1.2257
1749258808,1.22190000,1181.50000000,1.2257
1749258808,1.22180000,96.10000000,1.2257
1749258808,1.22170000,1258.80000000,1.2257
1749258808,1.22160000,7420.30000000,1.2257
1749258808,1.22150000,90.20000000,1.2257
1749258808,1.22140000,8.30000000,1.2257
1749258808,1.22130000,992.60000000,1.2257
1749258808,1.22120000,1350.20000000,1.2257
1749258808,1.22110000,8.30000000,1.2257
1749258808,1.22100000,1754.90000000,1.2257
1749258808,1.22090000,8.30000000,1.2257
1749258808,1.22080000,90.20000000,1.2257
1749258808,1.22070000,844.20000000,1.2257
1749258808,1.22060000,14.50000000,1.2257
1749258808,1.22050000,1262.10000000,1.2257
1749258808,1.22040000,1400.00000000,1.2257
1749258808,1.22030000,1875.00000000,1.2257
1749258808,1.22020000,90.20000000,1.2257
1749258808,1.22010000,41284.40000000,1.2257
1749258808,1.22000000,1350.20000000,1.2257
1749258808,1.21990000,8.30000000,1.2257
1749258808,1.21980000,8.30000000,1.2257
1749258808,1.21970000,12288.90000000,1.2257
1749258808,1.21960000,1262.00000000,1.2257
1749258808,1.21950000,2097.90000000,1.2257
1749258808,1.21940000,14.40000000,1.2257
1749258808,1.21930000,106.90000000,1.2257
1749258808,1.21920000,12.80000000,1.2257
1749258808,1.21910000,8.20000000,1.2257
1749258808,1.21900000,1398.00000000,1.2257
1749258808,1.21890000,926.00000000,1.2257
1749258808,1.21880000,14.40000000,1.2257
1749258808,1.21870000,19011.90000000,1.2257
1749258808,1.21860000,1343.50000000,1.2257
1749258808,1.21850000,1558.00000000,1.2257
1749258808,1.21840000,89.70000000,1.2257
1749258808,1.21830000,3553.90000000,1.2257
1749258808,1.21820000,2830.20000000,1.2257
1749258808,1.21810000,8.20000000,1.2257
1749258808,1.21800000,3140.40000000,1.2257
1749258808,1.21790000,24280.00000000,1.2257
1749258808,1.21770000,917.40000000,1.2257
1749258808,1.21760000,6.20000000,1.2257
1749258808,1.21750000,3092.40000000,1.2257
1749258808,1.21730000,16.80000000,1.2257
1749258808,1.21720000,1253.80000000,1.2257
1749258808,1.21710000,835.90000000,1.2257
1749258808,1.21700000,2681.70000000,1.2257
1749258808,1.21690000,1887.20000000,1.2257
1749258808,1.21680000,4.60000000,1.2257
1749258808,1.21660000,1335.40000000,1.2257
1749258808,1.21650000,2703.70000000,1.2257
1749258808,1.21640000,6.20000000,1.2257
1749258808,1.21630000,16.80000000,1.2257
1749258808,1.21610000,1335.40000000,1.2257
1749258808,1.21600000,1401.60000000,1.2257
1749258808,1.21590000,2600.60000000,1.2257
1749258808,1.21580000,6.20000000,1.2257
1749258808,1.21570000,81.60000000,1.2257
1749258808,1.21560000,4.60000000,1.2257
1749258808,1.21550000,1547.30000000,1.2257
1749258808,1.21530000,98.50000000,1.2257
1749258808,1.21520000,6.20000000,1.2257
1749259111,1.21770000,8.30000000,1.2185
1749259111,1.21760000,32.30000000,1.2185
1749259111,1.21750000,78.50000000,1.2185
1749259111,1.21740000,111.10000000,1.2185
1749259111,1.21730000,86.40000000,1.2185
1749259111,1.21720000,294.40000000,1.2185
1749259111,1.21710000,157.30000000,1.2185
1749259111,1.21700000,1486.50000000,1.2185
1749259111,1.21690000,2422.90000000,1.2185
1749259111,1.21680000,702.70000000,1.2185
1749259111,1.21670000,2140.70000000,1.2185
1749259111,1.21660000,617.60000000,1.2185
1749259111,1.21650000,2172.60000000,1.2185
1749259111,1.21640000,3732.00000000,1.2185
1749259111,1.21630000,31.30000000,1.2185
1749259111,1.21620000,1020.60000000,1.2185
1749259111,1.21610000,227.10000000,1.2185
1749259111,1.21600000,314.90000000,1.2185
1749259111,1.21590000,3446.20000000,1.2185
1749259111,1.21580000,19.10000000,1.2185
1749259111,1.21570000,90.40000000,1.2185
1749259111,1.21560000,1385.70000000,1.2185
1749259111,1.21550000,8.30000000,1.2185
1749259111,1.21540000,1368.80000000,1.2185
1749259111,1.21530000,237.70000000,1.2185
1749259111,1.21520000,3565.50000000,1.2185
1749259111,1.21510000,975.50000000,1.2185
1749259111,1.21500000,1310.50000000,1.2185
1749259111,1.21490000,1708.40000000,1.2185
1749259111,1.21480000,17.10000000,1.2185
1749259111,1.21470000,447.50000000,1.2185
1749259111,1.21460000,14.40000000,1.2185
1749259111,1.21450000,1247.10000000,1.2185
1749259111,1.21440000,12.80000000,1.2185
1749259111,1.21430000,25.00000000,1.2185
1749259111,1.21420000,8666.20000000,1.2185
1749259111,1.21410000,12370.70000000,1.2185
1749259111,1.21400000,19.00000000,1.2185
1749259111,1.21390000,1455.20000000,1.2185
1749259111,1.21380000,8.20000000,1.2185
1749259111,1.21370000,90.00000000,1.2185
1749259111,1.21360000,19016.50000000,1.2185
1749259111,1.21350000,1812.40000000,1.2185
1749259111,1.21340000,850.30000000,1.2185
1749259111,1.21330000,1505.70000000,1.2185
1749259111,1.21320000,691.10000000,1.2185
1749259111,1.21310000,8.30000000,1.2185
1749259111,1.21300000,1919.10000000,1.2185
1749259111,1.21290000,4817.70000000,1.2185
1749259111,1.21280000,14.50000000,1.2185
1749259111,1.21270000,8.30000000,1.2185
1749259111,1.21260000,1341.30000000,1.2185
1749259111,1.21250000,1527.50000000,1.2185
1749259111,1.21240000,3061.80000000,1.2185
1749259111,1.21230000,861.00000000,1.2185
1749259111,1.21220000,39752.70000000,1.2185
1749259111,1.21210000,120.80000000,1.2185
1749259111,1.21200000,24202.90000000,1.2185
1749259111,1.21190000,2950.50000000,1.2185
1749259111,1.21180000,8.30000000,1.2185
1749259111,1.21170000,90.20000000,1.2185
1749259111,1.21160000,510.50000000,1.2185
1749259111,1.21150000,8.30000000,1.2185
1749259111,1.21140000,8.30000000,1.2185
1749259111,1.21130000,107.00000000,1.2185
1749259111,1.21120000,2098.00000000,1.2185
1749259111,1.21110000,8.30000000,1.2185
1749259111,1.21100000,96.40000000,1.2185
1749259111,1.21090000,1502.30000000,1.2185
1749259111,1.21080000,23624.10000000,1.2185
1749259111,1.21070000,20.10000000,1.2185
1749259111,1.21060000,90.20000000,1.2185
1749259111,1.21050000,2698.20000000,1.2185
1749259111,1.21040000,30997.30000000,1.2185
1749259111,1.21030000,107.00000000,1.2185
1749259111,1.21020000,3973.10000000,1.2185
1749259111,1.21010000,835.90000000,1.2185
1749259111,1.21000000,4.50000000,1.2185
1749259111,1.20980000,6.20000000,1.2185
1749259111,1.20970000,1335.90000000,1.2185
1749259111,1.20960000,26.30000000,1.2185
1749259111,1.20950000,298.20000000,1.2185
1749259111,1.20940000,1253.80000000,1.2185
1749259111,1.20930000,98.90000000,1.2185
1749259111,1.20920000,1260.00000000,1.2185
1749259111,1.20910000,82.10000000,1.2185
1749259111,1.20900000,971.20000000,1.2185
1749259111,1.20880000,2847.00000000,1.2185
1749259111,1.20870000,1253.80000000,1.2185
1749259111,1.20860000,24358.20000000,1.2185
1749259111,1.20850000,82.10000000,1.2185
1749259111,1.20840000,4.60000000,1.2185
1749259111,1.20830000,78.30000000,1.2185
1749259111,1.20820000,1253.80000000,1.2185
1749259111,1.20810000,2241.80000000,1.2185
1749259111,1.20800000,29717.70000000,1.2185
1749259111,1.20790000,15030.60000000,1.2185
1749259111,1.20770000,1253.80000000,1.2185
1749259111,1.20750000,6.30000000,1.2185
1749259111,1.20740000,6.20000000,1.2185
