timestamp,price,volume,current_price
1749254701,1.20740000,101.40000000,1.2058
1749254701,1.20730000,151.50000000,1.2058
1749254701,1.20720000,185.50000000,1.2058
1749254701,1.20710000,467.80000000,1.2058
1749254701,1.20700000,1098.40000000,1.2058
1749254701,1.20690000,114.40000000,1.2058
1749254701,1.20680000,451.40000000,1.2058
1749254701,1.20670000,130.40000000,1.2058
1749254701,1.20660000,207.50000000,1.2058
1749254701,1.20650000,202.90000000,1.2058
1749254701,1.20640000,345.80000000,1.2058
1749254701,1.20630000,836.30000000,1.2058
1749254701,1.20620000,2466.00000000,1.2058
1749254701,1.20610000,2136.50000000,1.2058
1749254701,1.20600000,9567.40000000,1.2058
1749254701,1.20590000,6220.60000000,1.2058
1749254701,1.20580000,2854.50000000,1.2058
1749254701,1.20570000,1223.10000000,1.2058
1749254701,1.20560000,216.20000000,1.2058
1749254701,1.20550000,19.20000000,1.2058
1749254701,1.20540000,643.60000000,1.2058
1749254701,1.20530000,627.60000000,1.2058
1749254701,1.20520000,1590.80000000,1.2058
1749254701,1.20510000,1199.20000000,1.2058
1749254701,1.20500000,55.30000000,1.2058
1749254701,1.20490000,974.40000000,1.2058
1749254701,1.20480000,13.00000000,1.2058
1749254701,1.20470000,1059.90000000,1.2058
1749254701,1.20460000,1457.40000000,1.2058
1749254701,1.20450000,499.00000000,1.2058
1749254701,1.20440000,1604.50000000,1.2058
1749254701,1.20430000,13029.40000000,1.2058
1749254701,1.20420000,8.40000000,1.2058
1749254701,1.20410000,7610.20000000,1.2058
1749254701,1.20400000,161.00000000,1.2058
1749254701,1.20390000,8.40000000,1.2058
1749254701,1.20380000,4785.40000000,1.2058
1749254701,1.20370000,802.20000000,1.2058
1749254701,1.20360000,2410.60000000,1.2058
1749254701,1.20350000,2107.10000000,1.2058
1749254701,1.20340000,91.30000000,1.2058
1749254701,1.20330000,8.30000000,1.2058
1749254701,1.20320000,18105.60000000,1.2058
1749254701,1.20310000,945.10000000,1.2058
1749254701,1.20300000,2598.80000000,1.2058
1749254701,1.20290000,1281.70000000,1.2058
1749254701,1.20280000,95.50000000,1.2058
1749254701,1.20270000,1199.20000000,1.2058
1749254701,1.20260000,30.50000000,1.2058
1749254701,1.20250000,3169.20000000,1.2058
1749254701,1.20240000,1199.20000000,1.2058
1749254701,1.20230000,1258.90000000,1.2058
1749254701,1.20220000,155.30000000,1.2058
1749254701,1.20210000,90.90000000,1.2058
1749254701,1.20200000,43419.00000000,1.2058
1749254701,1.20190000,2390.10000000,1.2058
1749254701,1.20180000,802.20000000,1.2058
1749254701,1.20170000,8.30000000,1.2058
1749254701,1.20160000,106.80000000,1.2058
1749254701,1.20150000,727.30000000,1.2058
1749254701,1.20140000,1205.50000000,1.2058
1749254701,1.20130000,8.30000000,1.2058
1749254701,1.20120000,4973.40000000,1.2058
1749254701,1.20110000,260.80000000,1.2058
1749254701,1.20100000,1258.90000000,1.2058
1749254701,1.20090000,1199.20000000,1.2058
1749254701,1.20080000,24757.20000000,1.2058
1749254701,1.20070000,802.20000000,1.2058
1749254701,1.20060000,106.90000000,1.2058
1749254701,1.20050000,178.30000000,1.2058
1749254701,1.20040000,2390.10000000,1.2058
1749254701,1.20030000,30953.20000000,1.2058
1749254701,1.20020000,14.60000000,1.2058
1749254701,1.20010000,275.00000000,1.2058
1749254701,1.20000000,12.90000000,1.2058
1749254701,1.19990000,8.30000000,1.2058
1749254701,1.19980000,1190.90000000,1.2058
1749254701,1.19970000,219.80000000,1.2058
1749254701,1.19960000,816.10000000,1.2058
1749254701,1.19930000,1273.70000000,1.2058
1749254701,1.19910000,82.80000000,1.2058
1749254701,1.19900000,1991.10000000,1.2058
1749254701,1.19880000,1195.50000000,1.2058
1749254701,1.19870000,156.90000000,1.2058
1749254701,1.19860000,77.80000000,1.2058
1749254701,1.19850000,2772.60000000,1.2058
1749254701,1.19840000,89.10000000,1.2058
1749254701,1.19830000,1190.90000000,1.2058
1749254701,1.19810000,301.10000000,1.2058
1749254701,1.19800000,5990.70000000,1.2058
1749254701,1.19790000,922.80000000,1.2058
1749254701,1.19780000,1197.10000000,1.2058
1749254701,1.19760000,2758.80000000,1.2058
1749254701,1.19750000,1190.90000000,1.2058
1749254701,1.19730000,1190.90000000,1.2058
1749254701,1.19720000,6.30000000,1.2058
1749254701,1.19700000,7065.00000000,1.2058
1749254701,1.19690000,139.90000000,1.2058
1749254701,1.19680000,26409.40000000,1.2058
1749254701,1.19670000,2633.40000000,1.2058
1749255032,1.20300000,90.60000000,1.2033
1749255032,1.20290000,14.60000000,1.2033
1749255032,1.20280000,54.30000000,1.2033
1749255032,1.20270000,25.30000000,1.2033
1749255032,1.20260000,303.60000000,1.2033
1749255032,1.20250000,203.50000000,1.2033
1749255032,1.20240000,522.40000000,1.2033
1749255032,1.20230000,2280.40000000,1.2033
1749255032,1.20220000,3418.20000000,1.2033
1749255032,1.20210000,480.60000000,1.2033
1749255032,1.20200000,1808.80000000,1.2033
1749255032,1.20190000,8224.20000000,1.2033
1749255032,1.20180000,3053.90000000,1.2033
1749255032,1.20170000,5005.20000000,1.2033
1749255032,1.20160000,5280.70000000,1.2033
1749255032,1.20150000,3216.90000000,1.2033
1749255032,1.20140000,3562.50000000,1.2033
1749255032,1.20130000,1439.10000000,1.2033
1749255032,1.20120000,4068.80000000,1.2033
1749255032,1.20110000,561.10000000,1.2033
1749255032,1.20100000,2197.90000000,1.2033
1749255032,1.20090000,2265.10000000,1.2033
1749255032,1.20080000,672.20000000,1.2033
1749255032,1.20070000,934.50000000,1.2033
1749255032,1.20060000,106.90000000,1.2033
1749255032,1.20050000,214.40000000,1.2033
1749255032,1.20040000,2747.80000000,1.2033
1749255032,1.20030000,8.30000000,1.2033
1749255032,1.20020000,14.60000000,1.2033
1749255032,1.20010000,6582.60000000,1.2033
1749255032,1.20000000,12.90000000,1.2033
1749255032,1.19990000,8.30000000,1.2033
1749255032,1.19980000,1199.20000000,1.2033
1749255032,1.19970000,91.00000000,1.2033
1749255032,1.19960000,13020.10000000,1.2033
1749255032,1.19950000,91.00000000,1.2033
1749255032,1.19940000,8.30000000,1.2033
1749255032,1.19930000,2592.40000000,1.2033
1749255032,1.19920000,18099.30000000,1.2033
1749255032,1.19910000,91.00000000,1.2033
1749255032,1.19900000,1215.50000000,1.2033
1749255032,1.19890000,2172.00000000,1.2033
1749255032,1.19880000,5983.90000000,1.2033
1749255032,1.19870000,1449.70000000,1.2033
1749255032,1.19860000,107.00000000,1.2033
1749255032,1.19850000,64.90000000,1.2033
1749255032,1.19840000,2610.40000000,1.2033
1749255032,1.19830000,26079.20000000,1.2033
1749255032,1.19820000,8.40000000,1.2033
1749255032,1.19810000,91.10000000,1.2033
1749255032,1.19800000,3193.30000000,1.2033
1749255032,1.19790000,91.30000000,1.2033
1749255032,1.19780000,1205.50000000,1.2033
1749255032,1.19770000,8.40000000,1.2033
1749255032,1.19760000,44167.20000000,1.2033
1749255032,1.19750000,1199.30000000,1.2033
1749255032,1.19740000,2294.10000000,1.2033
1749255032,1.19730000,1199.30000000,1.2033
1749255032,1.19720000,2878.50000000,1.2033
1749255032,1.19710000,8.40000000,1.2033
1749255032,1.19700000,819.00000000,1.2033
1749255032,1.19690000,91.30000000,1.2033
1749255032,1.19680000,31646.80000000,1.2033
1749255032,1.19670000,82.40000000,1.2033
1749255032,1.19660000,30.60000000,1.2033
1749255032,1.19650000,230.70000000,1.2033
1749255032,1.19640000,13.00000000,1.2033
1749255032,1.19630000,1204.30000000,1.2033
1749255032,1.19620000,17.60000000,1.2033
1749255032,1.19610000,91.40000000,1.2033
1749255032,1.19600000,2004.80000000,1.2033
1749255032,1.19590000,8.40000000,1.2033
1749255032,1.19580000,1199.30000000,1.2033
1749255032,1.19570000,91.40000000,1.2033
1749255032,1.19560000,326.00000000,1.2033
1749255032,1.19550000,1245.30000000,1.2033
1749255032,1.19540000,2729.40000000,1.2033
1749255032,1.19520000,4.70000000,1.2033
1749255032,1.19510000,139.00000000,1.2033
1749255032,1.19490000,793.90000000,1.2033
1749255032,1.19480000,6.30000000,1.2033
1749255032,1.19460000,15.90000000,1.2033
1749255032,1.19450000,26432.80000000,1.2033
1749255032,1.19420000,6.30000000,1.2033
1749255032,1.19410000,140.50000000,1.2033
1749255032,1.19400000,172.20000000,1.2033
1749255032,1.19390000,21.70000000,1.2033
1749255032,1.19380000,793.90000000,1.2033
1749255032,1.19360000,22.20000000,1.2033
1749255032,1.19350000,5.20000000,1.2033
1749255032,1.19330000,6170.40000000,1.2033
1749255032,1.19300000,1495.80000000,1.2033
1749255032,1.19290000,11496.70000000,1.2033
1749255032,1.19280000,15714.20000000,1.2033
1749255032,1.19260000,15.90000000,1.2033
1749255032,1.19250000,47.80000000,1.2033
1749255032,1.19240000,6.30000000,1.2033
1749255032,1.19230000,1229.40000000,1.2033
1749255032,1.19200000,66.10000000,1.2033
1749255032,1.19180000,5418.60000000,1.2033
