timestamp,price,volume,current_price
1749258431,0.30060000,1735.30000000,0.3006
1749258431,0.30050000,15889.30000000,0.3006
1749258431,0.30040000,17517.80000000,0.3006
1749258431,0.30030000,22328.00000000,0.3006
1749258431,0.30020000,19875.80000000,0.3006
1749258431,0.30010000,42304.40000000,0.3006
1749258431,0.30000000,19665.70000000,0.3006
1749258431,0.29990000,17845.80000000,0.3006
1749258431,0.29980000,19462.80000000,0.3006
1749258431,0.29970000,12378.70000000,0.3006
1749258431,0.29960000,2943.60000000,0.3006
1749258431,0.29950000,4600.30000000,0.3006
1749258431,0.29940000,26748.40000000,0.3006
1749258431,0.29930000,4170.80000000,0.3006
1749258431,0.29920000,996.10000000,0.3006
1749258431,0.29910000,14032.60000000,0.3006
1749258431,0.29900000,1016.20000000,0.3006
1749258431,0.29890000,4170.80000000,0.3006
1749258431,0.29880000,181497.20000000,0.3006
1749258431,0.29870000,6159.20000000,0.3006
1749258431,0.29860000,12858.60000000,0.3006
1749258431,0.29850000,33178.50000000,0.3006
1749258431,0.29840000,887.80000000,0.3006
1749258431,0.29830000,4145.90000000,0.3006
1749258431,0.29820000,7477.30000000,0.3006
1749258431,0.29810000,4145.90000000,0.3006
1749258431,0.29800000,947.80000000,0.3006
1749258431,0.29790000,10796.90000000,0.3006
1749258431,0.29780000,52125.80000000,0.3006
1749258431,0.29770000,14792.70000000,0.3006
1749258431,0.29760000,7502.00000000,0.3006
1749258431,0.29750000,4205.90000000,0.3006
1749258431,0.29740000,1329.00000000,0.3006
1749258431,0.29730000,19678.30000000,0.3006
1749258431,0.29720000,14386.50000000,0.3006
1749258431,0.29710000,9184.70000000,0.3006
1749258431,0.29700000,7583.20000000,0.3006
1749258431,0.29690000,4206.10000000,0.3006
1749258431,0.29680000,112.70000000,0.3006
1749258431,0.29670000,9925.00000000,0.3006
1749258431,0.29660000,93.80000000,0.3006
1749258431,0.29650000,3370.90000000,0.3006
1749258431,0.29640000,6666.50000000,0.3006
1749258431,0.29630000,3392.40000000,0.3006
1749258431,0.29620000,302.70000000,0.3006
1749258431,0.29610000,17941.80000000,0.3006
1749258431,0.29600000,33958.50000000,0.3006
1749258431,0.29590000,289.70000000,0.3006
1749258431,0.29580000,8440.50000000,0.3006
1749258431,0.29570000,366.60000000,0.3006
1749258431,0.29560000,6667.90000000,0.3006
1749258431,0.29550000,3370.40000000,0.3006
1749258431,0.29540000,93.30000000,0.3006
1749258431,0.29530000,360.40000000,0.3006
1749258431,0.29520000,3387.90000000,0.3006
1749258431,0.29510000,6647.50000000,0.3006
1749258431,0.29500000,304.10000000,0.3006
1749258431,0.29490000,3370.40000000,0.3006
1749258431,0.29480000,93.30000000,0.3006
1749258431,0.29470000,93.30000000,0.3006
1749258431,0.29460000,11715.70000000,0.3006
1749258431,0.29450000,93.30000000,0.3006
1749258431,0.29440000,93.30000000,0.3006
1749258431,0.29430000,3370.40000000,0.3006
1749258431,0.29420000,93.30000000,0.3006
1749258431,0.29410000,6647.50000000,0.3006
1749258431,0.29400000,3623.40000000,0.3006
1749258431,0.29390000,133.30000000,0.3006
1749258431,0.29380000,93.30000000,0.3006
1749258431,0.29370000,3370.40000000,0.3006
1749258431,0.29360000,6647.50000000,0.3006
1749258431,0.29350000,93.30000000,0.3006
1749258431,0.29340000,3370.40000000,0.3006
1749258431,0.29330000,1040.50000000,0.3006
1749258431,0.29320000,93.30000000,0.3006
1749258431,0.29310000,115.30000000,0.3006
1749258431,0.29300000,253.80000000,0.3006
1749258431,0.29290000,297.10000000,0.3006
1749258431,0.29280000,60.00000000,0.3006
1749258431,0.29270000,60.00000000,0.3006
1749258431,0.29260000,60.00000000,0.3006
1749258431,0.29250000,60.00000000,0.3006
1749258431,0.29240000,60.00000000,0.3006
1749258431,0.29230000,162.50000000,0.3006
1749258431,0.29220000,60.00000000,0.3006
1749258431,0.29210000,60.00000000,0.3006
1749258431,0.29200000,160.00000000,0.3006
1749258431,0.29190000,627.40000000,0.3006
1749258431,0.29180000,242.00000000,0.3006
1749258431,0.29150000,2763.80000000,0.3006
1749258431,0.29110000,39.50000000,0.3006
1749258431,0.29100000,449.00000000,0.3006
1749258431,0.29060000,132.50000000,0.3006
1749258431,0.29050000,4716.30000000,0.3006
1749258431,0.29030000,20.40000000,0.3006
1749258431,0.29010000,161.30000000,0.3006
1749258431,0.29000000,2497.90000000,0.3006
1749258431,0.28970000,2781.00000000,0.3006
1749258431,0.28920000,27.90000000,0.3006
1749258431,0.28900000,63.40000000,0.3006
1749258772,0.30110000,1768.40000000,0.3011
1749258772,0.30100000,7414.50000000,0.3011
1749258772,0.30090000,10259.20000000,0.3011
1749258772,0.30080000,22665.30000000,0.3011
1749258772,0.30070000,27174.30000000,0.3011
1749258772,0.30060000,22188.50000000,0.3011
1749258772,0.30050000,29946.90000000,0.3011
1749258772,0.30040000,19637.30000000,0.3011
1749258772,0.30030000,35825.30000000,0.3011
1749258772,0.30020000,6688.60000000,0.3011
1749258772,0.30010000,6685.10000000,0.3011
1749258772,0.30000000,9933.00000000,0.3011
1749258772,0.29990000,4139.50000000,0.3011
1749258772,0.29980000,14425.10000000,0.3011
1749258772,0.29970000,12378.70000000,0.3011
1749258772,0.29960000,2680.10000000,0.3011
1749258772,0.29950000,4664.50000000,0.3011
1749258772,0.29940000,22100.20000000,0.3011
1749258772,0.29930000,4170.80000000,0.3011
1749258772,0.29920000,912.70000000,0.3011
1749258772,0.29910000,14408.50000000,0.3011
1749258772,0.29900000,990.80000000,0.3011
1749258772,0.29890000,4824.90000000,0.3011
1749258772,0.29880000,181414.10000000,0.3011
1749258772,0.29870000,4145.70000000,0.3011
1749258772,0.29860000,868.70000000,0.3011
1749258772,0.29850000,33261.70000000,0.3011
1749258772,0.29840000,887.80000000,0.3011
1749258772,0.29830000,4205.90000000,0.3011
1749258772,0.29820000,56990.90000000,0.3011
1749258772,0.29810000,4205.90000000,0.3011
1749258772,0.29800000,1131.00000000,0.3011
1749258772,0.29790000,10796.90000000,0.3011
1749258772,0.29780000,2613.20000000,0.3011
1749258772,0.29770000,14792.70000000,0.3011
1749258772,0.29760000,7502.00000000,0.3011
1749258772,0.29750000,4289.10000000,0.3011
1749258772,0.29740000,1329.00000000,0.3011
1749258772,0.29730000,32679.50000000,0.3011
1749258772,0.29720000,1381.00000000,0.3011
1749258772,0.29710000,9184.70000000,0.3011
1749258772,0.29700000,6831.10000000,0.3011
1749258772,0.29690000,3370.80000000,0.3011
1749258772,0.29680000,112.70000000,0.3011
1749258772,0.29670000,9925.00000000,0.3011
1749258772,0.29660000,93.80000000,0.3011
1749258772,0.29650000,3454.10000000,0.3011
1749258772,0.29640000,6666.50000000,0.3011
1749258772,0.29630000,8453.90000000,0.3011
1749258772,0.29620000,302.70000000,0.3011
1749258772,0.29610000,17941.80000000,0.3011
1749258772,0.29600000,34022.70000000,0.3011
1749258772,0.29590000,289.70000000,0.3011
1749258772,0.29580000,3370.40000000,0.3011
1749258772,0.29570000,366.60000000,0.3011
1749258772,0.29560000,6667.90000000,0.3011
1749258772,0.29550000,3370.40000000,0.3011
1749258772,0.29540000,93.30000000,0.3011
1749258772,0.29530000,360.40000000,0.3011
1749258772,0.29520000,3387.90000000,0.3011
1749258772,0.29510000,6647.50000000,0.3011
1749258772,0.29500000,304.10000000,0.3011
1749258772,0.29490000,3370.40000000,0.3011
1749258772,0.29480000,93.30000000,0.3011
1749258772,0.29470000,93.30000000,0.3011
1749258772,0.29460000,11715.70000000,0.3011
1749258772,0.29450000,93.30000000,0.3011
1749258772,0.29440000,93.30000000,0.3011
1749258772,0.29430000,3370.40000000,0.3011
1749258772,0.29420000,93.30000000,0.3011
1749258772,0.29410000,6647.50000000,0.3011
1749258772,0.29400000,3623.40000000,0.3011
1749258772,0.29390000,133.30000000,0.3011
1749258772,0.29380000,93.30000000,0.3011
1749258772,0.29370000,3370.40000000,0.3011
1749258772,0.29360000,93.30000000,0.3011
1749258772,0.29350000,60.00000000,0.3011
1749258772,0.29340000,3337.10000000,0.3011
1749258772,0.29330000,1007.20000000,0.3011
1749258772,0.29320000,60.00000000,0.3011
1749258772,0.29310000,82.00000000,0.3011
1749258772,0.29300000,253.80000000,0.3011
1749258772,0.29290000,297.10000000,0.3011
1749258772,0.29280000,60.00000000,0.3011
1749258772,0.29270000,60.00000000,0.3011
1749258772,0.29260000,60.00000000,0.3011
1749258772,0.29250000,60.00000000,0.3011
1749258772,0.29240000,162.50000000,0.3011
1749258772,0.29230000,60.00000000,0.3011
1749258772,0.29220000,60.00000000,0.3011
1749258772,0.29210000,60.00000000,0.3011
1749258772,0.29200000,160.00000000,0.3011
1749258772,0.29190000,627.40000000,0.3011
1749258772,0.29180000,242.00000000,0.3011
1749258772,0.29150000,2763.80000000,0.3011
1749258772,0.29110000,39.50000000,0.3011
1749258772,0.29100000,449.00000000,0.3011
1749258772,0.29060000,132.50000000,0.3011
1749258772,0.29050000,4716.30000000,0.3011
1749258772,0.29030000,20.40000000,0.3011
1749259074,0.30010000,2991.10000000,0.3002
1749259074,0.30000000,5103.00000000,0.3002
1749259074,0.29990000,10946.00000000,0.3002
1749259074,0.29980000,23239.90000000,0.3002
1749259074,0.29970000,25668.30000000,0.3002
1749259074,0.29960000,26070.90000000,0.3002
1749259074,0.29950000,54594.30000000,0.3002
1749259074,0.29940000,170472.40000000,0.3002
1749259074,0.29930000,4189.70000000,0.3002
1749259074,0.29920000,912.60000000,0.3002
1749259074,0.29910000,10724.90000000,0.3002
1749259074,0.29900000,1015.80000000,0.3002
1749259074,0.29890000,16928.70000000,0.3002
1749259074,0.29880000,10140.90000000,0.3002
1749259074,0.29870000,4205.70000000,0.3002
1749259074,0.29860000,41295.30000000,0.3002
1749259074,0.29850000,10843.20000000,0.3002
1749259074,0.29840000,947.80000000,0.3002
1749259074,0.29830000,7042.90000000,0.3002
1749259074,0.29820000,7556.30000000,0.3002
1749259074,0.29810000,4205.90000000,0.3002
1749259074,0.29800000,1131.00000000,0.3002
1749259074,0.29790000,19697.00000000,0.3002
1749259074,0.29780000,2613.20000000,0.3002
1749259074,0.29770000,14792.70000000,0.3002
1749259074,0.29760000,7502.00000000,0.3002
1749259074,0.29750000,38265.20000000,0.3002
1749259074,0.29740000,903.70000000,0.3002
1749259074,0.29730000,26714.00000000,0.3002
1749259074,0.29720000,1377.60000000,0.3002
1749259074,0.29710000,4180.80000000,0.3002
1749259074,0.29700000,7641.10000000,0.3002
1749259074,0.29690000,4180.80000000,0.3002
1749259074,0.29680000,8921.00000000,0.3002
1749259074,0.29670000,10735.00000000,0.3002
1749259074,0.29660000,93.80000000,0.3002
1749259074,0.29650000,4264.10000000,0.3002
1749259074,0.29640000,7476.50000000,0.3002
1749259074,0.29630000,3392.40000000,0.3002
1749259074,0.29620000,13857.70000000,0.3002
1749259074,0.29610000,9924.60000000,0.3002
1749259074,0.29600000,275.90000000,0.3002
1749259074,0.29590000,289.70000000,0.3002
1749259074,0.29580000,3370.40000000,0.3002
1749259074,0.29570000,5438.40000000,0.3002
1749259074,0.29560000,6667.90000000,0.3002
1749259074,0.29550000,3453.60000000,0.3002
1749259074,0.29540000,33919.50000000,0.3002
1749259074,0.29530000,360.40000000,0.3002
1749259074,0.29520000,3387.90000000,0.3002
1749259074,0.29510000,6647.50000000,0.3002
1749259074,0.29500000,304.10000000,0.3002
1749259074,0.29490000,3370.40000000,0.3002
1749259074,0.29480000,93.30000000,0.3002
1749259074,0.29470000,93.30000000,0.3002
1749259074,0.29460000,5161.50000000,0.3002
1749259074,0.29450000,93.30000000,0.3002
1749259074,0.29440000,93.30000000,0.3002
1749259074,0.29430000,3370.40000000,0.3002
1749259074,0.29420000,93.30000000,0.3002
1749259074,0.29410000,93.30000000,0.3002
1749259074,0.29400000,9851.30000000,0.3002
1749259074,0.29390000,133.20000000,0.3002
1749259074,0.29380000,93.20000000,0.3002
1749259074,0.29370000,3370.30000000,0.3002
1749259074,0.29360000,93.20000000,0.3002
1749259074,0.29350000,93.30000000,0.3002
1749259074,0.29340000,3370.40000000,0.3002
1749259074,0.29330000,1040.50000000,0.3002
1749259074,0.29320000,93.30000000,0.3002
1749259074,0.29310000,115.30000000,0.3002
1749259074,0.29300000,287.10000000,0.3002
1749259074,0.29290000,330.40000000,0.3002
1749259074,0.29280000,93.30000000,0.3002
1749259074,0.29270000,195.70000000,0.3002
1749259074,0.29260000,93.40000000,0.3002
1749259074,0.29250000,60.00000000,0.3002
1749259074,0.29240000,80.50000000,0.3002
1749259074,0.29230000,60.00000000,0.3002
1749259074,0.29220000,60.00000000,0.3002
1749259074,0.29210000,60.00000000,0.3002
1749259074,0.29200000,160.00000000,0.3002
1749259074,0.29190000,627.40000000,0.3002
1749259074,0.29180000,242.00000000,0.3002
1749259074,0.29150000,2763.80000000,0.3002
1749259074,0.29110000,39.50000000,0.3002
1749259074,0.29100000,449.00000000,0.3002
1749259074,0.29060000,132.50000000,0.3002
1749259074,0.29050000,4716.30000000,0.3002
1749259074,0.29030000,20.40000000,0.3002
1749259074,0.29010000,108.00000000,0.3002
1749259074,0.29000000,2497.90000000,0.3002
1749259074,0.28970000,2781.00000000,0.3002
1749259074,0.28920000,27.90000000,0.3002
1749259074,0.28900000,63.40000000,0.3002
1749259074,0.28870000,17.60000000,0.3002
1749259074,0.28840000,1733.70000000,0.3002
1749259074,0.28800000,615.70000000,0.3002
1749259074,0.28770000,20.40000000,0.3002
1749259074,0.28750000,3767.50000000,0.3002
