timestamp,price,volume,current_price
1749254666,0.29770000,5070.50000000,0.2978
1749254666,0.29760000,18009.10000000,0.2978
1749254666,0.29750000,23487.40000000,0.2978
1749254666,0.29740000,33837.70000000,0.2978
1749254666,0.29730000,19094.40000000,0.2978
1749254666,0.29720000,18612.30000000,0.2978
1749254666,0.29710000,10959.00000000,0.2978
1749254666,0.29700000,15157.00000000,0.2978
1749254666,0.29690000,25798.00000000,0.2978
1749254666,0.29680000,19604.20000000,0.2978
1749254666,0.29670000,6410.50000000,0.2978
1749254666,0.29660000,7919.80000000,0.2978
1749254666,0.29650000,1820.70000000,0.2978
1749254666,0.29640000,15901.10000000,0.2978
1749254666,0.29630000,13951.70000000,0.2978
1749254666,0.29620000,15933.50000000,0.2978
1749254666,0.29610000,10759.80000000,0.2978
1749254666,0.29600000,1131.30000000,0.2978
1749254666,0.29590000,224049.80000000,0.2978
1749254666,0.29580000,4308.40000000,0.2978
1749254666,0.29570000,1908.60000000,0.2978
1749254666,0.29560000,7605.90000000,0.2978
1749254666,0.29550000,4205.60000000,0.2978
1749254666,0.29540000,928.50000000,0.2978
1749254666,0.29530000,928.60000000,0.2978
1749254666,0.29520000,9251.60000000,0.2978
1749254666,0.29510000,7457.50000000,0.2978
1749254666,0.29500000,8147.10000000,0.2978
1749254666,0.29490000,4180.40000000,0.2978
1749254666,0.29480000,50946.00000000,0.2978
1749254666,0.29470000,9899.80000000,0.2978
1749254666,0.29460000,12925.70000000,0.2978
1749254666,0.29450000,2869.20000000,0.2978
1749254666,0.29440000,922.30000000,0.2978
1749254666,0.29430000,15325.70000000,0.2978
1749254666,0.29420000,93.30000000,0.2978
1749254666,0.29410000,7457.50000000,0.2978
1749254666,0.29400000,4452.40000000,0.2978
1749254666,0.29390000,133.30000000,0.2978
1749254666,0.29380000,22139.40000000,0.2978
1749254666,0.29370000,93.30000000,0.2978
1749254666,0.29360000,6666.50000000,0.2978
1749254666,0.29350000,93.30000000,0.2978
1749254666,0.29340000,93.30000000,0.2978
1749254666,0.29330000,1040.50000000,0.2978
1749254666,0.29320000,3469.80000000,0.2978
1749254666,0.29310000,6669.50000000,0.2978
1749254666,0.29300000,556.00000000,0.2978
1749254666,0.29290000,39556.80000000,0.2978
1749254666,0.29280000,603.20000000,0.2978
1749254666,0.29270000,93.40000000,0.2978
1749254666,0.29260000,6647.60000000,0.2978
1749254666,0.29250000,93.40000000,0.2978
1749254666,0.29240000,93.40000000,0.2978
1749254666,0.29230000,93.40000000,0.2978
1749254666,0.29220000,93.40000000,0.2978
1749254666,0.29210000,6647.60000000,0.2978
1749254666,0.29200000,193.40000000,0.2978
1749254666,0.29190000,660.80000000,0.2978
1749254666,0.29180000,275.40000000,0.2978
1749254666,0.29170000,33.50000000,0.2978
1749254666,0.29160000,33.50000000,0.2978
1749254666,0.29150000,2797.30000000,0.2978
1749254666,0.29140000,33.50000000,0.2978
1749254666,0.29130000,33.50000000,0.2978
1749254666,0.29120000,33.50000000,0.2978
1749254666,0.29110000,73.00000000,0.2978
1749254666,0.29100000,304.70000000,0.2978
1749254666,0.29090000,33.50000000,0.2978
1749254666,0.29080000,33.60000000,0.2978
1749254666,0.29070000,6002.80000000,0.2978
1749254666,0.29060000,166.10000000,0.2978
1749254666,0.29050000,4749.90000000,0.2978
1749254666,0.29040000,33.60000000,0.2978
1749254666,0.29030000,105.60000000,0.2978
1749254666,0.29020000,33.60000000,0.2978
1749254666,0.29010000,108.00000000,0.2978
1749254666,0.29000000,2497.90000000,0.2978
1749254666,0.28970000,2781.00000000,0.2978
1749254666,0.28950000,103.50000000,0.2978
1749254666,0.28920000,27.90000000,0.2978
1749254666,0.28900000,42.70000000,0.2978
1749254666,0.28870000,17.60000000,0.2978
1749254666,0.28840000,1733.70000000,0.2978
1749254666,0.28800000,615.70000000,0.2978
1749254666,0.28770000,20.40000000,0.2978
1749254666,0.28750000,3767.50000000,0.2978
1749254666,0.28740000,2844.20000000,0.2978
1749254666,0.28710000,1008.20000000,0.2978
1749254666,0.28700000,3000.00000000,0.2978
1749254666,0.28640000,1404.80000000,0.2978
1749254666,0.28610000,150.60000000,0.2978
1749254666,0.28600000,136.00000000,0.2978
1749254666,0.28590000,55.90000000,0.2978
1749254666,0.28550000,236.40000000,0.2978
1749254666,0.28500000,2675.10000000,0.2978
1749254666,0.28490000,22.00000000,0.2978
1749254666,0.28480000,21.00000000,0.2978
1749254666,0.28440000,1758.00000000,0.2978
1749254666,0.28400000,2552.00000000,0.2978
1749254990,0.29760000,2972.60000000,0.2976
1749254990,0.29750000,10042.80000000,0.2976
1749254990,0.29740000,12006.40000000,0.2976
1749254990,0.29730000,17351.40000000,0.2976
1749254990,0.29720000,23768.70000000,0.2976
1749254990,0.29710000,20497.60000000,0.2976
1749254990,0.29700000,43233.60000000,0.2976
1749254990,0.29690000,20891.10000000,0.2976
1749254990,0.29680000,1556.00000000,0.2976
1749254990,0.29670000,4546.10000000,0.2976
1749254990,0.29660000,9245.60000000,0.2976
1749254990,0.29650000,1268.00000000,0.2976
1749254990,0.29640000,19925.80000000,0.2976
1749254990,0.29630000,11962.00000000,0.2976
1749254990,0.29620000,1240.80000000,0.2976
1749254990,0.29610000,12906.40000000,0.2976
1749254990,0.29600000,1131.40000000,0.2976
1749254990,0.29590000,221901.80000000,0.2976
1749254990,0.29580000,16981.40000000,0.2976
1749254990,0.29570000,2090.30000000,0.2976
1749254990,0.29560000,7606.00000000,0.2976
1749254990,0.29550000,15808.20000000,0.2976
1749254990,0.29540000,947.50000000,0.2976
1749254990,0.29530000,928.60000000,0.2976
1749254990,0.29520000,9251.60000000,0.2976
1749254990,0.29510000,7457.50000000,0.2976
1749254990,0.29500000,8147.10000000,0.2976
1749254990,0.29490000,4180.40000000,0.2976
1749254990,0.29480000,50939.00000000,0.2976
1749254990,0.29470000,9950.80000000,0.2976
1749254990,0.29460000,14891.00000000,0.2976
1749254990,0.29450000,903.30000000,0.2976
1749254990,0.29440000,922.30000000,0.2976
1749254990,0.29430000,4617.50000000,0.2976
1749254990,0.29420000,93.30000000,0.2976
1749254990,0.29410000,7457.50000000,0.2976
1749254990,0.29400000,4452.40000000,0.2976
1749254990,0.29390000,133.30000000,0.2976
1749254990,0.29380000,22139.40000000,0.2976
1749254990,0.29370000,903.30000000,0.2976
1749254990,0.29360000,6666.50000000,0.2976
1749254990,0.29350000,93.30000000,0.2976
1749254990,0.29340000,93.30000000,0.2976
1749254990,0.29330000,1040.50000000,0.2976
1749254990,0.29320000,3469.80000000,0.2976
1749254990,0.29310000,7179.00000000,0.2976
1749254990,0.29300000,556.00000000,0.2976
1749254990,0.29290000,39556.80000000,0.2976
1749254990,0.29280000,93.30000000,0.2976
1749254990,0.29270000,93.40000000,0.2976
1749254990,0.29260000,6647.60000000,0.2976
1749254990,0.29250000,93.40000000,0.2976
1749254990,0.29240000,93.40000000,0.2976
1749254990,0.29230000,93.40000000,0.2976
1749254990,0.29220000,93.40000000,0.2976
1749254990,0.29210000,6647.60000000,0.2976
1749254990,0.29200000,193.40000000,0.2976
1749254990,0.29190000,660.80000000,0.2976
1749254990,0.29180000,275.40000000,0.2976
1749254990,0.29170000,33.50000000,0.2976
1749254990,0.29160000,33.50000000,0.2976
1749254990,0.29150000,2797.30000000,0.2976
1749254990,0.29140000,33.50000000,0.2976
1749254990,0.29130000,33.50000000,0.2976
1749254990,0.29120000,33.50000000,0.2976
1749254990,0.29110000,73.00000000,0.2976
1749254990,0.29100000,304.70000000,0.2976
1749254990,0.29090000,33.50000000,0.2976
1749254990,0.29080000,33.60000000,0.2976
1749254990,0.29070000,6002.80000000,0.2976
1749254990,0.29060000,166.10000000,0.2976
1749254990,0.29050000,4749.90000000,0.2976
1749254990,0.29040000,33.60000000,0.2976
1749254990,0.29030000,105.60000000,0.2976
1749254990,0.29020000,33.60000000,0.2976
1749254990,0.29010000,141.60000000,0.2976
1749254990,0.29000000,2497.90000000,0.2976
1749254990,0.28970000,2781.00000000,0.2976
1749254990,0.28950000,103.50000000,0.2976
1749254990,0.28920000,27.90000000,0.2976
1749254990,0.28900000,42.70000000,0.2976
1749254990,0.28870000,17.60000000,0.2976
1749254990,0.28840000,1733.70000000,0.2976
1749254990,0.28800000,615.70000000,0.2976
1749254990,0.28770000,20.40000000,0.2976
1749254990,0.28750000,3767.50000000,0.2976
1749254990,0.28740000,2844.20000000,0.2976
1749254990,0.28710000,1008.20000000,0.2976
1749254990,0.28700000,3000.00000000,0.2976
1749254990,0.28640000,1404.80000000,0.2976
1749254990,0.28610000,150.60000000,0.2976
1749254990,0.28600000,136.00000000,0.2976
1749254990,0.28590000,55.90000000,0.2976
1749254990,0.28550000,236.40000000,0.2976
1749254990,0.28500000,2675.10000000,0.2976
1749254990,0.28490000,22.00000000,0.2976
1749254990,0.28480000,21.00000000,0.2976
1749254990,0.28440000,1758.00000000,0.2976
1749254990,0.28400000,2552.00000000,0.2976
1749254990,0.28360000,100.00000000,0.2976
