timestamp,price,volume,current_price
1749260818,0.29970000,6653.30000000,0.2997
1749260818,0.29960000,9770.30000000,0.2997
1749260818,0.29950000,10231.00000000,0.2997
1749260818,0.29940000,12986.20000000,0.2997
1749260818,0.29930000,19288.40000000,0.2997
1749260818,0.29920000,17477.70000000,0.2997
1749260818,0.29910000,35617.90000000,0.2997
1749260818,0.29900000,20650.80000000,0.2997
1749260818,0.29890000,9873.60000000,0.2997
1749260818,0.29880000,10804.00000000,0.2997
1749260818,0.29870000,4351.80000000,0.2997
1749260818,0.29860000,2748.30000000,0.2997
1749260818,0.29850000,26017.20000000,0.2997
1749260818,0.29840000,972.90000000,0.2997
1749260818,0.29830000,4231.00000000,0.2997
1749260818,0.29820000,9593.90000000,0.2997
1749260818,0.29810000,167792.00000000,0.2997
1749260818,0.29800000,3205.80000000,0.2997
1749260818,0.29790000,10822.00000000,0.2997
1749260818,0.29780000,14415.20000000,0.2997
1749260818,0.29770000,4205.90000000,0.2997
1749260818,0.29760000,18526.60000000,0.2997
1749260818,0.29750000,15736.80000000,0.2997
1749260818,0.29740000,928.80000000,0.2997
1749260818,0.29730000,10760.10000000,0.2997
1749260818,0.29720000,969.80000000,0.2997
1749260818,0.29710000,4205.90000000,0.2997
1749260818,0.29700000,12563.30000000,0.2997
1749260818,0.29690000,46791.30000000,0.2997
1749260818,0.29680000,16933.70000000,0.2997
1749260818,0.29670000,10735.00000000,0.2997
1749260818,0.29660000,93.80000000,0.2997
1749260818,0.29650000,5014.80000000,0.2997
1749260818,0.29640000,7476.50000000,0.2997
1749260818,0.29630000,14841.50000000,0.2997
1749260818,0.29620000,1112.70000000,0.2997
1749260818,0.29610000,10734.60000000,0.2997
1749260818,0.29600000,212.30000000,0.2997
1749260818,0.29590000,1099.70000000,0.2997
1749260818,0.29580000,16437.50000000,0.2997
1749260818,0.29570000,366.60000000,0.2997
1749260818,0.29560000,14717.70000000,0.2997
1749260818,0.29550000,3370.40000000,0.2997
1749260818,0.29540000,93.30000000,0.2997
1749260818,0.29530000,360.40000000,0.2997
1749260818,0.29520000,3406.90000000,0.2997
1749260818,0.29510000,11729.60000000,0.2997
1749260818,0.29500000,304.10000000,0.2997
1749260818,0.29490000,3370.40000000,0.2997
1749260818,0.29480000,93.30000000,0.2997
1749260818,0.29470000,93.30000000,0.2997
1749260818,0.29460000,5161.50000000,0.2997
1749260818,0.29450000,34011.30000000,0.2997
1749260818,0.29440000,93.30000000,0.2997
1749260818,0.29430000,3370.40000000,0.2997
1749260818,0.29420000,93.30000000,0.2997
1749260818,0.29410000,93.30000000,0.2997
1749260818,0.29400000,9851.30000000,0.2997
1749260818,0.29390000,133.20000000,0.2997
1749260818,0.29380000,93.20000000,0.2997
1749260818,0.29370000,3370.30000000,0.2997
1749260818,0.29360000,93.20000000,0.2997
1749260818,0.29350000,93.30000000,0.2997
1749260818,0.29340000,3370.40000000,0.2997
1749260818,0.29330000,1040.50000000,0.2997
1749260818,0.29320000,93.30000000,0.2997
1749260818,0.29310000,115.30000000,0.2997
1749260818,0.29300000,287.10000000,0.2997
1749260818,0.29290000,330.40000000,0.2997
1749260818,0.29280000,93.30000000,0.2997
1749260818,0.29270000,93.30000000,0.2997
1749260818,0.29260000,93.40000000,0.2997
1749260818,0.29250000,93.40000000,0.2997
1749260818,0.29240000,113.90000000,0.2997
1749260818,0.29230000,93.40000000,0.2997
1749260818,0.29220000,93.40000000,0.2997
1749260818,0.29210000,60.00000000,0.2997
1749260818,0.29200000,160.00000000,0.2997
1749260818,0.29190000,627.40000000,0.2997
1749260818,0.29180000,344.70000000,0.2997
1749260818,0.29150000,2763.80000000,0.2997
1749260818,0.29110000,39.50000000,0.2997
1749260818,0.29100000,449.00000000,0.2997
1749260818,0.29060000,132.50000000,0.2997
1749260818,0.29050000,4716.30000000,0.2997
1749260818,0.29030000,20.40000000,0.2997
1749260818,0.29010000,108.00000000,0.2997
1749260818,0.29000000,8545.10000000,0.2997
1749260818,0.28970000,2781.00000000,0.2997
1749260818,0.28920000,27.90000000,0.2997
1749260818,0.28900000,63.40000000,0.2997
1749260818,0.28870000,17.60000000,0.2997
1749260818,0.28840000,1733.70000000,0.2997
1749260818,0.28800000,615.70000000,0.2997
1749260818,0.28770000,20.40000000,0.2997
1749260818,0.28750000,3767.50000000,0.2997
1749260818,0.28740000,2844.20000000,0.2997
1749260818,0.28710000,1008.20000000,0.2997
1749260818,0.28700000,3000.00000000,0.2997
1749260818,0.28640000,1404.80000000,0.2997
1749261139,0.29990000,200.10000000,0.2999
1749261139,0.29980000,13682.20000000,0.2999
1749261139,0.29970000,34495.60000000,0.2999
1749261139,0.29960000,29354.10000000,0.2999
1749261139,0.29950000,37459.00000000,0.2999
1749261139,0.29940000,31398.80000000,0.2999
1749261139,0.29930000,40969.60000000,0.2999
1749261139,0.29920000,15045.60000000,0.2999
1749261139,0.29910000,29106.10000000,0.2999
1749261139,0.29900000,5666.80000000,0.2999
1749261139,0.29890000,4301.60000000,0.2999
1749261139,0.29880000,10804.00000000,0.2999
1749261139,0.29870000,2588.50000000,0.2999
1749261139,0.29860000,25507.00000000,0.2999
1749261139,0.29850000,12914.40000000,0.2999
1749261139,0.29840000,972.90000000,0.2999
1749261139,0.29830000,4231.00000000,0.2999
1749261139,0.29820000,9571.40000000,0.2999
1749261139,0.29810000,168580.50000000,0.2999
1749261139,0.29800000,1047.80000000,0.2999
1749261139,0.29790000,10796.90000000,0.2999
1749261139,0.29780000,2613.20000000,0.2999
1749261139,0.29770000,4205.90000000,0.2999
1749261139,0.29760000,7502.00000000,0.2999
1749261139,0.29750000,13117.90000000,0.2999
1749261139,0.29740000,928.80000000,0.2999
1749261139,0.29730000,44370.10000000,0.2999
1749261139,0.29720000,969.80000000,0.2999
1749261139,0.29710000,20203.90000000,0.2999
1749261139,0.29700000,20556.20000000,0.2999
1749261139,0.29690000,4205.90000000,0.2999
1749261139,0.29680000,922.70000000,0.2999
1749261139,0.29670000,10735.00000000,0.2999
1749261139,0.29660000,93.80000000,0.2999
1749261139,0.29650000,5014.80000000,0.2999
1749261139,0.29640000,7476.50000000,0.2999
1749261139,0.29630000,27886.60000000,0.2999
1749261139,0.29620000,1112.70000000,0.2999
1749261139,0.29610000,9924.60000000,0.2999
1749261139,0.29600000,212.30000000,0.2999
1749261139,0.29590000,289.70000000,0.2999
1749261139,0.29580000,3370.40000000,0.2999
1749261139,0.29570000,366.60000000,0.2999
1749261139,0.29560000,6686.90000000,0.2999
1749261139,0.29550000,3370.40000000,0.2999
1749261139,0.29540000,38996.40000000,0.2999
1749261139,0.29530000,360.40000000,0.2999
1749261139,0.29520000,3387.90000000,0.2999
1749261139,0.29510000,6647.50000000,0.2999
1749261139,0.29500000,473.50000000,0.2999
1749261139,0.29490000,3370.40000000,0.2999
1749261139,0.29480000,93.30000000,0.2999
1749261139,0.29470000,93.30000000,0.2999
1749261139,0.29460000,5161.50000000,0.2999
1749261139,0.29450000,93.30000000,0.2999
1749261139,0.29440000,93.30000000,0.2999
1749261139,0.29430000,3370.40000000,0.2999
1749261139,0.29420000,93.30000000,0.2999
1749261139,0.29410000,93.30000000,0.2999
1749261139,0.29400000,9851.30000000,0.2999
1749261139,0.29390000,133.20000000,0.2999
1749261139,0.29380000,93.20000000,0.2999
1749261139,0.29370000,3370.30000000,0.2999
1749261139,0.29360000,93.20000000,0.2999
1749261139,0.29350000,93.30000000,0.2999
1749261139,0.29340000,3370.40000000,0.2999
1749261139,0.29330000,1040.50000000,0.2999
1749261139,0.29320000,93.30000000,0.2999
1749261139,0.29310000,115.30000000,0.2999
1749261139,0.29300000,287.10000000,0.2999
1749261139,0.29290000,330.40000000,0.2999
1749261139,0.29280000,93.30000000,0.2999
1749261139,0.29270000,93.30000000,0.2999
1749261139,0.29260000,93.40000000,0.2999
1749261139,0.29250000,93.40000000,0.2999
1749261139,0.29240000,113.90000000,0.2999
1749261139,0.29230000,60.00000000,0.2999
1749261139,0.29220000,60.00000000,0.2999
1749261139,0.29210000,162.60000000,0.2999
1749261139,0.29200000,160.00000000,0.2999
1749261139,0.29190000,627.40000000,0.2999
1749261139,0.29180000,242.00000000,0.2999
1749261139,0.29150000,2763.80000000,0.2999
1749261139,0.29110000,39.50000000,0.2999
1749261139,0.29100000,449.00000000,0.2999
1749261139,0.29060000,132.50000000,0.2999
1749261139,0.29050000,4716.30000000,0.2999
1749261139,0.29030000,20.40000000,0.2999
1749261139,0.29010000,108.00000000,0.2999
1749261139,0.29000000,8372.70000000,0.2999
1749261139,0.28970000,2781.00000000,0.2999
1749261139,0.28920000,27.90000000,0.2999
1749261139,0.28900000,63.40000000,0.2999
1749261139,0.28870000,17.60000000,0.2999
1749261139,0.28840000,1733.70000000,0.2999
1749261139,0.28800000,615.70000000,0.2999
1749261139,0.28770000,20.40000000,0.2999
1749261139,0.28750000,3767.50000000,0.2999
1749261139,0.28740000,2844.20000000,0.2999
1749261139,0.28710000,1008.20000000,0.2999
1749261451,0.30020000,1803.40000000,0.3002
1749261451,0.30010000,5456.60000000,0.3002
1749261451,0.30000000,9225.70000000,0.3002
1749261451,0.29990000,9081.50000000,0.3002
1749261451,0.29980000,14983.40000000,0.3002
1749261451,0.29970000,19502.80000000,0.3002
1749261451,0.29960000,27113.20000000,0.3002
1749261451,0.29950000,22943.50000000,0.3002
1749261451,0.29940000,18610.10000000,0.3002
1749261451,0.29930000,6038.90000000,0.3002
1749261451,0.29920000,10357.80000000,0.3002
1749261451,0.29910000,7659.90000000,0.3002
1749261451,0.29900000,4189.80000000,0.3002
1749261451,0.29890000,5560.50000000,0.3002
1749261451,0.29880000,10804.00000000,0.3002
1749261451,0.29870000,19087.40000000,0.3002
1749261451,0.29860000,11877.60000000,0.3002
1749261451,0.29850000,10785.10000000,0.3002
1749261451,0.29840000,307069.20000000,0.3002
1749261451,0.29830000,4231.00000000,0.3002
1749261451,0.29820000,8474.60000000,0.3002
1749261451,0.29810000,4205.90000000,0.3002
1749261451,0.29800000,1047.80000000,0.3002
1749261451,0.29790000,10796.90000000,0.3002
1749261451,0.29780000,2613.20000000,0.3002
1749261451,0.29770000,4205.90000000,0.3002
1749261451,0.29760000,7502.00000000,0.3002
1749261451,0.29750000,13117.90000000,0.3002
1749261451,0.29740000,928.80000000,0.3002
1749261451,0.29730000,60346.10000000,0.3002
1749261451,0.29720000,969.80000000,0.3002
1749261451,0.29710000,4205.90000000,0.3002
1749261451,0.29700000,20734.00000000,0.3002
1749261451,0.29690000,4205.90000000,0.3002
1749261451,0.29680000,922.70000000,0.3002
1749261451,0.29670000,10735.00000000,0.3002
1749261451,0.29660000,13934.80000000,0.3002
1749261451,0.29650000,5014.80000000,0.3002
1749261451,0.29640000,7476.50000000,0.3002
1749261451,0.29630000,14841.50000000,0.3002
1749261451,0.29620000,302.70000000,0.3002
1749261451,0.29610000,9924.60000000,0.3002
1749261451,0.29600000,212.30000000,0.3002
1749261451,0.29590000,289.70000000,0.3002
1749261451,0.29580000,3370.40000000,0.3002
1749261451,0.29570000,366.60000000,0.3002
1749261451,0.29560000,6686.90000000,0.3002
1749261451,0.29550000,3370.40000000,0.3002
1749261451,0.29540000,38996.40000000,0.3002
1749261451,0.29530000,93.30000000,0.3002
1749261451,0.29520000,3387.90000000,0.3002
1749261451,0.29510000,6647.50000000,0.3002
1749261451,0.29500000,473.50000000,0.3002
1749261451,0.29490000,3370.40000000,0.3002
1749261451,0.29480000,93.30000000,0.3002
1749261451,0.29470000,93.30000000,0.3002
1749261451,0.29460000,5161.50000000,0.3002
1749261451,0.29450000,93.30000000,0.3002
1749261451,0.29440000,93.30000000,0.3002
1749261451,0.29430000,3370.40000000,0.3002
1749261451,0.29420000,93.30000000,0.3002
1749261451,0.29410000,93.30000000,0.3002
1749261451,0.29400000,9851.30000000,0.3002
1749261451,0.29390000,260.70000000,0.3002
1749261451,0.29380000,93.20000000,0.3002
1749261451,0.29370000,3370.30000000,0.3002
1749261451,0.29360000,93.20000000,0.3002
1749261451,0.29350000,93.30000000,0.3002
1749261451,0.29340000,3370.40000000,0.3002
1749261451,0.29330000,1040.50000000,0.3002
1749261451,0.29320000,93.30000000,0.3002
1749261451,0.29310000,115.30000000,0.3002
1749261451,0.29300000,287.10000000,0.3002
1749261451,0.29290000,330.40000000,0.3002
1749261451,0.29280000,93.30000000,0.3002
1749261451,0.29270000,93.30000000,0.3002
1749261451,0.29260000,60.00000000,0.3002
1749261451,0.29250000,60.00000000,0.3002
1749261451,0.29240000,80.50000000,0.3002
1749261451,0.29230000,60.00000000,0.3002
1749261451,0.29220000,162.50000000,0.3002
1749261451,0.29210000,60.00000000,0.3002
1749261451,0.29200000,160.00000000,0.3002
1749261451,0.29190000,627.40000000,0.3002
1749261451,0.29180000,242.00000000,0.3002
1749261451,0.29150000,2763.80000000,0.3002
1749261451,0.29110000,39.50000000,0.3002
1749261451,0.29100000,449.00000000,0.3002
1749261451,0.29050000,4716.30000000,0.3002
1749261451,0.29030000,20.40000000,0.3002
1749261451,0.29010000,108.00000000,0.3002
1749261451,0.29000000,8372.70000000,0.3002
1749261451,0.28970000,2781.00000000,0.3002
1749261451,0.28920000,27.90000000,0.3002
1749261451,0.28900000,63.40000000,0.3002
1749261451,0.28870000,17.60000000,0.3002
1749261451,0.28840000,1733.70000000,0.3002
1749261451,0.28800000,615.70000000,0.3002
1749261451,0.28770000,20.40000000,0.3002
1749261451,0.28750000,3767.50000000,0.3002
1749261767,0.29950000,4335.70000000,0.2995
1749261767,0.29940000,11903.00000000,0.2995
1749261767,0.29930000,33967.00000000,0.2995
1749261767,0.29920000,50520.10000000,0.2995
1749261767,0.29910000,50950.60000000,0.2995
1749261767,0.29900000,46241.70000000,0.2995
1749261767,0.29890000,28522.40000000,0.2995
1749261767,0.29880000,21578.30000000,0.2995
1749261767,0.29870000,4526.60000000,0.2995
1749261767,0.29860000,1173.60000000,0.2995
1749261767,0.29850000,14492.10000000,0.2995
1749261767,0.29840000,972.90000000,0.2995
1749261767,0.29830000,4231.00000000,0.2995
1749261767,0.29820000,23212.10000000,0.2995
1749261767,0.29810000,6009.60000000,0.2995
1749261767,0.29800000,1047.80000000,0.2995
1749261767,0.29790000,10796.90000000,0.2995
1749261767,0.29780000,2632.20000000,0.2995
1749261767,0.29770000,50776.60000000,0.2995
1749261767,0.29760000,8468.70000000,0.2995
1749261767,0.29750000,4205.90000000,0.2995
1749261767,0.29740000,928.80000000,0.2995
1749261767,0.29730000,10760.10000000,0.2995
1749261767,0.29720000,969.80000000,0.2995
1749261767,0.29710000,4205.90000000,0.2995
1749261767,0.29700000,12741.10000000,0.2995
1749261767,0.29690000,6346.70000000,0.2995
1749261767,0.29680000,34589.30000000,0.2995
1749261767,0.29670000,19671.10000000,0.2995
1749261767,0.29660000,16924.80000000,0.2995
1749261767,0.29650000,5014.80000000,0.2995
1749261767,0.29640000,7476.50000000,0.2995
1749261767,0.29630000,14841.50000000,0.2995
1749261767,0.29620000,1112.70000000,0.2995
1749261767,0.29610000,10734.60000000,0.2995
1749261767,0.29600000,212.30000000,0.2995
1749261767,0.29590000,1099.70000000,0.2995
1749261767,0.29580000,12207.40000000,0.2995
1749261767,0.29570000,14248.10000000,0.2995
1749261767,0.29560000,7496.90000000,0.2995
1749261767,0.29550000,3370.40000000,0.2995
1749261767,0.29540000,93.30000000,0.2995
1749261767,0.29530000,93.30000000,0.2995
1749261767,0.29520000,3472.40000000,0.2995
1749261767,0.29510000,6647.50000000,0.2995
1749261767,0.29500000,981.00000000,0.2995
1749261767,0.29490000,8456.00000000,0.2995
1749261767,0.29480000,93.30000000,0.2995
1749261767,0.29470000,33999.80000000,0.2995
1749261767,0.29460000,5161.50000000,0.2995
1749261767,0.29450000,93.30000000,0.2995
1749261767,0.29440000,93.30000000,0.2995
1749261767,0.29430000,3370.40000000,0.2995
1749261767,0.29420000,93.30000000,0.2995
1749261767,0.29410000,93.30000000,0.2995
1749261767,0.29400000,9851.30000000,0.2995
1749261767,0.29390000,260.70000000,0.2995
1749261767,0.29380000,93.20000000,0.2995
1749261767,0.29370000,3370.30000000,0.2995
1749261767,0.29360000,93.20000000,0.2995
1749261767,0.29350000,93.30000000,0.2995
1749261767,0.29340000,3370.40000000,0.2995
1749261767,0.29330000,1040.50000000,0.2995
1749261767,0.29320000,93.30000000,0.2995
1749261767,0.29310000,115.30000000,0.2995
1749261767,0.29300000,287.10000000,0.2995
1749261767,0.29290000,330.40000000,0.2995
1749261767,0.29280000,93.30000000,0.2995
1749261767,0.29270000,93.30000000,0.2995
1749261767,0.29260000,93.40000000,0.2995
1749261767,0.29250000,93.40000000,0.2995
1749261767,0.29240000,113.90000000,0.2995
1749261767,0.29230000,93.40000000,0.2995
1749261767,0.29220000,93.40000000,0.2995
1749261767,0.29210000,196.00000000,0.2995
1749261767,0.29200000,193.40000000,0.2995
1749261767,0.29190000,627.40000000,0.2995
1749261767,0.29180000,242.00000000,0.2995
1749261767,0.29150000,2763.80000000,0.2995
1749261767,0.29110000,39.50000000,0.2995
1749261767,0.29100000,531.10000000,0.2995
1749261767,0.29050000,4716.30000000,0.2995
1749261767,0.29030000,20.40000000,0.2995
1749261767,0.29010000,108.00000000,0.2995
1749261767,0.29000000,8372.70000000,0.2995
1749261767,0.28970000,2781.00000000,0.2995
1749261767,0.28920000,27.90000000,0.2995
1749261767,0.28900000,63.40000000,0.2995
1749261767,0.28870000,17.60000000,0.2995
1749261767,0.28840000,1733.70000000,0.2995
1749261767,0.28800000,615.70000000,0.2995
1749261767,0.28770000,20.40000000,0.2995
1749261767,0.28750000,3767.50000000,0.2995
1749261767,0.28740000,2844.20000000,0.2995
1749261767,0.28710000,1008.20000000,0.2995
1749261767,0.28700000,3000.00000000,0.2995
1749261767,0.28640000,1404.80000000,0.2995
1749261767,0.28610000,150.60000000,0.2995
1749261767,0.28600000,136.00000000,0.2995
1749261767,0.28590000,55.90000000,0.2995
1749262070,0.29980000,614.10000000,0.2999
1749262070,0.29970000,5612.00000000,0.2999
1749262070,0.29960000,16176.70000000,0.2999
1749262070,0.29950000,36186.30000000,0.2999
1749262070,0.29940000,49680.90000000,0.2999
1749262070,0.29930000,10479.20000000,0.2999
1749262070,0.29920000,20448.10000000,0.2999
1749262070,0.29910000,13730.50000000,0.2999
1749262070,0.29900000,4391.40000000,0.2999
1749262070,0.29890000,2731.70000000,0.2999
1749262070,0.29880000,12570.60000000,0.2999
1749262070,0.29870000,2588.50000000,0.2999
1749262070,0.29860000,1779.50000000,0.2999
1749262070,0.29850000,25358.50000000,0.2999
1749262070,0.29840000,972.90000000,0.2999
1749262070,0.29830000,4231.00000000,0.2999
1749262070,0.29820000,9569.10000000,0.2999
1749262070,0.29810000,4205.90000000,0.2999
1749262070,0.29800000,1765.90000000,0.2999
1749262070,0.29790000,12930.50000000,0.2999
1749262070,0.29780000,2632.20000000,0.2999
1749262070,0.29770000,50776.60000000,0.2999
1749262070,0.29760000,7502.00000000,0.2999
1749262070,0.29750000,4205.90000000,0.2999
1749262070,0.29740000,928.80000000,0.2999
1749262070,0.29730000,44370.10000000,0.2999
1749262070,0.29720000,969.80000000,0.2999
1749262070,0.29710000,4205.90000000,0.2999
1749262070,0.29700000,12741.10000000,0.2999
1749262070,0.29690000,20203.90000000,0.2999
1749262070,0.29680000,922.70000000,0.2999
1749262070,0.29670000,20104.80000000,0.2999
1749262070,0.29660000,903.80000000,0.2999
1749262070,0.29650000,4580.90000000,0.2999
1749262070,0.29640000,7476.50000000,0.2999
1749262070,0.29630000,14841.50000000,0.2999
1749262070,0.29620000,302.70000000,0.2999
1749262070,0.29610000,10734.60000000,0.2999
1749262070,0.29600000,212.30000000,0.2999
1749262070,0.29590000,289.70000000,0.2999
1749262070,0.29580000,24464.50000000,0.2999
1749262070,0.29570000,366.60000000,0.2999
1749262070,0.29560000,6686.90000000,0.2999
1749262070,0.29550000,3370.40000000,0.2999
1749262070,0.29540000,93.30000000,0.2999
1749262070,0.29530000,93.30000000,0.2999
1749262070,0.29520000,8468.30000000,0.2999
1749262070,0.29510000,6647.50000000,0.2999
1749262070,0.29500000,473.50000000,0.2999
1749262070,0.29490000,3370.40000000,0.2999
1749262070,0.29480000,93.30000000,0.2999
1749262070,0.29470000,33999.80000000,0.2999
1749262070,0.29460000,5161.50000000,0.2999
1749262070,0.29450000,93.30000000,0.2999
1749262070,0.29440000,93.30000000,0.2999
1749262070,0.29430000,3370.40000000,0.2999
1749262070,0.29420000,93.30000000,0.2999
1749262070,0.29410000,93.30000000,0.2999
1749262070,0.29400000,9851.30000000,0.2999
1749262070,0.29390000,260.70000000,0.2999
1749262070,0.29380000,93.20000000,0.2999
1749262070,0.29370000,3370.30000000,0.2999
1749262070,0.29360000,93.20000000,0.2999
1749262070,0.29350000,93.30000000,0.2999
1749262070,0.29340000,3370.40000000,0.2999
1749262070,0.29330000,1040.50000000,0.2999
1749262070,0.29320000,93.30000000,0.2999
1749262070,0.29310000,115.30000000,0.2999
1749262070,0.29300000,287.10000000,0.2999
1749262070,0.29290000,330.40000000,0.2999
1749262070,0.29280000,93.30000000,0.2999
1749262070,0.29270000,93.30000000,0.2999
1749262070,0.29260000,93.40000000,0.2999
1749262070,0.29250000,93.40000000,0.2999
1749262070,0.29240000,113.90000000,0.2999
1749262070,0.29230000,93.40000000,0.2999
1749262070,0.29220000,60.00000000,0.2999
1749262070,0.29210000,162.60000000,0.2999
1749262070,0.29200000,160.00000000,0.2999
1749262070,0.29190000,627.40000000,0.2999
1749262070,0.29180000,242.00000000,0.2999
1749262070,0.29150000,2763.80000000,0.2999
1749262070,0.29110000,39.50000000,0.2999
1749262070,0.29100000,531.10000000,0.2999
1749262070,0.29050000,4716.30000000,0.2999
1749262070,0.29030000,20.40000000,0.2999
1749262070,0.29010000,108.00000000,0.2999
1749262070,0.29000000,8393.00000000,0.2999
1749262070,0.28970000,2781.00000000,0.2999
1749262070,0.28920000,27.90000000,0.2999
1749262070,0.28900000,63.40000000,0.2999
1749262070,0.28870000,17.60000000,0.2999
1749262070,0.28840000,1733.70000000,0.2999
1749262070,0.28800000,615.70000000,0.2999
1749262070,0.28770000,20.40000000,0.2999
1749262070,0.28750000,3767.50000000,0.2999
1749262070,0.28740000,2844.20000000,0.2999
1749262070,0.28710000,1008.20000000,0.2999
1749262070,0.28700000,3000.00000000,0.2999
1749262070,0.28640000,1404.80000000,0.2999
1749262376,0.30080000,3018.40000000,0.3009
1749262376,0.30070000,8227.50000000,0.3009
1749262376,0.30060000,10743.30000000,0.3009
1749262376,0.30050000,14905.30000000,0.3009
1749262376,0.30040000,36601.90000000,0.3009
1749262376,0.30030000,22636.20000000,0.3009
1749262376,0.30020000,25062.90000000,0.3009
1749262376,0.30010000,15012.00000000,0.3009
1749262376,0.30000000,26542.70000000,0.3009
1749262376,0.29990000,4641.90000000,0.3009
1749262376,0.29980000,9358.30000000,0.3009
1749262376,0.29970000,9637.90000000,0.3009
1749262376,0.29960000,4390.70000000,0.3009
1749262376,0.29950000,8369.70000000,0.3009
1749262376,0.29940000,23505.90000000,0.3009
1749262376,0.29930000,893.70000000,0.3009
1749262376,0.29920000,9603.00000000,0.3009
1749262376,0.29910000,7447.80000000,0.3009
1749262376,0.29900000,7880.00000000,0.3009
1749262376,0.29890000,9764.80000000,0.3009
1749262376,0.29880000,13909.60000000,0.3009
1749262376,0.29870000,928.60000000,0.3009
1749262376,0.29860000,947.70000000,0.3009
1749262376,0.29850000,10760.00000000,0.3009
1749262376,0.29840000,947.80000000,0.3009
1749262376,0.29830000,269097.50000000,0.3009
1749262376,0.29820000,41045.90000000,0.3009
1749262376,0.29810000,12171.90000000,0.3009
1749262376,0.29800000,1047.80000000,0.3009
1749262376,0.29790000,10796.90000000,0.3009
1749262376,0.29780000,18566.20000000,0.3009
1749262376,0.29770000,4205.90000000,0.3009
1749262376,0.29760000,7502.00000000,0.3009
1749262376,0.29750000,4605.90000000,0.3009
1749262376,0.29740000,928.80000000,0.3009
1749262376,0.29730000,10760.10000000,0.3009
1749262376,0.29720000,969.80000000,0.3009
1749262376,0.29710000,17214.90000000,0.3009
1749262376,0.29700000,12741.10000000,0.3009
1749262376,0.29690000,3395.90000000,0.3009
1749262376,0.29680000,112.70000000,0.3009
1749262376,0.29670000,10358.70000000,0.3009
1749262376,0.29660000,93.80000000,0.3009
1749262376,0.29650000,3370.90000000,0.3009
1749262376,0.29640000,6666.50000000,0.3009
1749262376,0.29630000,3392.40000000,0.3009
1749262376,0.29620000,302.70000000,0.3009
1749262376,0.29610000,9924.60000000,0.3009
1749262376,0.29600000,193.30000000,0.3009
1749262376,0.29590000,5358.10000000,0.3009
1749262376,0.29580000,3370.40000000,0.3009
1749262376,0.29570000,34158.50000000,0.3009
1749262376,0.29560000,6667.90000000,0.3009
1749262376,0.29550000,3370.40000000,0.3009
1749262376,0.29540000,93.30000000,0.3009
1749262376,0.29530000,93.30000000,0.3009
1749262376,0.29520000,3387.90000000,0.3009
1749262376,0.29510000,6647.50000000,0.3009
1749262376,0.29500000,473.50000000,0.3009
1749262376,0.29490000,3370.40000000,0.3009
1749262376,0.29480000,93.30000000,0.3009
1749262376,0.29470000,93.30000000,0.3009
1749262376,0.29460000,5161.50000000,0.3009
1749262376,0.29450000,93.30000000,0.3009
1749262376,0.29440000,93.30000000,0.3009
1749262376,0.29430000,3370.40000000,0.3009
1749262376,0.29420000,93.30000000,0.3009
1749262376,0.29410000,93.30000000,0.3009
1749262376,0.29400000,9851.30000000,0.3009
1749262376,0.29390000,260.70000000,0.3009
1749262376,0.29380000,93.20000000,0.3009
1749262376,0.29370000,3370.30000000,0.3009
1749262376,0.29360000,93.20000000,0.3009
1749262376,0.29350000,93.30000000,0.3009
1749262376,0.29340000,3370.40000000,0.3009
1749262376,0.29330000,1040.50000000,0.3009
1749262376,0.29320000,60.00000000,0.3009
1749262376,0.29310000,82.00000000,0.3009
1749262376,0.29300000,253.80000000,0.3009
1749262376,0.29290000,2004.10000000,0.3009
1749262376,0.29280000,60.00000000,0.3009
1749262376,0.29270000,60.00000000,0.3009
1749262376,0.29260000,162.40000000,0.3009
1749262376,0.29250000,60.00000000,0.3009
1749262376,0.29240000,80.50000000,0.3009
1749262376,0.29230000,60.00000000,0.3009
1749262376,0.29220000,60.00000000,0.3009
1749262376,0.29210000,60.00000000,0.3009
1749262376,0.29200000,160.00000000,0.3009
1749262376,0.29190000,627.40000000,0.3009
1749262376,0.29180000,242.00000000,0.3009
1749262376,0.29150000,2763.80000000,0.3009
1749262376,0.29110000,39.50000000,0.3009
1749262376,0.29100000,531.10000000,0.3009
1749262376,0.29050000,4716.30000000,0.3009
1749262376,0.29030000,20.40000000,0.3009
1749262376,0.29010000,108.00000000,0.3009
1749262376,0.29000000,8393.00000000,0.3009
1749262376,0.28970000,2781.00000000,0.3009
1749262376,0.28920000,27.90000000,0.3009
1749262677,0.30080000,3359.40000000,0.3009
1749262677,0.30070000,7386.10000000,0.3009
1749262677,0.30060000,10390.30000000,0.3009
1749262677,0.30050000,12306.40000000,0.3009
1749262677,0.30040000,33011.50000000,0.3009
1749262677,0.30030000,30057.00000000,0.3009
1749262677,0.30020000,18831.10000000,0.3009
1749262677,0.30010000,22078.40000000,0.3009
1749262677,0.30000000,13732.60000000,0.3009
1749262677,0.29990000,1125.50000000,0.3009
1749262677,0.29980000,5956.00000000,0.3009
1749262677,0.29970000,9082.60000000,0.3009
1749262677,0.29960000,4863.80000000,0.3009
1749262677,0.29950000,21255.60000000,0.3009
1749262677,0.29940000,10743.90000000,0.3009
1749262677,0.29930000,81981.70000000,0.3009
1749262677,0.29920000,8322.20000000,0.3009
1749262677,0.29910000,7447.80000000,0.3009
1749262677,0.29900000,5069.30000000,0.3009
1749262677,0.29890000,868.60000000,0.3009
1749262677,0.29880000,10778.90000000,0.3009
1749262677,0.29870000,928.60000000,0.3009
1749262677,0.29860000,928.70000000,0.3009
1749262677,0.29850000,10760.00000000,0.3009
1749262677,0.29840000,947.80000000,0.3009
1749262677,0.29830000,37703.20000000,0.3009
1749262677,0.29820000,7537.30000000,0.3009
1749262677,0.29810000,13100.80000000,0.3009
1749262677,0.29800000,16995.80000000,0.3009
1749262677,0.29790000,10796.90000000,0.3009
1749262677,0.29780000,2613.20000000,0.3009
1749262677,0.29770000,4205.90000000,0.3009
1749262677,0.29760000,7502.00000000,0.3009
1749262677,0.29750000,4605.90000000,0.3009
1749262677,0.29740000,8913.60000000,0.3009
1749262677,0.29730000,11192.90000000,0.3009
1749262677,0.29720000,969.80000000,0.3009
1749262677,0.29710000,4205.90000000,0.3009
1749262677,0.29700000,6925.70000000,0.3009
1749262677,0.29690000,3370.80000000,0.3009
1749262677,0.29680000,13135.80000000,0.3009
1749262677,0.29670000,9925.00000000,0.3009
1749262677,0.29660000,93.80000000,0.3009
1749262677,0.29650000,3370.90000000,0.3009
1749262677,0.29640000,6666.50000000,0.3009
1749262677,0.29630000,8453.90000000,0.3009
1749262677,0.29620000,302.70000000,0.3009
1749262677,0.29610000,9924.60000000,0.3009
1749262677,0.29600000,193.30000000,0.3009
1749262677,0.29590000,289.70000000,0.3009
1749262677,0.29580000,3370.40000000,0.3009
1749262677,0.29570000,34158.50000000,0.3009
1749262677,0.29560000,6667.90000000,0.3009
1749262677,0.29550000,3370.40000000,0.3009
1749262677,0.29540000,93.30000000,0.3009
1749262677,0.29530000,93.30000000,0.3009
1749262677,0.29520000,3387.90000000,0.3009
1749262677,0.29510000,6647.50000000,0.3009
1749262677,0.29500000,473.50000000,0.3009
1749262677,0.29490000,3370.40000000,0.3009
1749262677,0.29480000,93.30000000,0.3009
1749262677,0.29470000,93.30000000,0.3009
1749262677,0.29460000,5161.50000000,0.3009
1749262677,0.29450000,93.30000000,0.3009
1749262677,0.29440000,93.30000000,0.3009
1749262677,0.29430000,3370.40000000,0.3009
1749262677,0.29420000,93.30000000,0.3009
1749262677,0.29410000,93.30000000,0.3009
1749262677,0.29400000,9851.30000000,0.3009
1749262677,0.29390000,260.70000000,0.3009
1749262677,0.29380000,93.20000000,0.3009
1749262677,0.29370000,3370.30000000,0.3009
1749262677,0.29360000,93.20000000,0.3009
1749262677,0.29350000,93.30000000,0.3009
1749262677,0.29340000,3370.40000000,0.3009
1749262677,0.29330000,1040.50000000,0.3009
1749262677,0.29320000,60.00000000,0.3009
1749262677,0.29310000,82.00000000,0.3009
1749262677,0.29300000,356.10000000,0.3009
1749262677,0.29290000,2004.10000000,0.3009
1749262677,0.29280000,60.00000000,0.3009
1749262677,0.29270000,60.00000000,0.3009
1749262677,0.29260000,60.00000000,0.3009
1749262677,0.29250000,60.00000000,0.3009
1749262677,0.29240000,80.50000000,0.3009
1749262677,0.29230000,60.00000000,0.3009
1749262677,0.29220000,60.00000000,0.3009
1749262677,0.29210000,60.00000000,0.3009
1749262677,0.29200000,160.00000000,0.3009
1749262677,0.29190000,627.40000000,0.3009
1749262677,0.29180000,242.00000000,0.3009
1749262677,0.29150000,2763.80000000,0.3009
1749262677,0.29110000,39.50000000,0.3009
1749262677,0.29100000,531.10000000,0.3009
1749262677,0.29050000,4716.30000000,0.3009
1749262677,0.29030000,20.40000000,0.3009
1749262677,0.29010000,108.00000000,0.3009
1749262677,0.29000000,8393.00000000,0.3009
1749262677,0.28970000,2781.00000000,0.3009
1749262677,0.28920000,27.90000000,0.3009
1749262981,0.30060000,3928.50000000,0.3008
1749262981,0.30050000,16960.00000000,0.3008
1749262981,0.30040000,38069.00000000,0.3008
1749262981,0.30030000,36880.30000000,0.3008
1749262981,0.30020000,22740.60000000,0.3008
1749262981,0.30010000,14559.10000000,0.3008
1749262981,0.30000000,47575.00000000,0.3008
1749262981,0.29990000,8029.90000000,0.3008
1749262981,0.29980000,11937.80000000,0.3008
1749262981,0.29970000,9101.60000000,0.3008
1749262981,0.29960000,6294.90000000,0.3008
1749262981,0.29950000,7517.00000000,0.3008
1749262981,0.29940000,11431.70000000,0.3008
1749262981,0.29930000,94748.70000000,0.3008
1749262981,0.29920000,7968.20000000,0.3008
1749262981,0.29910000,7447.80000000,0.3008
1749262981,0.29900000,4164.70000000,0.3008
1749262981,0.29890000,2995.10000000,0.3008
1749262981,0.29880000,10778.90000000,0.3008
1749262981,0.29870000,1611.90000000,0.3008
1749262981,0.29860000,947.70000000,0.3008
1749262981,0.29850000,10760.00000000,0.3008
1749262981,0.29840000,947.80000000,0.3008
1749262981,0.29830000,4205.90000000,0.3008
1749262981,0.29820000,7537.30000000,0.3008
1749262981,0.29810000,4205.90000000,0.3008
1749262981,0.29800000,1047.80000000,0.3008
1749262981,0.29790000,10796.90000000,0.3008
1749262981,0.29780000,36166.80000000,0.3008
1749262981,0.29770000,20165.90000000,0.3008
1749262981,0.29760000,7502.00000000,0.3008
1749262981,0.29750000,13519.40000000,0.3008
1749262981,0.29740000,8913.60000000,0.3008
1749262981,0.29730000,11192.90000000,0.3008
1749262981,0.29720000,969.80000000,0.3008
1749262981,0.29710000,4205.90000000,0.3008
1749262981,0.29700000,7735.70000000,0.3008
1749262981,0.29690000,4180.80000000,0.3008
1749262981,0.29680000,112.70000000,0.3008
1749262981,0.29670000,10735.00000000,0.3008
1749262981,0.29660000,13124.80000000,0.3008
1749262981,0.29650000,3370.90000000,0.3008
1749262981,0.29640000,6666.50000000,0.3008
1749262981,0.29630000,3392.40000000,0.3008
1749262981,0.29620000,302.70000000,0.3008
1749262981,0.29610000,9924.60000000,0.3008
1749262981,0.29600000,5260.00000000,0.3008
1749262981,0.29590000,289.70000000,0.3008
1749262981,0.29580000,3370.40000000,0.3008
1749262981,0.29570000,34158.50000000,0.3008
1749262981,0.29560000,6667.90000000,0.3008
1749262981,0.29550000,3370.40000000,0.3008
1749262981,0.29540000,93.30000000,0.3008
1749262981,0.29530000,93.30000000,0.3008
1749262981,0.29520000,3387.90000000,0.3008
1749262981,0.29510000,6647.50000000,0.3008
1749262981,0.29500000,473.50000000,0.3008
1749262981,0.29490000,3370.40000000,0.3008
1749262981,0.29480000,93.30000000,0.3008
1749262981,0.29470000,93.30000000,0.3008
1749262981,0.29460000,5161.50000000,0.3008
1749262981,0.29450000,93.30000000,0.3008
1749262981,0.29440000,93.30000000,0.3008
1749262981,0.29430000,3370.40000000,0.3008
1749262981,0.29420000,93.30000000,0.3008
1749262981,0.29410000,93.30000000,0.3008
1749262981,0.29400000,9851.30000000,0.3008
1749262981,0.29390000,260.70000000,0.3008
1749262981,0.29380000,93.20000000,0.3008
1749262981,0.29370000,3370.30000000,0.3008
1749262981,0.29360000,93.20000000,0.3008
1749262981,0.29350000,93.30000000,0.3008
1749262981,0.29340000,3370.40000000,0.3008
1749262981,0.29330000,1040.50000000,0.3008
1749262981,0.29320000,93.30000000,0.3008
1749262981,0.29310000,115.30000000,0.3008
1749262981,0.29300000,253.80000000,0.3008
1749262981,0.29290000,2004.10000000,0.3008
1749262981,0.29280000,162.30000000,0.3008
1749262981,0.29270000,60.00000000,0.3008
1749262981,0.29260000,60.00000000,0.3008
1749262981,0.29250000,60.00000000,0.3008
1749262981,0.29240000,80.50000000,0.3008
1749262981,0.29230000,60.00000000,0.3008
1749262981,0.29220000,60.00000000,0.3008
1749262981,0.29210000,60.00000000,0.3008
1749262981,0.29200000,160.00000000,0.3008
1749262981,0.29190000,627.40000000,0.3008
1749262981,0.29180000,242.00000000,0.3008
1749262981,0.29150000,2763.80000000,0.3008
1749262981,0.29110000,39.50000000,0.3008
1749262981,0.29100000,531.10000000,0.3008
1749262981,0.29050000,4716.30000000,0.3008
1749262981,0.29030000,20.40000000,0.3008
1749262981,0.29010000,108.00000000,0.3008
1749262981,0.29000000,8393.00000000,0.3008
1749262981,0.28970000,2781.00000000,0.3008
1749262981,0.28920000,27.90000000,0.3008
1749262981,0.28910000,1729.50000000,0.3008
1749262981,0.28900000,63.40000000,0.3008
1749263289,0.30150000,4044.50000000,0.3016
1749263289,0.30140000,9500.50000000,0.3016
1749263289,0.30130000,13797.70000000,0.3016
1749263289,0.30120000,18487.20000000,0.3016
1749263289,0.30110000,10060.60000000,0.3016
1749263289,0.30100000,14961.70000000,0.3016
1749263289,0.30090000,30281.90000000,0.3016
1749263289,0.30080000,22051.60000000,0.3016
1749263289,0.30070000,5507.90000000,0.3016
1749263289,0.30060000,14420.90000000,0.3016
1749263289,0.30050000,2729.70000000,0.3016
1749263289,0.30040000,3562.80000000,0.3016
1749263289,0.30030000,9110.60000000,0.3016
1749263289,0.30020000,6681.80000000,0.3016
1749263289,0.30010000,15388.10000000,0.3016
1749263289,0.30000000,12508.50000000,0.3016
1749263289,0.29990000,95435.40000000,0.3016
1749263289,0.29980000,5342.60000000,0.3016
1749263289,0.29970000,11574.00000000,0.3016
1749263289,0.29960000,4189.70000000,0.3016
1749263289,0.29950000,6728.70000000,0.3016
1749263289,0.29940000,10718.80000000,0.3016
1749263289,0.29930000,868.60000000,0.3016
1749263289,0.29920000,4164.70000000,0.3016
1749263289,0.29910000,7422.70000000,0.3016
1749263289,0.29900000,4145.70000000,0.3016
1749263289,0.29890000,34298.70000000,0.3016
1749263289,0.29880000,10778.90000000,0.3016
1749263289,0.29870000,928.60000000,0.3016
1749263289,0.29860000,25725.40000000,0.3016
1749263289,0.29850000,10760.00000000,0.3016
1749263289,0.29840000,1347.80000000,0.3016
1749263289,0.29830000,4205.90000000,0.3016
1749263289,0.29820000,7537.30000000,0.3016
1749263289,0.29810000,4205.90000000,0.3016
1749263289,0.29800000,1047.80000000,0.3016
1749263289,0.29790000,11228.90000000,0.3016
1749263289,0.29780000,2613.20000000,0.3016
1749263289,0.29770000,4205.90000000,0.3016
1749263289,0.29760000,6692.00000000,0.3016
1749263289,0.29750000,16363.10000000,0.3016
1749263289,0.29740000,8078.50000000,0.3016
1749263289,0.29730000,9925.00000000,0.3016
1749263289,0.29720000,134.70000000,0.3016
1749263289,0.29710000,3370.80000000,0.3016
1749263289,0.29700000,6925.70000000,0.3016
1749263289,0.29690000,3370.80000000,0.3016
1749263289,0.29680000,33760.30000000,0.3016
1749263289,0.29670000,14979.70000000,0.3016
1749263289,0.29660000,93.80000000,0.3016
1749263289,0.29650000,3370.90000000,0.3016
1749263289,0.29640000,6647.50000000,0.3016
1749263289,0.29630000,3392.40000000,0.3016
1749263289,0.29620000,302.70000000,0.3016
1749263289,0.29610000,9924.60000000,0.3016
1749263289,0.29600000,193.30000000,0.3016
1749263289,0.29590000,289.70000000,0.3016
1749263289,0.29580000,3370.40000000,0.3016
1749263289,0.29570000,366.60000000,0.3016
1749263289,0.29560000,6667.90000000,0.3016
1749263289,0.29550000,3370.40000000,0.3016
1749263289,0.29540000,93.30000000,0.3016
1749263289,0.29530000,93.30000000,0.3016
1749263289,0.29520000,3387.90000000,0.3016
1749263289,0.29510000,6647.50000000,0.3016
1749263289,0.29500000,473.50000000,0.3016
1749263289,0.29490000,3370.40000000,0.3016
1749263289,0.29480000,93.30000000,0.3016
1749263289,0.29470000,93.30000000,0.3016
1749263289,0.29460000,5161.50000000,0.3016
1749263289,0.29450000,93.30000000,0.3016
1749263289,0.29440000,93.30000000,0.3016
1749263289,0.29430000,3370.40000000,0.3016
1749263289,0.29420000,93.30000000,0.3016
1749263289,0.29410000,93.30000000,0.3016
1749263289,0.29400000,9851.20000000,0.3016
1749263289,0.29390000,227.50000000,0.3016
1749263289,0.29380000,60.00000000,0.3016
1749263289,0.29370000,3337.10000000,0.3016
1749263289,0.29360000,60.00000000,0.3016
1749263289,0.29350000,60.00000000,0.3016
1749263289,0.29340000,3337.10000000,0.3016
1749263289,0.29330000,1007.20000000,0.3016
1749263289,0.29320000,60.00000000,0.3016
1749263289,0.29310000,82.00000000,0.3016
1749263289,0.29300000,356.10000000,0.3016
1749263289,0.29290000,2004.10000000,0.3016
1749263289,0.29280000,60.00000000,0.3016
1749263289,0.29270000,60.00000000,0.3016
1749263289,0.29260000,60.00000000,0.3016
1749263289,0.29250000,60.00000000,0.3016
1749263289,0.29240000,80.50000000,0.3016
1749263289,0.29230000,60.00000000,0.3016
1749263289,0.29220000,60.00000000,0.3016
1749263289,0.29210000,60.00000000,0.3016
1749263289,0.29200000,160.00000000,0.3016
1749263289,0.29190000,627.40000000,0.3016
1749263289,0.29180000,242.00000000,0.3016
1749263289,0.29150000,2763.80000000,0.3016
1749263289,0.29110000,39.50000000,0.3016
1749263590,0.30140000,4102.90000000,0.3015
1749263590,0.30130000,11792.80000000,0.3015
1749263590,0.30120000,16078.20000000,0.3015
1749263590,0.30110000,14939.70000000,0.3015
1749263590,0.30100000,23925.90000000,0.3015
1749263590,0.30090000,22782.90000000,0.3015
1749263590,0.30080000,29139.10000000,0.3015
1749263590,0.30070000,18143.60000000,0.3015
1749263590,0.30060000,10946.70000000,0.3015
1749263590,0.30050000,2729.70000000,0.3015
1749263590,0.30040000,4455.40000000,0.3015
1749263590,0.30030000,9110.60000000,0.3015
1749263590,0.30020000,5824.30000000,0.3015
1749263590,0.30010000,14475.80000000,0.3015
1749263590,0.30000000,12508.50000000,0.3015
1749263590,0.29990000,113576.80000000,0.3015
1749263590,0.29980000,5342.60000000,0.3015
1749263590,0.29970000,9454.00000000,0.3015
1749263590,0.29960000,5144.30000000,0.3015
1749263590,0.29950000,7960.30000000,0.3015
1749263590,0.29940000,10718.80000000,0.3015
1749263590,0.29930000,868.60000000,0.3015
1749263590,0.29920000,4164.70000000,0.3015
1749263590,0.29910000,7422.70000000,0.3015
1749263590,0.29900000,4145.70000000,0.3015
1749263590,0.29890000,928.60000000,0.3015
1749263590,0.29880000,44397.40000000,0.3015
1749263590,0.29870000,928.60000000,0.3015
1749263590,0.29860000,9809.40000000,0.3015
1749263590,0.29850000,26673.00000000,0.3015
1749263590,0.29840000,1347.80000000,0.3015
1749263590,0.29830000,4205.90000000,0.3015
1749263590,0.29820000,7537.30000000,0.3015
1749263590,0.29810000,4205.90000000,0.3015
1749263590,0.29800000,1047.80000000,0.3015
1749263590,0.29790000,11228.90000000,0.3015
1749263590,0.29780000,2613.20000000,0.3015
1749263590,0.29770000,3395.90000000,0.3015
1749263590,0.29760000,6666.80000000,0.3015
1749263590,0.29750000,16363.10000000,0.3015
1749263590,0.29740000,8078.50000000,0.3015
1749263590,0.29730000,9925.00000000,0.3015
1749263590,0.29720000,134.70000000,0.3015
1749263590,0.29710000,3370.80000000,0.3015
1749263590,0.29700000,6747.90000000,0.3015
1749263590,0.29690000,3370.80000000,0.3015
1749263590,0.29680000,38813.30000000,0.3015
1749263590,0.29670000,9925.00000000,0.3015
1749263590,0.29660000,93.80000000,0.3015
1749263590,0.29650000,3370.90000000,0.3015
1749263590,0.29640000,6647.50000000,0.3015
1749263590,0.29630000,3392.40000000,0.3015
1749263590,0.29620000,302.70000000,0.3015
1749263590,0.29610000,9924.60000000,0.3015
1749263590,0.29600000,193.30000000,0.3015
1749263590,0.29590000,289.70000000,0.3015
1749263590,0.29580000,3370.40000000,0.3015
1749263590,0.29570000,366.60000000,0.3015
1749263590,0.29560000,6667.90000000,0.3015
1749263590,0.29550000,3370.40000000,0.3015
1749263590,0.29540000,93.30000000,0.3015
1749263590,0.29530000,93.30000000,0.3015
1749263590,0.29520000,3387.90000000,0.3015
1749263590,0.29510000,93.30000000,0.3015
1749263590,0.29500000,473.50000000,0.3015
1749263590,0.29490000,3370.40000000,0.3015
1749263590,0.29480000,93.30000000,0.3015
1749263590,0.29470000,93.30000000,0.3015
1749263590,0.29460000,5161.50000000,0.3015
1749263590,0.29450000,93.30000000,0.3015
1749263590,0.29440000,93.30000000,0.3015
1749263590,0.29430000,3370.40000000,0.3015
1749263590,0.29420000,93.30000000,0.3015
1749263590,0.29410000,93.20000000,0.3015
1749263590,0.29400000,9851.20000000,0.3015
1749263590,0.29390000,260.70000000,0.3015
1749263590,0.29380000,60.00000000,0.3015
1749263590,0.29370000,3439.10000000,0.3015
1749263590,0.29360000,60.00000000,0.3015
1749263590,0.29350000,60.00000000,0.3015
1749263590,0.29340000,3337.10000000,0.3015
1749263590,0.29330000,1007.20000000,0.3015
1749263590,0.29320000,60.00000000,0.3015
1749263590,0.29310000,82.00000000,0.3015
1749263590,0.29300000,253.80000000,0.3015
1749263590,0.29290000,2004.10000000,0.3015
1749263590,0.29280000,60.00000000,0.3015
1749263590,0.29270000,60.00000000,0.3015
1749263590,0.29260000,60.00000000,0.3015
1749263590,0.29250000,60.00000000,0.3015
1749263590,0.29240000,80.50000000,0.3015
1749263590,0.29230000,60.00000000,0.3015
1749263590,0.29220000,60.00000000,0.3015
1749263590,0.29210000,60.00000000,0.3015
1749263590,0.29200000,160.00000000,0.3015
1749263590,0.29190000,627.40000000,0.3015
1749263590,0.29180000,242.00000000,0.3015
1749263590,0.29150000,2763.80000000,0.3015
1749263590,0.29110000,39.50000000,0.3015
1749263590,0.29100000,531.10000000,0.3015
1749263892,0.30260000,2969.60000000,0.3026
1749263892,0.30250000,9966.00000000,0.3026
1749263892,0.30240000,18073.80000000,0.3026
1749263892,0.30230000,8964.20000000,0.3026
1749263892,0.30220000,14155.00000000,0.3026
1749263892,0.30210000,21216.20000000,0.3026
1749263892,0.30200000,30797.00000000,0.3026
1749263892,0.30190000,17304.10000000,0.3026
1749263892,0.30180000,20804.90000000,0.3026
1749263892,0.30170000,12485.60000000,0.3026
1749263892,0.30160000,8012.00000000,0.3026
1749263892,0.30150000,8743.90000000,0.3026
1749263892,0.30140000,4918.00000000,0.3026
1749263892,0.30130000,5676.10000000,0.3026
1749263892,0.30120000,11715.10000000,0.3026
1749263892,0.30110000,15223.90000000,0.3026
1749263892,0.30100000,4189.40000000,0.3026
1749263892,0.30090000,7522.20000000,0.3026
1749263892,0.30080000,6875.90000000,0.3026
1749263892,0.30070000,2893.00000000,0.3026
1749263892,0.30060000,10764.30000000,0.3026
1749263892,0.30050000,3569.50000000,0.3026
1749263892,0.30040000,4164.40000000,0.3026
1749263892,0.30030000,9085.60000000,0.3026
1749263892,0.30020000,6262.80000000,0.3026
1749263892,0.30010000,868.40000000,0.3026
1749263892,0.30000000,10865.70000000,0.3026
1749263892,0.29990000,111786.70000000,0.3026
1749263892,0.29980000,4145.60000000,0.3026
1749263892,0.29970000,40823.60000000,0.3026
1749263892,0.29960000,4224.60000000,0.3026
1749263892,0.29950000,5898.10000000,0.3026
1749263892,0.29940000,27034.80000000,0.3026
1749263892,0.29930000,928.60000000,0.3026
1749263892,0.29920000,4224.70000000,0.3026
1749263892,0.29910000,7482.70000000,0.3026
1749263892,0.29900000,4305.70000000,0.3026
1749263892,0.29890000,928.60000000,0.3026
1749263892,0.29880000,10956.10000000,0.3026
1749263892,0.29870000,928.60000000,0.3026
1749263892,0.29860000,928.70000000,0.3026
1749263892,0.29850000,10355.90000000,0.3026
1749263892,0.29840000,13065.80000000,0.3026
1749263892,0.29830000,3370.70000000,0.3026
1749263892,0.29820000,6702.10000000,0.3026
1749263892,0.29810000,3370.70000000,0.3026
1749263892,0.29800000,212.60000000,0.3026
1749263892,0.29790000,14996.10000000,0.3026
1749263892,0.29780000,1778.00000000,0.3026
1749263892,0.29770000,36935.60000000,0.3026
1749263892,0.29760000,6647.80000000,0.3026
1749263892,0.29750000,3370.70000000,0.3026
1749263892,0.29740000,8078.50000000,0.3026
1749263892,0.29730000,9925.00000000,0.3026
1749263892,0.29720000,115.70000000,0.3026
1749263892,0.29710000,3370.80000000,0.3026
1749263892,0.29700000,6747.90000000,0.3026
1749263892,0.29690000,3370.80000000,0.3026
1749263892,0.29680000,93.70000000,0.3026
1749263892,0.29670000,9925.00000000,0.3026
1749263892,0.29660000,93.80000000,0.3026
1749263892,0.29650000,3370.90000000,0.3026
1749263892,0.29640000,93.30000000,0.3026
1749263892,0.29630000,3392.40000000,0.3026
1749263892,0.29620000,302.70000000,0.3026
1749263892,0.29610000,3370.40000000,0.3026
1749263892,0.29600000,193.30000000,0.3026
1749263892,0.29590000,289.70000000,0.3026
1749263892,0.29580000,3370.40000000,0.3026
1749263892,0.29570000,366.60000000,0.3026
1749263892,0.29560000,113.70000000,0.3026
1749263892,0.29550000,3370.40000000,0.3026
1749263892,0.29540000,93.30000000,0.3026
1749263892,0.29530000,93.30000000,0.3026
1749263892,0.29520000,3387.90000000,0.3026
1749263892,0.29510000,93.30000000,0.3026
1749263892,0.29500000,440.20000000,0.3026
1749263892,0.29490000,3337.10000000,0.3026
1749263892,0.29480000,60.00000000,0.3026
1749263892,0.29470000,60.00000000,0.3026
1749263892,0.29460000,5128.20000000,0.3026
1749263892,0.29450000,60.00000000,0.3026
1749263892,0.29440000,60.00000000,0.3026
1749263892,0.29430000,3337.10000000,0.3026
1749263892,0.29420000,60.00000000,0.3026
1749263892,0.29410000,161.90000000,0.3026
1749263892,0.29400000,9818.00000000,0.3026
1749263892,0.29390000,227.50000000,0.3026
1749263892,0.29380000,60.00000000,0.3026
1749263892,0.29370000,3337.10000000,0.3026
1749263892,0.29360000,60.00000000,0.3026
1749263892,0.29350000,60.00000000,0.3026
1749263892,0.29340000,60.00000000,0.3026
1749263892,0.29330000,1007.20000000,0.3026
1749263892,0.29320000,60.00000000,0.3026
1749263892,0.29310000,82.00000000,0.3026
1749263892,0.29300000,253.80000000,0.3026
1749263892,0.29290000,2004.10000000,0.3026
1749263892,0.29280000,60.00000000,0.3026
1749263892,0.29270000,60.00000000,0.3026
1749264194,0.30220000,1003.10000000,0.3023
1749264194,0.30210000,8674.00000000,0.3023
1749264194,0.30200000,12627.10000000,0.3023
1749264194,0.30190000,13217.30000000,0.3023
1749264194,0.30180000,17541.00000000,0.3023
1749264194,0.30170000,19774.20000000,0.3023
1749264194,0.30160000,53800.00000000,0.3023
1749264194,0.30150000,29089.60000000,0.3023
1749264194,0.30140000,6131.60000000,0.3023
1749264194,0.30130000,4223.70000000,0.3023
1749264194,0.30120000,11007.60000000,0.3023
1749264194,0.30110000,2750.70000000,0.3023
1749264194,0.30100000,4189.40000000,0.3023
1749264194,0.30090000,8192.50000000,0.3023
1749264194,0.30080000,5516.80000000,0.3023
1749264194,0.30070000,15592.30000000,0.3023
1749264194,0.30060000,10739.30000000,0.3023
1749264194,0.30050000,216119.20000000,0.3023
1749264194,0.30040000,4164.40000000,0.3023
1749264194,0.30030000,9184.10000000,0.3023
1749264194,0.30020000,4164.50000000,0.3023
1749264194,0.30010000,1773.90000000,0.3023
1749264194,0.30000000,12984.40000000,0.3023
1749264194,0.29990000,921.50000000,0.3023
1749264194,0.29980000,4205.60000000,0.3023
1749264194,0.29970000,7482.70000000,0.3023
1749264194,0.29960000,4224.60000000,0.3023
1749264194,0.29950000,39250.10000000,0.3023
1749264194,0.29940000,11159.80000000,0.3023
1749264194,0.29930000,928.60000000,0.3023
1749264194,0.29920000,20096.70000000,0.3023
1749264194,0.29910000,7482.70000000,0.3023
1749264194,0.29900000,4305.70000000,0.3023
1749264194,0.29890000,928.60000000,0.3023
1749264194,0.29880000,10956.10000000,0.3023
1749264194,0.29870000,928.60000000,0.3023
1749264194,0.29860000,93.50000000,0.3023
1749264194,0.29850000,11165.90000000,0.3023
1749264194,0.29840000,13065.80000000,0.3023
1749264194,0.29830000,4180.70000000,0.3023
1749264194,0.29820000,6702.10000000,0.3023
1749264194,0.29810000,3370.70000000,0.3023
1749264194,0.29800000,212.60000000,0.3023
1749264194,0.29790000,9961.70000000,0.3023
1749264194,0.29780000,1778.00000000,0.3023
1749264194,0.29770000,36935.60000000,0.3023
1749264194,0.29760000,6647.80000000,0.3023
1749264194,0.29750000,3370.70000000,0.3023
1749264194,0.29740000,5136.50000000,0.3023
1749264194,0.29730000,9925.00000000,0.3023
1749264194,0.29720000,115.70000000,0.3023
1749264194,0.29710000,3370.80000000,0.3023
1749264194,0.29700000,6747.90000000,0.3023
1749264194,0.29690000,3370.80000000,0.3023
1749264194,0.29680000,93.70000000,0.3023
1749264194,0.29670000,9925.00000000,0.3023
1749264194,0.29660000,93.80000000,0.3023
1749264194,0.29650000,3370.90000000,0.3023
1749264194,0.29640000,93.30000000,0.3023
1749264194,0.29630000,3392.40000000,0.3023
1749264194,0.29620000,302.70000000,0.3023
1749264194,0.29610000,3370.40000000,0.3023
1749264194,0.29600000,193.30000000,0.3023
1749264194,0.29590000,289.70000000,0.3023
1749264194,0.29580000,3370.40000000,0.3023
1749264194,0.29570000,366.60000000,0.3023
1749264194,0.29560000,113.70000000,0.3023
1749264194,0.29550000,3370.40000000,0.3023
1749264194,0.29540000,93.30000000,0.3023
1749264194,0.29530000,93.30000000,0.3023
1749264194,0.29520000,3387.90000000,0.3023
1749264194,0.29510000,93.10000000,0.3023
1749264194,0.29500000,473.30000000,0.3023
1749264194,0.29490000,3370.20000000,0.3023
1749264194,0.29480000,93.10000000,0.3023
1749264194,0.29470000,93.10000000,0.3023
1749264194,0.29460000,5128.20000000,0.3023
1749264194,0.29450000,60.00000000,0.3023
1749264194,0.29440000,60.00000000,0.3023
1749264194,0.29430000,3337.10000000,0.3023
1749264194,0.29420000,161.80000000,0.3023
1749264194,0.29410000,60.00000000,0.3023
1749264194,0.29400000,9818.00000000,0.3023
1749264194,0.29390000,227.50000000,0.3023
1749264194,0.29380000,60.00000000,0.3023
1749264194,0.29370000,60.00000000,0.3023
1749264194,0.29360000,60.00000000,0.3023
1749264194,0.29350000,60.00000000,0.3023
1749264194,0.29340000,60.00000000,0.3023
1749264194,0.29330000,1007.20000000,0.3023
1749264194,0.29320000,60.00000000,0.3023
1749264194,0.29310000,82.00000000,0.3023
1749264194,0.29300000,253.80000000,0.3023
1749264194,0.29290000,2004.10000000,0.3023
1749264194,0.29280000,60.00000000,0.3023
1749264194,0.29270000,60.00000000,0.3023
1749264194,0.29260000,60.00000000,0.3023
1749264194,0.29250000,60.00000000,0.3023
1749264194,0.29240000,80.50000000,0.3023
1749264194,0.29230000,60.00000000,0.3023
1749264495,0.30310000,4102.40000000,0.3031
1749264495,0.30300000,7234.20000000,0.3031
1749264495,0.30290000,15660.10000000,0.3031
1749264495,0.30280000,11692.80000000,0.3031
1749264495,0.30270000,19804.20000000,0.3031
1749264495,0.30260000,21405.00000000,0.3031
1749264495,0.30250000,17957.60000000,0.3031
1749264495,0.30240000,19378.10000000,0.3031
1749264495,0.30230000,23177.90000000,0.3031
1749264495,0.30220000,14078.90000000,0.3031
1749264495,0.30210000,15832.50000000,0.3031
1749264495,0.30200000,5096.00000000,0.3031
1749264495,0.30190000,4478.80000000,0.3031
1749264495,0.30180000,22522.10000000,0.3031
1749264495,0.30170000,4556.50000000,0.3031
1749264495,0.30160000,2053.40000000,0.3031
1749264495,0.30150000,10184.90000000,0.3031
1749264495,0.30140000,4189.10000000,0.3031
1749264495,0.30130000,2364.50000000,0.3031
1749264495,0.30120000,13027.10000000,0.3031
1749264495,0.30110000,2648.80000000,0.3031
1749264495,0.30100000,5015.50000000,0.3031
1749264495,0.30090000,7497.20000000,0.3031
1749264495,0.30080000,9444.40000000,0.3031
1749264495,0.30070000,868.30000000,0.3031
1749264495,0.30060000,10720.30000000,0.3031
1749264495,0.30050000,216119.20000000,0.3031
1749264495,0.30040000,4164.40000000,0.3031
1749264495,0.30030000,40696.80000000,0.3031
1749264495,0.30020000,20037.50000000,0.3031
1749264495,0.30010000,928.40000000,0.3031
1749264495,0.30000000,12425.70000000,0.3031
1749264495,0.29990000,947.70000000,0.3031
1749264495,0.29980000,4205.60000000,0.3031
1749264495,0.29970000,7482.70000000,0.3031
1749264495,0.29960000,4224.60000000,0.3031
1749264495,0.29950000,5898.10000000,0.3031
1749264495,0.29940000,11159.80000000,0.3031
1749264495,0.29930000,118.60000000,0.3031
1749264495,0.29920000,16333.30000000,0.3031
1749264495,0.29910000,7102.90000000,0.3031
1749264495,0.29900000,3470.60000000,0.3031
1749264495,0.29890000,93.50000000,0.3031
1749264495,0.29880000,10121.00000000,0.3031
1749264495,0.29870000,93.50000000,0.3031
1749264495,0.29860000,93.50000000,0.3031
1749264495,0.29850000,9924.80000000,0.3031
1749264495,0.29840000,112.60000000,0.3031
1749264495,0.29830000,3370.70000000,0.3031
1749264495,0.29820000,11731.40000000,0.3031
1749264495,0.29810000,3370.70000000,0.3031
1749264495,0.29800000,193.60000000,0.3031
1749264495,0.29790000,9961.70000000,0.3031
1749264495,0.29780000,1778.00000000,0.3031
1749264495,0.29770000,36935.60000000,0.3031
1749264495,0.29760000,6647.80000000,0.3031
1749264495,0.29750000,3370.70000000,0.3031
1749264495,0.29740000,93.70000000,0.3031
1749264495,0.29730000,9925.00000000,0.3031
1749264495,0.29720000,115.70000000,0.3031
1749264495,0.29710000,3370.80000000,0.3031
1749264495,0.29700000,6747.90000000,0.3031
1749264495,0.29690000,3370.80000000,0.3031
1749264495,0.29680000,93.70000000,0.3031
1749264495,0.29670000,3370.80000000,0.3031
1749264495,0.29660000,93.80000000,0.3031
1749264495,0.29650000,3370.90000000,0.3031
1749264495,0.29640000,93.30000000,0.3031
1749264495,0.29630000,3392.40000000,0.3031
1749264495,0.29620000,302.70000000,0.3031
1749264495,0.29610000,3370.40000000,0.3031
1749264495,0.29600000,193.30000000,0.3031
1749264495,0.29590000,289.70000000,0.3031
1749264495,0.29580000,3370.40000000,0.3031
1749264495,0.29570000,366.60000000,0.3031
1749264495,0.29560000,113.70000000,0.3031
1749264495,0.29550000,3337.10000000,0.3031
1749264495,0.29540000,60.00000000,0.3031
1749264495,0.29530000,60.00000000,0.3031
1749264495,0.29520000,3354.60000000,0.3031
1749264495,0.29510000,60.00000000,0.3031
1749264495,0.29500000,440.20000000,0.3031
1749264495,0.29490000,3337.10000000,0.3031
1749264495,0.29480000,60.00000000,0.3031
1749264495,0.29470000,60.00000000,0.3031
1749264495,0.29460000,5128.20000000,0.3031
1749264495,0.29450000,60.00000000,0.3031
1749264495,0.29440000,60.00000000,0.3031
1749264495,0.29430000,3337.10000000,0.3031
1749264495,0.29420000,60.00000000,0.3031
1749264495,0.29410000,161.90000000,0.3031
1749264495,0.29400000,6540.90000000,0.3031
1749264495,0.29390000,227.50000000,0.3031
1749264495,0.29380000,60.00000000,0.3031
1749264495,0.29370000,60.00000000,0.3031
1749264495,0.29360000,60.00000000,0.3031
1749264495,0.29350000,60.00000000,0.3031
1749264495,0.29340000,60.00000000,0.3031
1749264495,0.29330000,1007.20000000,0.3031
1749264495,0.29320000,60.00000000,0.3031
1749264797,0.30290000,4916.90000000,0.3029
1749264797,0.30280000,7201.10000000,0.3029
1749264797,0.30270000,13044.60000000,0.3029
1749264797,0.30260000,11287.70000000,0.3029
1749264797,0.30250000,17779.00000000,0.3029
1749264797,0.30240000,15341.80000000,0.3029
1749264797,0.30230000,27832.50000000,0.3029
1749264797,0.30220000,21661.10000000,0.3029
1749264797,0.30210000,33587.60000000,0.3029
1749264797,0.30200000,1522.40000000,0.3029
1749264797,0.30190000,4475.60000000,0.3029
1749264797,0.30180000,10761.10000000,0.3029
1749264797,0.30170000,6367.90000000,0.3029
1749264797,0.30160000,1852.70000000,0.3029
1749264797,0.30150000,10184.90000000,0.3029
1749264797,0.30140000,20037.40000000,0.3029
1749264797,0.30130000,2364.50000000,0.3029
1749264797,0.30120000,15114.80000000,0.3029
1749264797,0.30110000,868.20000000,0.3029
1749264797,0.30100000,4164.40000000,0.3029
1749264797,0.30090000,7497.20000000,0.3029
1749264797,0.30080000,5216.10000000,0.3029
1749264797,0.30070000,1559.90000000,0.3029
1749264797,0.30060000,10739.30000000,0.3029
1749264797,0.30050000,216119.20000000,0.3029
1749264797,0.30040000,4224.40000000,0.3029
1749264797,0.30030000,7482.60000000,0.3029
1749264797,0.30020000,37490.80000000,0.3029
1749264797,0.30010000,928.40000000,0.3029
1749264797,0.30000000,28268.70000000,0.3029
1749264797,0.29990000,947.70000000,0.3029
1749264797,0.29980000,4205.60000000,0.3029
1749264797,0.29970000,7482.70000000,0.3029
1749264797,0.29960000,4224.60000000,0.3029
1749264797,0.29950000,5898.10000000,0.3029
1749264797,0.29940000,11159.80000000,0.3029
1749264797,0.29930000,118.60000000,0.3029
1749264797,0.29920000,4199.60000000,0.3029
1749264797,0.29910000,20809.80000000,0.3029
1749264797,0.29900000,4280.60000000,0.3029
1749264797,0.29890000,93.50000000,0.3029
1749264797,0.29880000,10931.00000000,0.3029
1749264797,0.29870000,93.50000000,0.3029
1749264797,0.29860000,903.50000000,0.3029
1749264797,0.29850000,9924.80000000,0.3029
1749264797,0.29840000,112.60000000,0.3029
1749264797,0.29830000,3370.70000000,0.3029
1749264797,0.29820000,6702.10000000,0.3029
1749264797,0.29810000,8401.70000000,0.3029
1749264797,0.29800000,193.60000000,0.3029
1749264797,0.29790000,43492.80000000,0.3029
1749264797,0.29780000,1778.00000000,0.3029
1749264797,0.29770000,3370.70000000,0.3029
1749264797,0.29760000,6647.80000000,0.3029
1749264797,0.29750000,3706.80000000,0.3029
1749264797,0.29740000,93.70000000,0.3029
1749264797,0.29730000,9925.00000000,0.3029
1749264797,0.29720000,115.70000000,0.3029
1749264797,0.29710000,3370.80000000,0.3029
1749264797,0.29700000,193.70000000,0.3029
1749264797,0.29690000,3370.80000000,0.3029
1749264797,0.29680000,93.70000000,0.3029
1749264797,0.29670000,3370.80000000,0.3029
1749264797,0.29660000,93.80000000,0.3029
1749264797,0.29650000,3370.90000000,0.3029
1749264797,0.29640000,93.30000000,0.3029
1749264797,0.29630000,3519.10000000,0.3029
1749264797,0.29620000,302.70000000,0.3029
1749264797,0.29610000,3370.40000000,0.3029
1749264797,0.29600000,193.30000000,0.3029
1749264797,0.29590000,289.70000000,0.3029
1749264797,0.29580000,3370.40000000,0.3029
1749264797,0.29570000,366.30000000,0.3029
1749264797,0.29560000,113.40000000,0.3029
1749264797,0.29550000,3370.10000000,0.3029
1749264797,0.29540000,93.00000000,0.3029
1749264797,0.29530000,60.00000000,0.3029
1749264797,0.29520000,3354.60000000,0.3029
1749264797,0.29510000,60.00000000,0.3029
1749264797,0.29500000,541.80000000,0.3029
1749264797,0.29490000,3337.10000000,0.3029
1749264797,0.29480000,60.00000000,0.3029
1749264797,0.29470000,60.00000000,0.3029
1749264797,0.29460000,5128.20000000,0.3029
1749264797,0.29450000,60.00000000,0.3029
1749264797,0.29440000,60.00000000,0.3029
1749264797,0.29430000,60.00000000,0.3029
1749264797,0.29420000,60.00000000,0.3029
1749264797,0.29410000,60.00000000,0.3029
1749264797,0.29400000,6540.90000000,0.3029
1749264797,0.29390000,100.00000000,0.3029
1749264797,0.29380000,60.00000000,0.3029
1749264797,0.29370000,60.00000000,0.3029
1749264797,0.29360000,60.00000000,0.3029
1749264797,0.29350000,60.00000000,0.3029
1749264797,0.29340000,60.00000000,0.3029
1749264797,0.29330000,1007.20000000,0.3029
1749264797,0.29320000,60.00000000,0.3029
1749264797,0.29310000,82.00000000,0.3029
1749264797,0.29300000,253.80000000,0.3029
1749265099,0.30300000,1183.20000000,0.303
1749265099,0.30290000,5488.60000000,0.303
1749265099,0.30280000,12464.20000000,0.303
1749265099,0.30270000,20802.00000000,0.303
1749265099,0.30260000,13255.50000000,0.303
1749265099,0.30250000,26549.80000000,0.303
1749265099,0.30240000,33835.30000000,0.303
1749265099,0.30230000,20981.00000000,0.303
1749265099,0.30220000,19579.90000000,0.303
1749265099,0.30210000,7673.50000000,0.303
1749265099,0.30200000,1387.20000000,0.303
1749265099,0.30190000,4244.80000000,0.303
1749265099,0.30180000,10940.60000000,0.303
1749265099,0.30170000,9026.40000000,0.303
1749265099,0.30160000,13576.00000000,0.303
1749265099,0.30150000,10184.90000000,0.303
1749265099,0.30140000,6297.90000000,0.303
1749265099,0.30130000,2364.50000000,0.303
1749265099,0.30120000,10718.40000000,0.303
1749265099,0.30110000,1661.00000000,0.303
1749265099,0.30100000,4164.40000000,0.303
1749265099,0.30090000,7497.20000000,0.303
1749265099,0.30080000,4164.40000000,0.303
1749265099,0.30070000,868.30000000,0.303
1749265099,0.30060000,10720.30000000,0.303
1749265099,0.30050000,216119.20000000,0.303
1749265099,0.30040000,4224.40000000,0.303
1749265099,0.30030000,7482.60000000,0.303
1749265099,0.30020000,4205.50000000,0.303
1749265099,0.30010000,928.40000000,0.303
1749265099,0.30000000,28254.70000000,0.303
1749265099,0.29990000,947.70000000,0.303
1749265099,0.29980000,4205.60000000,0.303
1749265099,0.29970000,7912.10000000,0.303
1749265099,0.29960000,4224.60000000,0.303
1749265099,0.29950000,5898.10000000,0.303
1749265099,0.29940000,11159.80000000,0.303
1749265099,0.29930000,118.60000000,0.303
1749265099,0.29920000,4199.60000000,0.303
1749265099,0.29910000,6647.60000000,0.303
1749265099,0.29900000,3470.60000000,0.303
1749265099,0.29890000,13025.10000000,0.303
1749265099,0.29880000,10121.00000000,0.303
1749265099,0.29870000,93.50000000,0.303
1749265099,0.29860000,93.50000000,0.303
1749265099,0.29850000,9924.80000000,0.303
1749265099,0.29840000,5119.50000000,0.303
1749265099,0.29830000,3370.70000000,0.303
1749265099,0.29820000,6702.10000000,0.303
1749265099,0.29810000,3370.70000000,0.303
1749265099,0.29800000,193.60000000,0.303
1749265099,0.29790000,43492.80000000,0.303
1749265099,0.29780000,1778.00000000,0.303
1749265099,0.29770000,3370.70000000,0.303
1749265099,0.29760000,6647.80000000,0.303
1749265099,0.29750000,3706.80000000,0.303
1749265099,0.29740000,93.70000000,0.303
1749265099,0.29730000,9925.00000000,0.303
1749265099,0.29720000,115.70000000,0.303
1749265099,0.29710000,3370.80000000,0.303
1749265099,0.29700000,193.70000000,0.303
1749265099,0.29690000,3370.80000000,0.303
1749265099,0.29680000,93.70000000,0.303
1749265099,0.29670000,3370.80000000,0.303
1749265099,0.29660000,93.80000000,0.303
1749265099,0.29650000,3370.90000000,0.303
1749265099,0.29640000,93.30000000,0.303
1749265099,0.29630000,3519.10000000,0.303
1749265099,0.29620000,302.70000000,0.303
1749265099,0.29610000,3370.40000000,0.303
1749265099,0.29600000,193.30000000,0.303
1749265099,0.29590000,289.70000000,0.303
1749265099,0.29580000,3370.40000000,0.303
1749265099,0.29570000,366.30000000,0.303
1749265099,0.29560000,113.40000000,0.303
1749265099,0.29550000,3370.10000000,0.303
1749265099,0.29540000,60.00000000,0.303
1749265099,0.29530000,60.00000000,0.303
1749265099,0.29520000,3354.60000000,0.303
1749265099,0.29510000,60.00000000,0.303
1749265099,0.29500000,440.20000000,0.303
1749265099,0.29490000,3337.10000000,0.303
1749265099,0.29480000,161.60000000,0.303
1749265099,0.29470000,60.00000000,0.303
1749265099,0.29460000,5128.20000000,0.303
1749265099,0.29450000,60.00000000,0.303
1749265099,0.29440000,60.00000000,0.303
1749265099,0.29430000,60.00000000,0.303
1749265099,0.29420000,60.00000000,0.303
1749265099,0.29410000,60.00000000,0.303
1749265099,0.29400000,6540.90000000,0.303
1749265099,0.29390000,100.00000000,0.303
1749265099,0.29380000,60.00000000,0.303
1749265099,0.29370000,60.00000000,0.303
1749265099,0.29360000,60.00000000,0.303
1749265099,0.29350000,60.00000000,0.303
1749265099,0.29340000,60.00000000,0.303
1749265099,0.29330000,1007.20000000,0.303
1749265099,0.29320000,60.00000000,0.303
1749265099,0.29310000,82.00000000,0.303
1749265403,0.30390000,17440.60000000,0.304
1749265403,0.30380000,16178.00000000,0.304
1749265403,0.30370000,20569.40000000,0.304
1749265403,0.30360000,21932.40000000,0.304
1749265403,0.30350000,29955.00000000,0.304
1749265403,0.30340000,21299.30000000,0.304
1749265403,0.30330000,11573.40000000,0.304
1749265403,0.30320000,11156.10000000,0.304
1749265403,0.30310000,17922.20000000,0.304
1749265403,0.30300000,13694.70000000,0.304
1749265403,0.30290000,6826.60000000,0.304
1749265403,0.30280000,7673.70000000,0.304
1749265403,0.30270000,5208.50000000,0.304
1749265403,0.30260000,11841.50000000,0.304
1749265403,0.30250000,12539.60000000,0.304
1749265403,0.30240000,16013.70000000,0.304
1749265403,0.30230000,4169.80000000,0.304
1749265403,0.30220000,9623.60000000,0.304
1749265403,0.30210000,4170.00000000,0.304
1749265403,0.30200000,911.90000000,0.304
1749265403,0.30190000,4244.80000000,0.304
1749265403,0.30180000,10018.50000000,0.304
1749265403,0.30170000,4512.60000000,0.304
1749265403,0.30160000,887.10000000,0.304
1749265403,0.30150000,8525.20000000,0.304
1749265403,0.30140000,211323.10000000,0.304
1749265403,0.30130000,2339.60000000,0.304
1749265403,0.30120000,46003.40000000,0.304
1749265403,0.30110000,18444.40000000,0.304
1749265403,0.30100000,4305.40000000,0.304
1749265403,0.30090000,7577.60000000,0.304
1749265403,0.30080000,4224.40000000,0.304
1749265403,0.30070000,928.30000000,0.304
1749265403,0.30060000,10780.30000000,0.304
1749265403,0.30050000,1104.90000000,0.304
1749265403,0.30040000,4224.40000000,0.304
1749265403,0.30030000,7882.60000000,0.304
1749265403,0.30020000,4205.50000000,0.304
1749265403,0.30010000,928.40000000,0.304
1749265403,0.30000000,25309.90000000,0.304
1749265403,0.29990000,947.70000000,0.304
1749265403,0.29980000,3370.50000000,0.304
1749265403,0.29970000,7077.00000000,0.304
1749265403,0.29960000,3389.50000000,0.304
1749265403,0.29950000,5063.00000000,0.304
1749265403,0.29940000,9942.20000000,0.304
1749265403,0.29930000,93.50000000,0.304
1749265403,0.29920000,3389.60000000,0.304
1749265403,0.29910000,6647.60000000,0.304
1749265403,0.29900000,8486.50000000,0.304
1749265403,0.29890000,93.50000000,0.304
1749265403,0.29880000,43366.10000000,0.304
1749265403,0.29870000,93.50000000,0.304
1749265403,0.29860000,93.50000000,0.304
1749265403,0.29850000,9924.80000000,0.304
1749265403,0.29840000,93.60000000,0.304
1749265403,0.29830000,3370.70000000,0.304
1749265403,0.29820000,6702.10000000,0.304
1749265403,0.29810000,3370.70000000,0.304
1749265403,0.29800000,193.60000000,0.304
1749265403,0.29790000,9961.70000000,0.304
1749265403,0.29780000,1778.00000000,0.304
1749265403,0.29770000,3425.80000000,0.304
1749265403,0.29760000,93.60000000,0.304
1749265403,0.29750000,3706.80000000,0.304
1749265403,0.29740000,93.70000000,0.304
1749265403,0.29730000,3370.80000000,0.304
1749265403,0.29720000,115.70000000,0.304
1749265403,0.29710000,3370.80000000,0.304
1749265403,0.29700000,193.70000000,0.304
1749265403,0.29690000,3370.80000000,0.304
1749265403,0.29680000,93.70000000,0.304
1749265403,0.29670000,3370.80000000,0.304
1749265403,0.29660000,93.80000000,0.304
1749265403,0.29650000,3370.90000000,0.304
1749265403,0.29640000,93.30000000,0.304
1749265403,0.29630000,3485.80000000,0.304
1749265403,0.29620000,269.40000000,0.304
1749265403,0.29610000,3337.10000000,0.304
1749265403,0.29600000,160.00000000,0.304
1749265403,0.29590000,256.40000000,0.304
1749265403,0.29580000,3337.10000000,0.304
1749265403,0.29570000,333.30000000,0.304
1749265403,0.29560000,80.40000000,0.304
1749265403,0.29550000,3337.10000000,0.304
1749265403,0.29540000,60.00000000,0.304
1749265403,0.29530000,60.00000000,0.304
1749265403,0.29520000,179.00000000,0.304
1749265403,0.29510000,60.00000000,0.304
1749265403,0.29500000,440.20000000,0.304
1749265403,0.29490000,60.00000000,0.304
1749265403,0.29480000,60.00000000,0.304
1749265403,0.29470000,60.00000000,0.304
1749265403,0.29460000,1851.10000000,0.304
1749265403,0.29450000,60.00000000,0.304
1749265403,0.29440000,60.00000000,0.304
1749265403,0.29430000,60.00000000,0.304
1749265403,0.29420000,60.00000000,0.304
1749265403,0.29410000,60.00000000,0.304
1749265403,0.29400000,6540.90000000,0.304
1749265710,0.30430000,14429.90000000,0.3044
1749265710,0.30420000,17252.90000000,0.3044
1749265710,0.30410000,16440.40000000,0.3044
1749265710,0.30400000,21833.50000000,0.3044
1749265710,0.30390000,32522.90000000,0.3044
1749265710,0.30380000,28154.20000000,0.3044
1749265710,0.30370000,26498.80000000,0.3044
1749265710,0.30360000,10684.80000000,0.3044
1749265710,0.30350000,9911.80000000,0.3044
1749265710,0.30340000,10180.10000000,0.3044
1749265710,0.30330000,4403.90000000,0.3044
1749265710,0.30320000,3018.40000000,0.3044
1749265710,0.30310000,26066.90000000,0.3044
1749265710,0.30300000,2556.00000000,0.3044
1749265710,0.30290000,5879.30000000,0.3044
1749265710,0.30280000,207746.90000000,0.3044
1749265710,0.30270000,6983.20000000,0.3044
1749265710,0.30260000,6392.10000000,0.3044
1749265710,0.30250000,10889.20000000,0.3044
1749265710,0.30240000,1580.90000000,0.3044
1749265710,0.30230000,4145.00000000,0.3044
1749265710,0.30220000,7606.60000000,0.3044
1749265710,0.30210000,4145.10000000,0.3044
1749265710,0.30200000,887.00000000,0.3044
1749265710,0.30190000,4219.90000000,0.3044
1749265710,0.30180000,7422.30000000,0.3044
1749265710,0.30170000,37632.40000000,0.3044
1749265710,0.30160000,947.10000000,0.3044
1749265710,0.30150000,24339.20000000,0.3044
1749265710,0.30140000,4205.20000000,0.3044
1749265710,0.30130000,15228.20000000,0.3044
1749265710,0.30120000,11178.40000000,0.3044
1749265710,0.30110000,2712.40000000,0.3044
1749265710,0.30100000,4305.40000000,0.3044
1749265710,0.30090000,7577.60000000,0.3044
1749265710,0.30080000,4224.40000000,0.3044
1749265710,0.30070000,928.30000000,0.3044
1749265710,0.30060000,10780.30000000,0.3044
1749265710,0.30050000,294.90000000,0.3044
1749265710,0.30040000,3842.70000000,0.3044
1749265710,0.30030000,6647.60000000,0.3044
1749265710,0.30020000,3370.50000000,0.3044
1749265710,0.30010000,93.40000000,0.3044
1749265710,0.30000000,12557.50000000,0.3044
1749265710,0.29990000,112.70000000,0.3044
1749265710,0.29980000,3370.50000000,0.3044
1749265710,0.29970000,11651.70000000,0.3044
1749265710,0.29960000,3370.50000000,0.3044
1749265710,0.29950000,5063.00000000,0.3044
1749265710,0.29940000,9942.20000000,0.3044
1749265710,0.29930000,93.50000000,0.3044
1749265710,0.29920000,3370.60000000,0.3044
1749265710,0.29910000,6647.60000000,0.3044
1749265710,0.29900000,3470.60000000,0.3044
1749265710,0.29890000,93.50000000,0.3044
1749265710,0.29880000,43366.10000000,0.3044
1749265710,0.29870000,93.50000000,0.3044
1749265710,0.29860000,93.50000000,0.3044
1749265710,0.29850000,9924.80000000,0.3044
1749265710,0.29840000,93.60000000,0.3044
1749265710,0.29830000,3370.70000000,0.3044
1749265710,0.29820000,6702.10000000,0.3044
1749265710,0.29810000,3370.70000000,0.3044
1749265710,0.29800000,193.60000000,0.3044
1749265710,0.29790000,3407.50000000,0.3044
1749265710,0.29780000,1778.00000000,0.3044
1749265710,0.29770000,3425.80000000,0.3044
1749265710,0.29760000,93.60000000,0.3044
1749265710,0.29750000,3706.80000000,0.3044
1749265710,0.29740000,93.70000000,0.3044
1749265710,0.29730000,3370.80000000,0.3044
1749265710,0.29720000,115.70000000,0.3044
1749265710,0.29710000,3370.80000000,0.3044
1749265710,0.29700000,193.70000000,0.3044
1749265710,0.29690000,3370.80000000,0.3044
1749265710,0.29680000,92.90000000,0.3044
1749265710,0.29670000,3337.10000000,0.3044
1749265710,0.29660000,60.00000000,0.3044
1749265710,0.29650000,3337.10000000,0.3044
1749265710,0.29640000,161.10000000,0.3044
1749265710,0.29630000,3485.80000000,0.3044
1749265710,0.29620000,269.40000000,0.3044
1749265710,0.29610000,60.00000000,0.3044
1749265710,0.29600000,160.00000000,0.3044
1749265710,0.29590000,256.40000000,0.3044
1749265710,0.29580000,60.00000000,0.3044
1749265710,0.29570000,333.30000000,0.3044
1749265710,0.29560000,80.40000000,0.3044
1749265710,0.29550000,60.00000000,0.3044
1749265710,0.29540000,60.00000000,0.3044
1749265710,0.29530000,60.00000000,0.3044
1749265710,0.29520000,77.50000000,0.3044
1749265710,0.29510000,60.00000000,0.3044
1749265710,0.29500000,440.20000000,0.3044
1749265710,0.29490000,60.00000000,0.3044
1749265710,0.29480000,60.00000000,0.3044
1749265710,0.29470000,60.00000000,0.3044
1749265710,0.29460000,1851.10000000,0.3044
1749265710,0.29450000,60.00000000,0.3044
1749265710,0.29440000,60.00000000,0.3044
1749266011,0.30470000,2617.70000000,0.3048
1749266011,0.30460000,7994.50000000,0.3048
1749266011,0.30450000,15917.60000000,0.3048
1749266011,0.30440000,20262.20000000,0.3048
1749266011,0.30430000,35987.50000000,0.3048
1749266011,0.30420000,23216.20000000,0.3048
1749266011,0.30410000,28635.90000000,0.3048
1749266011,0.30400000,14893.50000000,0.3048
1749266011,0.30390000,5762.10000000,0.3048
1749266011,0.30380000,6637.30000000,0.3048
1749266011,0.30370000,22808.20000000,0.3048
1749266011,0.30360000,5966.40000000,0.3048
1749266011,0.30350000,21683.10000000,0.3048
1749266011,0.30340000,8125.20000000,0.3048
1749266011,0.30330000,4169.70000000,0.3048
1749266011,0.30320000,11658.50000000,0.3048
1749266011,0.30310000,10723.90000000,0.3048
1749266011,0.30300000,2555.50000000,0.3048
1749266011,0.30290000,4244.50000000,0.3048
1749266011,0.30280000,7465.90000000,0.3048
1749266011,0.30270000,205885.80000000,0.3048
1749266011,0.30260000,886.90000000,0.3048
1749266011,0.30250000,10864.40000000,0.3048
1749266011,0.30240000,886.90000000,0.3048
1749266011,0.30230000,4162.00000000,0.3048
1749266011,0.30220000,7587.60000000,0.3048
1749266011,0.30210000,4145.10000000,0.3048
1749266011,0.30200000,937.00000000,0.3048
1749266011,0.30190000,53105.80000000,0.3048
1749266011,0.30180000,7482.30000000,0.3048
1749266011,0.30170000,4572.60000000,0.3048
1749266011,0.30160000,947.10000000,0.3048
1749266011,0.30150000,8585.20000000,0.3048
1749266011,0.30140000,17029.50000000,0.3048
1749266011,0.30130000,2399.60000000,0.3048
1749266011,0.30120000,11178.40000000,0.3048
1749266011,0.30110000,3139.80000000,0.3048
1749266011,0.30100000,3495.40000000,0.3048
1749266011,0.30090000,6767.60000000,0.3048
1749266011,0.30080000,3414.40000000,0.3048
1749266011,0.30070000,93.30000000,0.3048
1749266011,0.30060000,9945.30000000,0.3048
1749266011,0.30050000,269.90000000,0.3048
1749266011,0.30040000,3389.40000000,0.3048
1749266011,0.30030000,6647.60000000,0.3048
1749266011,0.30020000,3370.50000000,0.3048
1749266011,0.30010000,5090.80000000,0.3048
1749266011,0.30000000,12538.50000000,0.3048
1749266011,0.29990000,112.70000000,0.3048
1749266011,0.29980000,3370.50000000,0.3048
1749266011,0.29970000,39988.50000000,0.3048
1749266011,0.29960000,3370.50000000,0.3048
1749266011,0.29950000,5063.00000000,0.3048
1749266011,0.29940000,9942.20000000,0.3048
1749266011,0.29930000,93.50000000,0.3048
1749266011,0.29920000,3370.60000000,0.3048
1749266011,0.29910000,6647.60000000,0.3048
1749266011,0.29900000,3470.60000000,0.3048
1749266011,0.29890000,522.40000000,0.3048
1749266011,0.29880000,9924.80000000,0.3048
1749266011,0.29870000,93.50000000,0.3048
1749266011,0.29860000,93.50000000,0.3048
1749266011,0.29850000,9924.80000000,0.3048
1749266011,0.29840000,93.60000000,0.3048
1749266011,0.29830000,3370.70000000,0.3048
1749266011,0.29820000,147.90000000,0.3048
1749266011,0.29810000,3370.70000000,0.3048
1749266011,0.29800000,193.60000000,0.3048
1749266011,0.29790000,3407.50000000,0.3048
1749266011,0.29780000,1778.00000000,0.3048
1749266011,0.29770000,3425.80000000,0.3048
1749266011,0.29760000,93.60000000,0.3048
1749266011,0.29750000,3706.80000000,0.3048
1749266011,0.29740000,93.70000000,0.3048
1749266011,0.29730000,3370.80000000,0.3048
1749266011,0.29720000,114.80000000,0.3048
1749266011,0.29710000,3337.10000000,0.3048
1749266011,0.29700000,160.00000000,0.3048
1749266011,0.29690000,3337.10000000,0.3048
1749266011,0.29680000,60.00000000,0.3048
1749266011,0.29670000,3337.10000000,0.3048
1749266011,0.29660000,60.00000000,0.3048
1749266011,0.29650000,3337.10000000,0.3048
1749266011,0.29640000,60.00000000,0.3048
1749266011,0.29630000,208.70000000,0.3048
1749266011,0.29620000,370.60000000,0.3048
1749266011,0.29610000,60.00000000,0.3048
1749266011,0.29600000,160.00000000,0.3048
1749266011,0.29590000,256.40000000,0.3048
1749266011,0.29580000,60.00000000,0.3048
1749266011,0.29570000,333.30000000,0.3048
1749266011,0.29560000,80.40000000,0.3048
1749266011,0.29550000,60.00000000,0.3048
1749266011,0.29540000,60.00000000,0.3048
1749266011,0.29530000,60.00000000,0.3048
1749266011,0.29520000,77.50000000,0.3048
1749266011,0.29510000,60.00000000,0.3048
1749266011,0.29500000,440.20000000,0.3048
1749266011,0.29490000,60.00000000,0.3048
1749266011,0.29480000,60.00000000,0.3048
1749266313,0.30390000,492.70000000,0.304
1749266313,0.30380000,2411.10000000,0.304
1749266313,0.30370000,5416.60000000,0.304
1749266313,0.30360000,11841.00000000,0.304
1749266313,0.30350000,10865.00000000,0.304
1749266313,0.30340000,16728.80000000,0.304
1749266313,0.30330000,72107.60000000,0.304
1749266313,0.30320000,158613.60000000,0.304
1749266313,0.30310000,19820.80000000,0.304
1749266313,0.30300000,15157.40000000,0.304
1749266313,0.30290000,4244.40000000,0.304
1749266313,0.30280000,9340.60000000,0.304
1749266313,0.30270000,6116.20000000,0.304
1749266313,0.30260000,886.90000000,0.304
1749266313,0.30250000,11626.30000000,0.304
1749266313,0.30240000,946.90000000,0.304
1749266313,0.30230000,6324.50000000,0.304
1749266313,0.30220000,7841.60000000,0.304
1749266313,0.30210000,4205.10000000,0.304
1749266313,0.30200000,1047.00000000,0.304
1749266313,0.30190000,4279.90000000,0.304
1749266313,0.30180000,8385.70000000,0.304
1749266313,0.30170000,4572.60000000,0.304
1749266313,0.30160000,16689.10000000,0.304
1749266313,0.30150000,41716.00000000,0.304
1749266313,0.30140000,4205.20000000,0.304
1749266313,0.30130000,2421.60000000,0.304
1749266313,0.30120000,11153.50000000,0.304
1749266313,0.30110000,2687.50000000,0.304
1749266313,0.30100000,4707.80000000,0.304
1749266313,0.30090000,7552.60000000,0.304
1749266313,0.30080000,4199.40000000,0.304
1749266313,0.30070000,93.30000000,0.304
1749266313,0.30060000,10755.30000000,0.304
1749266313,0.30050000,93.30000000,0.304
1749266313,0.30040000,4199.40000000,0.304
1749266313,0.30030000,7457.60000000,0.304
1749266313,0.30020000,4180.50000000,0.304
1749266313,0.30010000,93.40000000,0.304
1749266313,0.30000000,13367.50000000,0.304
1749266313,0.29990000,13001.20000000,0.304
1749266313,0.29980000,3370.50000000,0.304
1749266313,0.29970000,39988.50000000,0.304
1749266313,0.29960000,3370.50000000,0.304
1749266313,0.29950000,10070.40000000,0.304
1749266313,0.29940000,9942.20000000,0.304
1749266313,0.29930000,93.50000000,0.304
1749266313,0.29920000,3370.60000000,0.304
1749266313,0.29910000,6647.60000000,0.304
1749266313,0.29900000,3470.60000000,0.304
1749266313,0.29890000,522.40000000,0.304
1749266313,0.29880000,9924.80000000,0.304
1749266313,0.29870000,93.50000000,0.304
1749266313,0.29860000,93.50000000,0.304
1749266313,0.29850000,3370.60000000,0.304
1749266313,0.29840000,93.60000000,0.304
1749266313,0.29830000,3370.70000000,0.304
1749266313,0.29820000,147.90000000,0.304
1749266313,0.29810000,3370.70000000,0.304
1749266313,0.29800000,193.60000000,0.304
1749266313,0.29790000,3407.50000000,0.304
1749266313,0.29780000,1778.00000000,0.304
1749266313,0.29770000,3425.00000000,0.304
1749266313,0.29760000,92.80000000,0.304
1749266313,0.29750000,3706.00000000,0.304
1749266313,0.29740000,92.80000000,0.304
1749266313,0.29730000,3369.90000000,0.304
1749266313,0.29720000,114.80000000,0.304
1749266313,0.29710000,3397.20000000,0.304
1749266313,0.29700000,192.90000000,0.304
1749266313,0.29690000,92.90000000,0.304
1749266313,0.29680000,92.90000000,0.304
1749266313,0.29670000,92.90000000,0.304
1749266313,0.29660000,92.90000000,0.304
1749266313,0.29650000,194.00000000,0.304
1749266313,0.29640000,92.90000000,0.304
1749266313,0.29630000,208.70000000,0.304
1749266313,0.29620000,269.40000000,0.304
1749266313,0.29610000,60.00000000,0.304
1749266313,0.29600000,160.00000000,0.304
1749266313,0.29590000,256.40000000,0.304
1749266313,0.29580000,60.00000000,0.304
1749266313,0.29570000,333.30000000,0.304
1749266313,0.29560000,80.40000000,0.304
1749266313,0.29550000,60.00000000,0.304
1749266313,0.29540000,60.00000000,0.304
1749266313,0.29530000,60.00000000,0.304
1749266313,0.29520000,77.50000000,0.304
1749266313,0.29510000,60.00000000,0.304
1749266313,0.29500000,415.20000000,0.304
1749266313,0.29490000,60.00000000,0.304
1749266313,0.29480000,60.00000000,0.304
1749266313,0.29470000,60.00000000,0.304
1749266313,0.29460000,1851.10000000,0.304
1749266313,0.29450000,60.00000000,0.304
1749266313,0.29440000,60.00000000,0.304
1749266313,0.29430000,60.00000000,0.304
1749266313,0.29420000,60.00000000,0.304
1749266313,0.29410000,60.00000000,0.304
1749266313,0.29400000,6540.90000000,0.304
1749266624,0.30370000,3764.30000000,0.3038
1749266624,0.30360000,8843.30000000,0.3038
1749266624,0.30350000,8276.20000000,0.3038
1749266624,0.30340000,17036.90000000,0.3038
1749266624,0.30330000,19608.60000000,0.3038
1749266624,0.30320000,25690.00000000,0.3038
1749266624,0.30310000,21620.70000000,0.3038
1749266624,0.30300000,22818.40000000,0.3038
1749266624,0.30290000,40551.30000000,0.3038
1749266624,0.30280000,6925.30000000,0.3038
1749266624,0.30270000,2795.60000000,0.3038
1749266624,0.30260000,9100.60000000,0.3038
1749266624,0.30250000,20325.80000000,0.3038
1749266624,0.30240000,11131.40000000,0.3038
1749266624,0.30230000,9191.70000000,0.3038
1749266624,0.30220000,9663.40000000,0.3038
1749266624,0.30210000,5878.70000000,0.3038
1749266624,0.30200000,1071.80000000,0.3038
1749266624,0.30190000,9071.90000000,0.3038
1749266624,0.30180000,8337.40000000,0.3038
1749266624,0.30170000,4572.60000000,0.3038
1749266624,0.30160000,192170.70000000,0.3038
1749266624,0.30150000,8585.20000000,0.3038
1749266624,0.30140000,4205.20000000,0.3038
1749266624,0.30130000,4531.10000000,0.3038
1749266624,0.30120000,10778.30000000,0.3038
1749266624,0.30110000,2712.30000000,0.3038
1749266624,0.30100000,4305.20000000,0.3038
1749266624,0.30090000,56573.30000000,0.3038
1749266624,0.30080000,4199.40000000,0.3038
1749266624,0.30070000,93.30000000,0.3038
1749266624,0.30060000,10755.30000000,0.3038
1749266624,0.30050000,903.30000000,0.3038
1749266624,0.30040000,4374.40000000,0.3038
1749266624,0.30030000,7857.60000000,0.3038
1749266624,0.30020000,4609.00000000,0.3038
1749266624,0.30010000,12972.40000000,0.3038
1749266624,0.30000000,13367.50000000,0.3038
1749266624,0.29990000,922.70000000,0.3038
1749266624,0.29980000,4180.50000000,0.3038
1749266624,0.29970000,6647.60000000,0.3038
1749266624,0.29960000,3389.50000000,0.3038
1749266624,0.29950000,5063.00000000,0.3038
1749266624,0.29940000,9942.20000000,0.3038
1749266624,0.29930000,93.50000000,0.3038
1749266624,0.29920000,3389.60000000,0.3038
1749266624,0.29910000,6647.60000000,0.3038
1749266624,0.29900000,8696.40000000,0.3038
1749266624,0.29890000,33941.30000000,0.3038
1749266624,0.29880000,9924.80000000,0.3038
1749266624,0.29870000,93.50000000,0.3038
1749266624,0.29860000,93.50000000,0.3038
1749266624,0.29850000,3370.60000000,0.3038
1749266624,0.29840000,93.60000000,0.3038
1749266624,0.29830000,3370.70000000,0.3038
1749266624,0.29820000,147.90000000,0.3038
1749266624,0.29810000,3370.70000000,0.3038
1749266624,0.29800000,193.60000000,0.3038
1749266624,0.29790000,3407.50000000,0.3038
1749266624,0.29780000,1778.00000000,0.3038
1749266624,0.29770000,3425.00000000,0.3038
1749266624,0.29760000,92.80000000,0.3038
1749266624,0.29750000,3706.00000000,0.3038
1749266624,0.29740000,92.80000000,0.3038
1749266624,0.29730000,3369.90000000,0.3038
1749266624,0.29720000,114.80000000,0.3038
1749266624,0.29710000,3397.20000000,0.3038
1749266624,0.29700000,192.90000000,0.3038
1749266624,0.29690000,92.90000000,0.3038
1749266624,0.29680000,92.90000000,0.3038
1749266624,0.29670000,92.90000000,0.3038
1749266624,0.29660000,92.90000000,0.3038
1749266624,0.29650000,92.90000000,0.3038
1749266624,0.29640000,92.90000000,0.3038
1749266624,0.29630000,241.60000000,0.3038
1749266624,0.29620000,302.40000000,0.3038
1749266624,0.29610000,60.00000000,0.3038
1749266624,0.29600000,160.00000000,0.3038
1749266624,0.29590000,256.40000000,0.3038
1749266624,0.29580000,60.00000000,0.3038
1749266624,0.29570000,434.60000000,0.3038
1749266624,0.29560000,80.40000000,0.3038
1749266624,0.29550000,60.00000000,0.3038
1749266624,0.29540000,60.00000000,0.3038
1749266624,0.29530000,60.00000000,0.3038
1749266624,0.29520000,77.50000000,0.3038
1749266624,0.29510000,60.00000000,0.3038
1749266624,0.29500000,415.20000000,0.3038
1749266624,0.29490000,60.00000000,0.3038
1749266624,0.29480000,60.00000000,0.3038
1749266624,0.29470000,60.00000000,0.3038
1749266624,0.29460000,1851.10000000,0.3038
1749266624,0.29450000,60.00000000,0.3038
1749266624,0.29440000,60.00000000,0.3038
1749266624,0.29430000,60.00000000,0.3038
1749266624,0.29420000,60.00000000,0.3038
1749266624,0.29410000,60.00000000,0.3038
1749266624,0.29400000,6540.90000000,0.3038
1749266624,0.29390000,100.00000000,0.3038
1749266624,0.29380000,60.00000000,0.3038
1749266926,0.30360000,2564.20000000,0.3037
1749266926,0.30350000,6699.80000000,0.3037
1749266926,0.30340000,13758.10000000,0.3037
1749266926,0.30330000,24910.20000000,0.3037
1749266926,0.30320000,34347.50000000,0.3037
1749266926,0.30310000,15803.40000000,0.3037
1749266926,0.30300000,27988.30000000,0.3037
1749266926,0.30290000,18261.00000000,0.3037
1749266926,0.30280000,4713.00000000,0.3037
1749266926,0.30270000,1179.00000000,0.3037
1749266926,0.30260000,9348.90000000,0.3037
1749266926,0.30250000,5286.80000000,0.3037
1749266926,0.30240000,3720.20000000,0.3037
1749266926,0.30230000,20952.50000000,0.3037
1749266926,0.30220000,9665.80000000,0.3037
1749266926,0.30210000,4205.10000000,0.3037
1749266926,0.30200000,2796.50000000,0.3037
1749266926,0.30190000,9402.30000000,0.3037
1749266926,0.30180000,7501.30000000,0.3037
1749266926,0.30170000,4572.60000000,0.3037
1749266926,0.30160000,192953.60000000,0.3037
1749266926,0.30150000,8585.20000000,0.3037
1749266926,0.30140000,4205.20000000,0.3037
1749266926,0.30130000,2421.60000000,0.3037
1749266926,0.30120000,10778.30000000,0.3037
1749266926,0.30110000,2712.30000000,0.3037
1749266926,0.30100000,37491.00000000,0.3037
1749266926,0.30090000,7577.40000000,0.3037
1749266926,0.30080000,4199.40000000,0.3037
1749266926,0.30070000,17098.30000000,0.3037
1749266926,0.30060000,10755.30000000,0.3037
1749266926,0.30050000,903.30000000,0.3037
1749266926,0.30040000,4374.40000000,0.3037
1749266926,0.30030000,20328.90000000,0.3037
1749266926,0.30020000,4609.00000000,0.3037
1749266926,0.30010000,93.40000000,0.3037
1749266926,0.30000000,13367.50000000,0.3037
1749266926,0.29990000,922.70000000,0.3037
1749266926,0.29980000,3370.50000000,0.3037
1749266926,0.29970000,6647.60000000,0.3037
1749266926,0.29960000,3389.50000000,0.3037
1749266926,0.29950000,5063.00000000,0.3037
1749266926,0.29940000,9942.20000000,0.3037
1749266926,0.29930000,93.50000000,0.3037
1749266926,0.29920000,3370.60000000,0.3037
1749266926,0.29910000,6647.60000000,0.3037
1749266926,0.29900000,9164.10000000,0.3037
1749266926,0.29890000,33512.40000000,0.3037
1749266926,0.29880000,9924.80000000,0.3037
1749266926,0.29870000,594.70000000,0.3037
1749266926,0.29860000,93.50000000,0.3037
1749266926,0.29850000,3370.60000000,0.3037
1749266926,0.29840000,93.60000000,0.3037
1749266926,0.29830000,3370.70000000,0.3037
1749266926,0.29820000,147.90000000,0.3037
1749266926,0.29810000,3370.70000000,0.3037
1749266926,0.29800000,193.60000000,0.3037
1749266926,0.29790000,3407.50000000,0.3037
1749266926,0.29780000,1778.00000000,0.3037
1749266926,0.29770000,3425.00000000,0.3037
1749266926,0.29760000,92.80000000,0.3037
1749266926,0.29750000,3706.00000000,0.3037
1749266926,0.29740000,92.80000000,0.3037
1749266926,0.29730000,3369.90000000,0.3037
1749266926,0.29720000,114.80000000,0.3037
1749266926,0.29710000,3397.20000000,0.3037
1749266926,0.29700000,192.90000000,0.3037
1749266926,0.29690000,92.90000000,0.3037
1749266926,0.29680000,92.90000000,0.3037
1749266926,0.29670000,92.90000000,0.3037
1749266926,0.29660000,92.90000000,0.3037
1749266926,0.29650000,92.90000000,0.3037
1749266926,0.29640000,92.90000000,0.3037
1749266926,0.29630000,241.60000000,0.3037
1749266926,0.29620000,302.40000000,0.3037
1749266926,0.29610000,93.00000000,0.3037
1749266926,0.29600000,160.00000000,0.3037
1749266926,0.29590000,256.40000000,0.3037
1749266926,0.29580000,60.00000000,0.3037
1749266926,0.29570000,333.30000000,0.3037
1749266926,0.29560000,181.80000000,0.3037
1749266926,0.29550000,60.00000000,0.3037
1749266926,0.29540000,60.00000000,0.3037
1749266926,0.29530000,60.00000000,0.3037
1749266926,0.29520000,77.50000000,0.3037
1749266926,0.29510000,60.00000000,0.3037
1749266926,0.29500000,449.00000000,0.3037
1749266926,0.29490000,60.00000000,0.3037
1749266926,0.29480000,60.00000000,0.3037
1749266926,0.29470000,60.00000000,0.3037
1749266926,0.29460000,1851.10000000,0.3037
1749266926,0.29450000,60.00000000,0.3037
1749266926,0.29440000,60.00000000,0.3037
1749266926,0.29430000,60.00000000,0.3037
1749266926,0.29420000,60.00000000,0.3037
1749266926,0.29410000,60.00000000,0.3037
1749266926,0.29400000,6540.90000000,0.3037
1749266926,0.29390000,100.00000000,0.3037
1749266926,0.29380000,60.00000000,0.3037
1749266926,0.29370000,60.00000000,0.3037
1749267227,0.30280000,15681.40000000,0.3029
1749267227,0.30270000,9914.60000000,0.3029
1749267227,0.30260000,11298.70000000,0.3029
1749267227,0.30250000,23854.10000000,0.3029
1749267227,0.30240000,21898.30000000,0.3029
1749267227,0.30230000,24535.60000000,0.3029
1749267227,0.30220000,33862.80000000,0.3029
1749267227,0.30210000,19484.00000000,0.3029
1749267227,0.30200000,4992.90000000,0.3029
1749267227,0.30190000,12525.30000000,0.3029
1749267227,0.30180000,7526.10000000,0.3029
1749267227,0.30170000,34060.60000000,0.3029
1749267227,0.30160000,13916.80000000,0.3029
1749267227,0.30150000,12776.40000000,0.3029
1749267227,0.30140000,6003.30000000,0.3029
1749267227,0.30130000,3272.00000000,0.3029
1749267227,0.30120000,12757.90000000,0.3029
1749267227,0.30110000,2712.30000000,0.3029
1749267227,0.30100000,6435.80000000,0.3029
1749267227,0.30090000,7577.40000000,0.3029
1749267227,0.30080000,5115.40000000,0.3029
1749267227,0.30070000,928.10000000,0.3029
1749267227,0.30060000,10799.10000000,0.3029
1749267227,0.30050000,928.10000000,0.3029
1749267227,0.30040000,4399.20000000,0.3029
1749267227,0.30030000,7457.60000000,0.3029
1749267227,0.30020000,37465.80000000,0.3029
1749267227,0.30010000,903.40000000,0.3029
1749267227,0.30000000,32774.50000000,0.3029
1749267227,0.29990000,922.70000000,0.3029
1749267227,0.29980000,4580.50000000,0.3029
1749267227,0.29970000,7457.60000000,0.3029
1749267227,0.29960000,4629.00000000,0.3029
1749267227,0.29950000,5873.00000000,0.3029
1749267227,0.29940000,10752.20000000,0.3029
1749267227,0.29930000,93.50000000,0.3029
1749267227,0.29920000,17118.20000000,0.3029
1749267227,0.29910000,7457.60000000,0.3029
1749267227,0.29900000,4148.20000000,0.3029
1749267227,0.29890000,93.50000000,0.3029
1749267227,0.29880000,9943.80000000,0.3029
1749267227,0.29870000,93.50000000,0.3029
1749267227,0.29860000,93.50000000,0.3029
1749267227,0.29850000,3370.60000000,0.3029
1749267227,0.29840000,93.60000000,0.3029
1749267227,0.29830000,3370.70000000,0.3029
1749267227,0.29820000,147.90000000,0.3029
1749267227,0.29810000,8401.70000000,0.3029
1749267227,0.29800000,33713.40000000,0.3029
1749267227,0.29790000,3407.50000000,0.3029
1749267227,0.29780000,1778.00000000,0.3029
1749267227,0.29770000,3425.00000000,0.3029
1749267227,0.29760000,92.80000000,0.3029
1749267227,0.29750000,3706.00000000,0.3029
1749267227,0.29740000,92.80000000,0.3029
1749267227,0.29730000,3369.90000000,0.3029
1749267227,0.29720000,114.80000000,0.3029
1749267227,0.29710000,3397.20000000,0.3029
1749267227,0.29700000,192.90000000,0.3029
1749267227,0.29690000,92.90000000,0.3029
1749267227,0.29680000,92.90000000,0.3029
1749267227,0.29670000,92.90000000,0.3029
1749267227,0.29660000,92.90000000,0.3029
1749267227,0.29650000,92.90000000,0.3029
1749267227,0.29640000,92.90000000,0.3029
1749267227,0.29630000,241.60000000,0.3029
1749267227,0.29620000,302.40000000,0.3029
1749267227,0.29610000,93.00000000,0.3029
1749267227,0.29600000,193.00000000,0.3029
1749267227,0.29590000,289.40000000,0.3029
1749267227,0.29580000,93.00000000,0.3029
1749267227,0.29570000,366.30000000,0.3029
1749267227,0.29560000,113.40000000,0.3029
1749267227,0.29550000,93.00000000,0.3029
1749267227,0.29540000,93.00000000,0.3029
1749267227,0.29530000,93.10000000,0.3029
1749267227,0.29520000,77.50000000,0.3029
1749267227,0.29510000,60.00000000,0.3029
1749267227,0.29500000,449.00000000,0.3029
1749267227,0.29490000,60.00000000,0.3029
1749267227,0.29480000,60.00000000,0.3029
1749267227,0.29470000,60.00000000,0.3029
1749267227,0.29460000,1952.80000000,0.3029
1749267227,0.29450000,60.00000000,0.3029
1749267227,0.29440000,60.00000000,0.3029
1749267227,0.29430000,60.00000000,0.3029
1749267227,0.29420000,60.00000000,0.3029
1749267227,0.29410000,60.00000000,0.3029
1749267227,0.29400000,6540.90000000,0.3029
1749267227,0.29390000,100.00000000,0.3029
1749267227,0.29380000,60.00000000,0.3029
1749267227,0.29370000,60.00000000,0.3029
1749267227,0.29360000,60.00000000,0.3029
1749267227,0.29350000,60.00000000,0.3029
1749267227,0.29340000,60.00000000,0.3029
1749267227,0.29330000,1007.20000000,0.3029
1749267227,0.29320000,60.00000000,0.3029
1749267227,0.29310000,82.00000000,0.3029
1749267227,0.29300000,180.40000000,0.3029
1749267227,0.29290000,2004.10000000,0.3029
1749267529,0.30300000,33274.60000000,0.3031
1749267529,0.30290000,5269.30000000,0.3031
1749267529,0.30280000,10911.00000000,0.3031
1749267529,0.30270000,25574.40000000,0.3031
1749267529,0.30260000,21594.30000000,0.3031
1749267529,0.30250000,18508.50000000,0.3031
1749267529,0.30240000,43063.00000000,0.3031
1749267529,0.30230000,12221.70000000,0.3031
1749267529,0.30220000,4675.60000000,0.3031
1749267529,0.30210000,14085.20000000,0.3031
1749267529,0.30200000,2978.50000000,0.3031
1749267529,0.30190000,7592.10000000,0.3031
1749267529,0.30180000,22742.60000000,0.3031
1749267529,0.30170000,36019.30000000,0.3031
1749267529,0.30160000,1245.70000000,0.3031
1749267529,0.30150000,10262.60000000,0.3031
1749267529,0.30140000,4249.00000000,0.3031
1749267529,0.30130000,2421.60000000,0.3031
1749267529,0.30120000,12888.50000000,0.3031
1749267529,0.30110000,2712.30000000,0.3031
1749267529,0.30100000,5121.50000000,0.3031
1749267529,0.30090000,7577.40000000,0.3031
1749267529,0.30080000,4224.20000000,0.3031
1749267529,0.30070000,928.10000000,0.3031
1749267529,0.30060000,10780.10000000,0.3031
1749267529,0.30050000,34169.10000000,0.3031
1749267529,0.30040000,4399.20000000,0.3031
1749267529,0.30030000,7457.60000000,0.3031
1749267529,0.30020000,20005.50000000,0.3031
1749267529,0.30010000,903.40000000,0.3031
1749267529,0.30000000,15936.50000000,0.3031
1749267529,0.29990000,922.70000000,0.3031
1749267529,0.29980000,4180.50000000,0.3031
1749267529,0.29970000,7457.60000000,0.3031
1749267529,0.29960000,4629.00000000,0.3031
1749267529,0.29950000,5873.00000000,0.3031
1749267529,0.29940000,9942.20000000,0.3031
1749267529,0.29930000,13007.80000000,0.3031
1749267529,0.29920000,3389.60000000,0.3031
1749267529,0.29910000,6647.60000000,0.3031
1749267529,0.29900000,3490.60000000,0.3031
1749267529,0.29890000,93.50000000,0.3031
1749267529,0.29880000,9943.80000000,0.3031
1749267529,0.29870000,93.50000000,0.3031
1749267529,0.29860000,93.50000000,0.3031
1749267529,0.29850000,3370.60000000,0.3031
1749267529,0.29840000,5119.50000000,0.3031
1749267529,0.29830000,3370.70000000,0.3031
1749267529,0.29820000,147.90000000,0.3031
1749267529,0.29810000,4043.80000000,0.3031
1749267529,0.29800000,33713.40000000,0.3031
1749267529,0.29790000,3407.50000000,0.3031
1749267529,0.29780000,1778.00000000,0.3031
1749267529,0.29770000,3425.00000000,0.3031
1749267529,0.29760000,92.80000000,0.3031
1749267529,0.29750000,3706.00000000,0.3031
1749267529,0.29740000,92.80000000,0.3031
1749267529,0.29730000,3369.90000000,0.3031
1749267529,0.29720000,114.80000000,0.3031
1749267529,0.29710000,3397.20000000,0.3031
1749267529,0.29700000,192.90000000,0.3031
1749267529,0.29690000,92.90000000,0.3031
1749267529,0.29680000,92.90000000,0.3031
1749267529,0.29670000,92.90000000,0.3031
1749267529,0.29660000,92.90000000,0.3031
1749267529,0.29650000,92.90000000,0.3031
1749267529,0.29640000,92.90000000,0.3031
1749267529,0.29630000,241.60000000,0.3031
1749267529,0.29620000,302.40000000,0.3031
1749267529,0.29610000,93.00000000,0.3031
1749267529,0.29600000,193.00000000,0.3031
1749267529,0.29590000,289.40000000,0.3031
1749267529,0.29580000,93.00000000,0.3031
1749267529,0.29570000,366.30000000,0.3031
1749267529,0.29560000,113.40000000,0.3031
1749267529,0.29550000,93.00000000,0.3031
1749267529,0.29540000,60.00000000,0.3031
1749267529,0.29530000,60.00000000,0.3031
1749267529,0.29520000,77.50000000,0.3031
1749267529,0.29510000,161.50000000,0.3031
1749267529,0.29500000,449.00000000,0.3031
1749267529,0.29490000,60.00000000,0.3031
1749267529,0.29480000,60.00000000,0.3031
1749267529,0.29470000,60.00000000,0.3031
1749267529,0.29460000,1851.10000000,0.3031
1749267529,0.29450000,60.00000000,0.3031
1749267529,0.29440000,60.00000000,0.3031
1749267529,0.29430000,60.00000000,0.3031
1749267529,0.29420000,60.00000000,0.3031
1749267529,0.29410000,60.00000000,0.3031
1749267529,0.29400000,6540.90000000,0.3031
1749267529,0.29390000,100.00000000,0.3031
1749267529,0.29380000,60.00000000,0.3031
1749267529,0.29370000,60.00000000,0.3031
1749267529,0.29360000,60.00000000,0.3031
1749267529,0.29350000,60.00000000,0.3031
1749267529,0.29340000,60.00000000,0.3031
1749267529,0.29330000,1007.20000000,0.3031
1749267529,0.29320000,60.00000000,0.3031
1749267529,0.29310000,82.00000000,0.3031
1749267830,0.30370000,6075.60000000,0.3038
1749267830,0.30360000,8583.10000000,0.3038
