timestamp,price,volume,current_price
1749260747,0.80840000,462.70000000,0.8084
1749260747,0.80830000,1031.10000000,0.8084
1749260747,0.80820000,3082.30000000,0.8084
1749260747,0.80810000,7322.00000000,0.8084
1749260747,0.80800000,1373.80000000,0.8084
1749260747,0.80790000,1972.50000000,0.8084
1749260747,0.80780000,1818.30000000,0.8084
1749260747,0.80770000,4719.80000000,0.8084
1749260747,0.80760000,25678.70000000,0.8084
1749260747,0.80750000,36650.00000000,0.8084
1749260747,0.80740000,23632.90000000,0.8084
1749260747,0.80730000,36501.90000000,0.8084
1749260747,0.80720000,23172.70000000,0.8084
1749260747,0.80710000,34801.60000000,0.8084
1749260747,0.80700000,21466.40000000,0.8084
1749260747,0.80690000,11522.60000000,0.8084
1749260747,0.80680000,21262.90000000,0.8084
1749260747,0.80670000,49489.30000000,0.8084
1749260747,0.80660000,6025.70000000,0.8084
1749260747,0.80650000,7147.60000000,0.8084
1749260747,0.80640000,7626.60000000,0.8084
1749260747,0.80630000,5640.00000000,0.8084
1749260747,0.80620000,16225.30000000,0.8084
1749260747,0.80610000,338.40000000,0.8084
1749260747,0.80600000,2445.90000000,0.8084
1749260747,0.80590000,1138.50000000,0.8084
1749260747,0.80580000,610.90000000,0.8084
1749260747,0.80570000,4026.10000000,0.8084
1749260747,0.80560000,2425.70000000,0.8084
1749260747,0.80550000,318.40000000,0.8084
1749260747,0.80540000,933.50000000,0.8084
1749260747,0.80530000,32868.50000000,0.8084
1749260747,0.80520000,1081.30000000,0.8084
1749260747,0.80510000,331.50000000,0.8084
1749260747,0.80500000,3213.00000000,0.8084
1749260747,0.80490000,12.40000000,0.8084
1749260747,0.80480000,19.80000000,0.8084
1749260747,0.80470000,2121.50000000,0.8084
1749260747,0.80460000,12448.90000000,0.8084
1749260747,0.80450000,12.40000000,0.8084
1749260747,0.80440000,2122.00000000,0.8084
1749260747,0.80430000,2167.90000000,0.8084
1749260747,0.80420000,66436.50000000,0.8084
1749260747,0.80410000,44756.10000000,0.8084
1749260747,0.80400000,1167.40000000,0.8084
1749260747,0.80390000,277.70000000,0.8084
1749260747,0.80380000,2160.40000000,0.8084
1749260747,0.80370000,12.40000000,0.8084
1749260747,0.80360000,2128.80000000,0.8084
1749260747,0.80350000,12.40000000,0.8084
1749260747,0.80340000,28.70000000,0.8084
1749260747,0.80330000,2125.90000000,0.8084
1749260747,0.80320000,83645.30000000,0.8084
1749260747,0.80310000,12.40000000,0.8084
1749260747,0.80300000,2137.20000000,0.8084
1749260747,0.80290000,27.80000000,0.8084
1749260747,0.80280000,80.50000000,0.8084
1749260747,0.80270000,25.40000000,0.8084
1749260747,0.80260000,2161.00000000,0.8084
1749260747,0.80250000,12.40000000,0.8084
1749260747,0.80240000,317.70000000,0.8084
1749260747,0.80230000,12.40000000,0.8084
1749260747,0.80220000,28.70000000,0.8084
1749260747,0.80210000,12.40000000,0.8084
1749260747,0.80200000,58854.60000000,0.8084
1749260747,0.80190000,12.40000000,0.8084
1749260747,0.80180000,21.80000000,0.8084
1749260747,0.80170000,395.80000000,0.8084
1749260747,0.80160000,19.30000000,0.8084
1749260747,0.80150000,10189.50000000,0.8084
1749260747,0.80140000,21.80000000,0.8084
1749260747,0.80130000,6152.60000000,0.8084
1749260747,0.80120000,2317.40000000,0.8084
1749260747,0.80110000,12.40000000,0.8084
1749260747,0.80100000,29.30000000,0.8084
1749260747,0.80090000,12.40000000,0.8084
1749260747,0.80080000,17.10000000,0.8084
1749260747,0.80070000,44.30000000,0.8084
1749260747,0.80060000,9.40000000,0.8084
1749260747,0.80040000,55484.30000000,0.8084
1749260747,0.80020000,19.90000000,0.8084
1749260747,0.80000000,853.70000000,0.8084
1749260747,0.79990000,53.40000000,0.8084
1749260747,0.79980000,9.30000000,0.8084
1749260747,0.79970000,307.60000000,0.8084
1749260747,0.79960000,6.50000000,0.8084
1749260747,0.79950000,1120.10000000,0.8084
1749260747,0.79940000,5206.40000000,0.8084
1749260747,0.79920000,12.50000000,0.8084
1749260747,0.79910000,6198.80000000,0.8084
1749260747,0.79900000,21.80000000,0.8084
1749260747,0.79880000,15786.30000000,0.8084
1749260747,0.79860000,9.30000000,0.8084
1749260747,0.79820000,9.40000000,0.8084
1749260747,0.79800000,269.40000000,0.8084
1749260747,0.79790000,17.10000000,0.8084
1749260747,0.79780000,9.40000000,0.8084
1749260747,0.79770000,17.60000000,0.8084
1749260747,0.79760000,145.00000000,0.8084
1749260747,0.79750000,20497.90000000,0.8084
1749261068,0.80810000,464.40000000,0.8081
1749261068,0.80800000,1035.50000000,0.8081
1749261068,0.80790000,4888.70000000,0.8081
1749261068,0.80780000,17458.30000000,0.8081
1749261068,0.80770000,9632.30000000,0.8081
1749261068,0.80760000,32729.80000000,0.8081
1749261068,0.80750000,13924.70000000,0.8081
1749261068,0.80740000,16456.00000000,0.8081
1749261068,0.80730000,13646.00000000,0.8081
1749261068,0.80720000,12927.70000000,0.8081
1749261068,0.80710000,30185.50000000,0.8081
1749261068,0.80700000,29125.80000000,0.8081
1749261068,0.80690000,24405.80000000,0.8081
1749261068,0.80680000,48930.20000000,0.8081
1749261068,0.80670000,16393.80000000,0.8081
1749261068,0.80660000,19487.10000000,0.8081
1749261068,0.80650000,7587.30000000,0.8081
1749261068,0.80640000,15865.80000000,0.8081
1749261068,0.80630000,25088.40000000,0.8081
1749261068,0.80620000,334.70000000,0.8081
1749261068,0.80610000,1417.40000000,0.8081
1749261068,0.80600000,47988.00000000,0.8081
1749261068,0.80590000,1203.60000000,0.8081
1749261068,0.80580000,804.90000000,0.8081
1749261068,0.80570000,318.40000000,0.8081
1749261068,0.80560000,6737.50000000,0.8081
1749261068,0.80550000,582.70000000,0.8081
1749261068,0.80540000,1205.80000000,0.8081
1749261068,0.80530000,11746.50000000,0.8081
1749261068,0.80520000,325.30000000,0.8081
1749261068,0.80510000,80.20000000,0.8081
1749261068,0.80500000,2687.40000000,0.8081
1749261068,0.80490000,47169.50000000,0.8081
1749261068,0.80480000,325.80000000,0.8081
1749261068,0.80470000,2427.50000000,0.8081
1749261068,0.80460000,1401.50000000,0.8081
1749261068,0.80450000,103.20000000,0.8081
1749261068,0.80440000,2122.00000000,0.8081
1749261068,0.80430000,64293.00000000,0.8081
1749261068,0.80420000,21.80000000,0.8081
1749261068,0.80410000,277.70000000,0.8081
1749261068,0.80400000,1167.40000000,0.8081
1749261068,0.80390000,12.40000000,0.8081
1749261068,0.80380000,46.90000000,0.8081
1749261068,0.80370000,12.40000000,0.8081
1749261068,0.80360000,6130.90000000,0.8081
1749261068,0.80350000,2125.40000000,0.8081
1749261068,0.80340000,28.70000000,0.8081
1749261068,0.80330000,75601.30000000,0.8081
1749261068,0.80320000,2126.20000000,0.8081
1749261068,0.80310000,12.40000000,0.8081
1749261068,0.80300000,21.80000000,0.8081
1749261068,0.80290000,2141.90000000,0.8081
1749261068,0.80280000,80.50000000,0.8081
1749261068,0.80270000,25.40000000,0.8081
1749261068,0.80260000,2161.80000000,0.8081
1749261068,0.80250000,319.00000000,0.8081
1749261068,0.80240000,12.40000000,0.8081
1749261068,0.80230000,319.00000000,0.8081
1749261068,0.80220000,6460.50000000,0.8081
1749261068,0.80210000,59301.50000000,0.8081
1749261068,0.80200000,12.40000000,0.8081
1749261068,0.80190000,12.40000000,0.8081
1749261068,0.80180000,20433.40000000,0.8081
1749261068,0.80170000,395.80000000,0.8081
1749261068,0.80160000,10188.10000000,0.8081
1749261068,0.80150000,12.40000000,0.8081
1749261068,0.80140000,21.80000000,0.8081
1749261068,0.80130000,12.40000000,0.8081
1749261068,0.80120000,12.40000000,0.8081
1749261068,0.80110000,12.40000000,0.8081
1749261068,0.80100000,29.30000000,0.8081
1749261068,0.80090000,12.40000000,0.8081
1749261068,0.80080000,29.50000000,0.8081
1749261068,0.80070000,56.70000000,0.8081
1749261068,0.80060000,21.80000000,0.8081
1749261068,0.80050000,6140.20000000,0.8081
1749261068,0.80040000,38329.70000000,0.8081
1749261068,0.80020000,19.90000000,0.8081
1749261068,0.80000000,853.70000000,0.8081
1749261068,0.79990000,53.40000000,0.8081
1749261068,0.79980000,9.30000000,0.8081
1749261068,0.79960000,6.50000000,0.8081
1749261068,0.79950000,1187.30000000,0.8081
1749261068,0.79940000,5206.40000000,0.8081
1749261068,0.79920000,12.50000000,0.8081
1749261068,0.79910000,32.80000000,0.8081
1749261068,0.79900000,21.80000000,0.8081
1749261068,0.79890000,6166.00000000,0.8081
1749261068,0.79880000,16371.00000000,0.8081
1749261068,0.79860000,9.30000000,0.8081
1749261068,0.79820000,9.40000000,0.8081
1749261068,0.79800000,269.40000000,0.8081
1749261068,0.79790000,17.10000000,0.8081
1749261068,0.79780000,9.40000000,0.8081
1749261068,0.79770000,17.60000000,0.8081
1749261068,0.79760000,145.00000000,0.8081
1749261068,0.79750000,20430.50000000,0.8081
1749261068,0.79740000,9.40000000,0.8081
1749261068,0.79720000,250.90000000,0.8081
1749261377,0.80810000,12.40000000,0.8082
1749261377,0.80800000,783.30000000,0.8082
1749261377,0.80790000,746.70000000,0.8082
1749261377,0.80780000,3652.00000000,0.8082
1749261377,0.80770000,11004.40000000,0.8082
1749261377,0.80760000,11895.60000000,0.8082
1749261377,0.80750000,10369.30000000,0.8082
1749261377,0.80740000,9501.60000000,0.8082
1749261377,0.80730000,6109.90000000,0.8082
1749261377,0.80720000,11121.90000000,0.8082
1749261377,0.80710000,4237.50000000,0.8082
1749261377,0.80700000,5687.40000000,0.8082
1749261377,0.80690000,14720.50000000,0.8082
1749261377,0.80680000,32327.60000000,0.8082
1749261377,0.80670000,43381.70000000,0.8082
1749261377,0.80660000,54217.70000000,0.8082
1749261377,0.80650000,41586.00000000,0.8082
1749261377,0.80640000,21178.10000000,0.8082
1749261377,0.80630000,11967.30000000,0.8082
1749261377,0.80620000,14742.40000000,0.8082
1749261377,0.80610000,46397.10000000,0.8082
1749261377,0.80600000,2564.80000000,0.8082
1749261377,0.80590000,1549.90000000,0.8082
1749261377,0.80580000,672.10000000,0.8082
1749261377,0.80570000,5278.60000000,0.8082
1749261377,0.80560000,318.40000000,0.8082
1749261377,0.80550000,2434.00000000,0.8082
1749261377,0.80540000,46734.90000000,0.8082
1749261377,0.80530000,4033.30000000,0.8082
1749261377,0.80520000,2717.20000000,0.8082
1749261377,0.80510000,2372.00000000,0.8082
1749261377,0.80500000,327.80000000,0.8082
1749261377,0.80490000,12.40000000,0.8082
1749261377,0.80480000,945.80000000,0.8082
1749261377,0.80470000,12.40000000,0.8082
1749261377,0.80460000,11031.20000000,0.8082
1749261377,0.80450000,2638.80000000,0.8082
1749261377,0.80440000,2028.90000000,0.8082
1749261377,0.80430000,62181.80000000,0.8082
1749261377,0.80420000,286.60000000,0.8082
1749261377,0.80410000,12.40000000,0.8082
1749261377,0.80400000,19.30000000,0.8082
1749261377,0.80390000,12.40000000,0.8082
1749261377,0.80380000,46.90000000,0.8082
1749261377,0.80370000,12.40000000,0.8082
1749261377,0.80360000,6130.90000000,0.8082
1749261377,0.80350000,2128.00000000,0.8082
1749261377,0.80340000,294.20000000,0.8082
1749261377,0.80330000,75601.30000000,0.8082
1749261377,0.80320000,2128.00000000,0.8082
1749261377,0.80310000,104.30000000,0.8082
1749261377,0.80300000,21.80000000,0.8082
1749261377,0.80290000,2143.40000000,0.8082
1749261377,0.80280000,25.80000000,0.8082
1749261377,0.80270000,25.40000000,0.8082
1749261377,0.80260000,8288.20000000,0.8082
1749261377,0.80250000,12.40000000,0.8082
1749261377,0.80240000,12.40000000,0.8082
1749261377,0.80230000,2128.00000000,0.8082
1749261377,0.80220000,333.30000000,0.8082
1749261377,0.80210000,59301.50000000,0.8082
1749261377,0.80200000,12.40000000,0.8082
1749261377,0.80190000,12.40000000,0.8082
1749261377,0.80180000,21.80000000,0.8082
1749261377,0.80170000,395.80000000,0.8082
1749261377,0.80160000,19.30000000,0.8082
1749261377,0.80150000,2226.40000000,0.8082
1749261377,0.80140000,21.80000000,0.8082
1749261377,0.80130000,2349.40000000,0.8082
1749261377,0.80120000,10197.60000000,0.8082
1749261377,0.80110000,12.40000000,0.8082
1749261377,0.80100000,29.30000000,0.8082
1749261377,0.80090000,12.40000000,0.8082
1749261377,0.80080000,29.50000000,0.8082
1749261377,0.80070000,110.00000000,0.8082
1749261377,0.80060000,21.80000000,0.8082
1749261377,0.80050000,6140.20000000,0.8082
1749261377,0.80040000,56451.30000000,0.8082
1749261377,0.80020000,327.30000000,0.8082
1749261377,0.80000000,1103.70000000,0.8082
1749261377,0.79990000,53.40000000,0.8082
1749261377,0.79980000,9.30000000,0.8082
1749261377,0.79960000,6.50000000,0.8082
1749261377,0.79950000,3492.30000000,0.8082
1749261377,0.79940000,5206.40000000,0.8082
1749261377,0.79920000,12.50000000,0.8082
1749261377,0.79910000,32.80000000,0.8082
1749261377,0.79900000,21.80000000,0.8082
1749261377,0.79890000,6166.00000000,0.8082
1749261377,0.79880000,19039.00000000,0.8082
1749261377,0.79860000,9.30000000,0.8082
1749261377,0.79830000,2209.00000000,0.8082
1749261377,0.79820000,9.40000000,0.8082
1749261377,0.79800000,269.40000000,0.8082
1749261377,0.79790000,17.10000000,0.8082
1749261377,0.79780000,9.40000000,0.8082
1749261377,0.79770000,17.60000000,0.8082
1749261377,0.79760000,145.00000000,0.8082
1749261377,0.79750000,20430.50000000,0.8082
1749261377,0.79740000,9.40000000,0.8082
1749261679,0.80730000,414.50000000,0.8073
1749261679,0.80720000,1206.10000000,0.8073
1749261679,0.80710000,964.90000000,0.8073
1749261679,0.80700000,6635.00000000,0.8073
1749261679,0.80690000,25327.30000000,0.8073
1749261679,0.80680000,24157.30000000,0.8073
1749261679,0.80670000,4241.60000000,0.8073
1749261679,0.80660000,6685.70000000,0.8073
1749261679,0.80650000,19184.00000000,0.8073
1749261679,0.80640000,3574.90000000,0.8073
1749261679,0.80630000,12514.60000000,0.8073
1749261679,0.80620000,46606.70000000,0.8073
1749261679,0.80610000,41389.80000000,0.8073
1749261679,0.80600000,21000.40000000,0.8073
1749261679,0.80590000,26217.00000000,0.8073
1749261679,0.80580000,31414.60000000,0.8073
1749261679,0.80570000,43657.70000000,0.8073
1749261679,0.80560000,25162.30000000,0.8073
1749261679,0.80550000,22028.20000000,0.8073
1749261679,0.80540000,4769.30000000,0.8073
1749261679,0.80530000,324.90000000,0.8073
1749261679,0.80520000,5157.90000000,0.8073
1749261679,0.80510000,31848.60000000,0.8073
1749261679,0.80500000,932.70000000,0.8073
1749261679,0.80490000,2145.40000000,0.8073
1749261679,0.80480000,325.80000000,0.8073
1749261679,0.80470000,12.40000000,0.8073
1749261679,0.80460000,48758.60000000,0.8073
1749261679,0.80450000,8549.30000000,0.8073
1749261679,0.80440000,1465.90000000,0.8073
1749261679,0.80430000,62181.80000000,0.8073
1749261679,0.80420000,1633.60000000,0.8073
1749261679,0.80410000,277.70000000,0.8073
1749261679,0.80400000,1003.30000000,0.8073
1749261679,0.80390000,9866.40000000,0.8073
1749261679,0.80380000,2162.00000000,0.8073
1749261679,0.80370000,12.40000000,0.8073
1749261679,0.80360000,12.40000000,0.8073
1749261679,0.80350000,2128.00000000,0.8073
1749261679,0.80340000,28.70000000,0.8073
1749261679,0.80330000,75601.30000000,0.8073
1749261679,0.80320000,2128.00000000,0.8073
1749261679,0.80310000,104.30000000,0.8073
1749261679,0.80300000,6140.30000000,0.8073
1749261679,0.80290000,2143.40000000,0.8073
1749261679,0.80280000,25.80000000,0.8073
1749261679,0.80270000,25.40000000,0.8073
1749261679,0.80260000,2161.50000000,0.8073
1749261679,0.80250000,12.40000000,0.8073
1749261679,0.80240000,12.40000000,0.8073
1749261679,0.80230000,2128.00000000,0.8073
1749261679,0.80220000,28.70000000,0.8073
1749261679,0.80210000,59301.50000000,0.8073
1749261679,0.80200000,8255.00000000,0.8073
1749261679,0.80190000,12.40000000,0.8073
1749261679,0.80180000,21.80000000,0.8073
1749261679,0.80170000,2513.30000000,0.8073
1749261679,0.80160000,19.30000000,0.8073
1749261679,0.80150000,12.40000000,0.8073
1749261679,0.80140000,2139.30000000,0.8073
1749261679,0.80130000,4805.40000000,0.8073
1749261679,0.80120000,2560.70000000,0.8073
1749261679,0.80110000,2130.10000000,0.8073
1749261679,0.80100000,29.30000000,0.8073
1749261679,0.80090000,12.40000000,0.8073
1749261679,0.80080000,29.50000000,0.8073
1749261679,0.80070000,2768.00000000,0.8073
1749261679,0.80060000,21.80000000,0.8073
1749261679,0.80050000,10201.40000000,0.8073
1749261679,0.80040000,56463.70000000,0.8073
1749261679,0.80030000,12.40000000,0.8073
1749261679,0.80020000,339.70000000,0.8073
1749261679,0.80010000,6152.60000000,0.8073
1749261679,0.80000000,3757.10000000,0.8073
1749261679,0.79990000,65.80000000,0.8073
1749261679,0.79980000,21.70000000,0.8073
1749261679,0.79970000,2385.00000000,0.8073
1749261679,0.79960000,6.50000000,0.8073
1749261679,0.79950000,1187.30000000,0.8073
1749261679,0.79940000,5206.40000000,0.8073
1749261679,0.79920000,12.50000000,0.8073
1749261679,0.79910000,2579.80000000,0.8073
1749261679,0.79900000,21.80000000,0.8073
1749261679,0.79880000,16371.00000000,0.8073
1749261679,0.79860000,9.30000000,0.8073
1749261679,0.79820000,9.40000000,0.8073
1749261679,0.79800000,6435.40000000,0.8073
1749261679,0.79790000,5178.10000000,0.8073
1749261679,0.79780000,2488.40000000,0.8073
1749261679,0.79770000,17.60000000,0.8073
1749261679,0.79760000,145.00000000,0.8073
1749261679,0.79750000,20430.50000000,0.8073
1749261679,0.79740000,9.40000000,0.8073
1749261679,0.79720000,250.90000000,0.8073
1749261679,0.79710000,139.00000000,0.8073
1749261679,0.79690000,16.00000000,0.8073
1749261679,0.79680000,32.20000000,0.8073
1749261679,0.79650000,25.10000000,0.8073
1749261679,0.79640000,83.20000000,0.8073
1749261679,0.79630000,47.70000000,0.8073
1749261985,0.80640000,1006.30000000,0.8065
1749261985,0.80630000,1054.70000000,0.8065
1749261985,0.80620000,3095.80000000,0.8065
1749261985,0.80610000,10616.80000000,0.8065
1749261985,0.80600000,10014.50000000,0.8065
1749261985,0.80590000,9205.70000000,0.8065
1749261985,0.80580000,16054.60000000,0.8065
1749261985,0.80570000,11788.60000000,0.8065
1749261985,0.80560000,5280.70000000,0.8065
1749261985,0.80550000,7184.30000000,0.8065
1749261985,0.80540000,17784.50000000,0.8065
1749261985,0.80530000,37755.70000000,0.8065
1749261985,0.80520000,49547.10000000,0.8065
1749261985,0.80510000,52444.20000000,0.8065
1749261985,0.80500000,22011.00000000,0.8065
1749261985,0.80490000,19453.40000000,0.8065
1749261985,0.80480000,28130.30000000,0.8065
1749261985,0.80470000,50715.70000000,0.8065
1749261985,0.80460000,28198.70000000,0.8065
1749261985,0.80450000,21768.70000000,0.8065
1749261985,0.80440000,1143.80000000,0.8065
1749261985,0.80430000,251.00000000,0.8065
1749261985,0.80420000,298.50000000,0.8065
1749261985,0.80410000,49143.60000000,0.8065
1749261985,0.80400000,639.10000000,0.8065
1749261985,0.80390000,158.50000000,0.8065
1749261985,0.80380000,3003.00000000,0.8065
1749261985,0.80370000,3728.30000000,0.8065
1749261985,0.80360000,277.80000000,0.8065
1749261985,0.80350000,2392.90000000,0.8065
1749261985,0.80340000,63133.80000000,0.8065
1749261985,0.80330000,75601.30000000,0.8065
1749261985,0.80320000,12528.20000000,0.8065
1749261985,0.80310000,104.30000000,0.8065
1749261985,0.80300000,21.80000000,0.8065
1749261985,0.80290000,2143.40000000,0.8065
1749261985,0.80280000,25.80000000,0.8065
1749261985,0.80270000,25.40000000,0.8065
1749261985,0.80260000,2161.50000000,0.8065
1749261985,0.80250000,12.40000000,0.8065
1749261985,0.80240000,12.40000000,0.8065
1749261985,0.80230000,3278.50000000,0.8065
1749261985,0.80220000,28.70000000,0.8065
1749261985,0.80210000,65420.00000000,0.8065
1749261985,0.80200000,2128.30000000,0.8065
1749261985,0.80190000,12.40000000,0.8065
1749261985,0.80180000,21.80000000,0.8065
1749261985,0.80170000,2513.30000000,0.8065
1749261985,0.80160000,19.30000000,0.8065
1749261985,0.80150000,12.40000000,0.8065
1749261985,0.80140000,2139.30000000,0.8065
1749261985,0.80130000,12.40000000,0.8065
1749261985,0.80120000,12.40000000,0.8065
1749261985,0.80110000,8256.80000000,0.8065
1749261985,0.80100000,36.20000000,0.8065
1749261985,0.80090000,12.40000000,0.8065
1749261985,0.80080000,2148.50000000,0.8065
1749261985,0.80070000,110.00000000,0.8065
1749261985,0.80060000,2141.40000000,0.8065
1749261985,0.80050000,315.40000000,0.8065
1749261985,0.80040000,56463.70000000,0.8065
1749261985,0.80030000,12.40000000,0.8065
1749261985,0.80020000,339.70000000,0.8065
1749261985,0.80010000,2215.40000000,0.8065
1749261985,0.80000000,1928.00000000,0.8065
1749261985,0.79990000,65.80000000,0.8065
1749261985,0.79980000,10218.20000000,0.8065
1749261985,0.79970000,12.40000000,0.8065
1749261985,0.79960000,18.90000000,0.8065
1749261985,0.79950000,1132.50000000,0.8065
1749261985,0.79940000,21.70000000,0.8065
1749261985,0.79930000,12.40000000,0.8065
1749261985,0.79920000,6165.20000000,0.8065
1749261985,0.79910000,2419.30000000,0.8065
1749261985,0.79900000,34.30000000,0.8065
1749261985,0.79890000,12.50000000,0.8065
1749261985,0.79880000,16371.00000000,0.8065
1749261985,0.79870000,2304.00000000,0.8065
1749261985,0.79860000,9.30000000,0.8065
1749261985,0.79820000,9.40000000,0.8065
1749261985,0.79800000,269.40000000,0.8065
1749261985,0.79790000,17.10000000,0.8065
1749261985,0.79780000,9.40000000,0.8065
1749261985,0.79770000,17.60000000,0.8065
1749261985,0.79760000,11519.80000000,0.8065
1749261985,0.79750000,20497.90000000,0.8065
1749261985,0.79740000,9.40000000,0.8065
1749261985,0.79720000,250.90000000,0.8065
1749261985,0.79710000,139.00000000,0.8065
1749261985,0.79690000,16.00000000,0.8065
1749261985,0.79680000,32.20000000,0.8065
1749261985,0.79650000,25.10000000,0.8065
1749261985,0.79640000,83.20000000,0.8065
1749261985,0.79630000,47.70000000,0.8065
1749261985,0.79600000,62.80000000,0.8065
1749261985,0.79530000,7.40000000,0.8065
1749261985,0.79500000,209.50000000,0.8065
1749261985,0.79480000,15069.60000000,0.8065
1749261985,0.79450000,94.40000000,0.8065
1749261985,0.79370000,78.60000000,0.8065
1749262287,0.80820000,1185.10000000,0.8082
1749262287,0.80810000,2617.80000000,0.8082
1749262287,0.80800000,8240.70000000,0.8082
1749262287,0.80790000,950.60000000,0.8082
1749262287,0.80780000,6652.90000000,0.8082
1749262287,0.80770000,17351.50000000,0.8082
1749262287,0.80760000,15125.10000000,0.8082
1749262287,0.80750000,24522.40000000,0.8082
1749262287,0.80740000,10053.80000000,0.8082
1749262287,0.80730000,4525.30000000,0.8082
1749262287,0.80720000,3564.80000000,0.8082
1749262287,0.80710000,4438.80000000,0.8082
1749262287,0.80700000,16474.00000000,0.8082
1749262287,0.80690000,35113.80000000,0.8082
1749262287,0.80680000,43313.10000000,0.8082
1749262287,0.80670000,38538.20000000,0.8082
1749262287,0.80660000,14027.90000000,0.8082
1749262287,0.80650000,13949.90000000,0.8082
1749262287,0.80640000,10281.60000000,0.8082
1749262287,0.80630000,23520.50000000,0.8082
1749262287,0.80620000,50367.60000000,0.8082
1749262287,0.80610000,958.10000000,0.8082
1749262287,0.80600000,1520.50000000,0.8082
1749262287,0.80590000,2139.40000000,0.8082
1749262287,0.80580000,16466.50000000,0.8082
1749262287,0.80570000,5592.60000000,0.8082
1749262287,0.80560000,2762.80000000,0.8082
1749262287,0.80550000,5836.70000000,0.8082
1749262287,0.80540000,826.80000000,0.8082
1749262287,0.80530000,622.00000000,0.8082
1749262287,0.80520000,4051.20000000,0.8082
1749262287,0.80510000,80.20000000,0.8082
1749262287,0.80500000,21.80000000,0.8082
1749262287,0.80490000,12.40000000,0.8082
1749262287,0.80480000,1095.80000000,0.8082
1749262287,0.80470000,32767.90000000,0.8082
1749262287,0.80460000,11110.40000000,0.8082
1749262287,0.80450000,2128.00000000,0.8082
1749262287,0.80440000,1143.80000000,0.8082
1749262287,0.80430000,251.00000000,0.8082
1749262287,0.80420000,21.80000000,0.8082
1749262287,0.80410000,48538.00000000,0.8082
1749262287,0.80400000,19.30000000,0.8082
1749262287,0.80390000,6277.00000000,0.8082
1749262287,0.80380000,2162.00000000,0.8082
1749262287,0.80370000,12.40000000,0.8082
1749262287,0.80360000,277.80000000,0.8082
1749262287,0.80350000,2392.90000000,0.8082
1749262287,0.80340000,62153.80000000,0.8082
1749262287,0.80330000,75601.30000000,0.8082
1749262287,0.80320000,2387.80000000,0.8082
1749262287,0.80310000,104.30000000,0.8082
1749262287,0.80300000,6148.50000000,0.8082
1749262287,0.80290000,2143.40000000,0.8082
1749262287,0.80280000,25.80000000,0.8082
1749262287,0.80270000,25.40000000,0.8082
1749262287,0.80260000,2161.50000000,0.8082
1749262287,0.80250000,12.40000000,0.8082
1749262287,0.80240000,12.40000000,0.8082
1749262287,0.80230000,3278.50000000,0.8082
1749262287,0.80220000,333.80000000,0.8082
1749262287,0.80210000,59301.50000000,0.8082
1749262287,0.80200000,2128.30000000,0.8082
1749262287,0.80190000,12.40000000,0.8082
1749262287,0.80180000,21.80000000,0.8082
1749262287,0.80170000,4659.30000000,0.8082
1749262287,0.80160000,19.30000000,0.8082
1749262287,0.80150000,12.40000000,0.8082
1749262287,0.80140000,10202.90000000,0.8082
1749262287,0.80130000,12.40000000,0.8082
1749262287,0.80120000,12.40000000,0.8082
1749262287,0.80110000,6152.60000000,0.8082
1749262287,0.80100000,2142.30000000,0.8082
1749262287,0.80090000,12.40000000,0.8082
1749262287,0.80080000,29.50000000,0.8082
1749262287,0.80070000,110.00000000,0.8082
1749262287,0.80060000,2125.40000000,0.8082
1749262287,0.80040000,56451.30000000,0.8082
1749262287,0.80020000,327.30000000,0.8082
1749262287,0.80000000,1915.60000000,0.8082
1749262287,0.79990000,53.40000000,0.8082
1749262287,0.79980000,2207.30000000,0.8082
1749262287,0.79960000,6.50000000,0.8082
1749262287,0.79950000,1120.10000000,0.8082
1749262287,0.79940000,9.30000000,0.8082
1749262287,0.79920000,12.50000000,0.8082
1749262287,0.79910000,32.80000000,0.8082
1749262287,0.79900000,21.80000000,0.8082
1749262287,0.79890000,6166.00000000,0.8082
1749262287,0.79880000,16371.00000000,0.8082
1749262287,0.79860000,2266.30000000,0.8082
1749262287,0.79820000,9.40000000,0.8082
1749262287,0.79800000,269.40000000,0.8082
1749262287,0.79790000,17.10000000,0.8082
1749262287,0.79780000,9.40000000,0.8082
1749262287,0.79770000,17.60000000,0.8082
1749262287,0.79760000,5353.80000000,0.8082
1749262287,0.79750000,20497.90000000,0.8082
1749262287,0.79740000,9.40000000,0.8082
1749262287,0.79720000,250.90000000,0.8082
1749262589,0.81010000,383.00000000,0.8101
1749262589,0.81000000,995.40000000,0.8101
1749262589,0.80990000,970.80000000,0.8101
1749262589,0.80980000,2907.40000000,0.8101
1749262589,0.80970000,7858.00000000,0.8101
1749262589,0.80960000,1126.90000000,0.8101
1749262589,0.80950000,10443.20000000,0.8101
1749262589,0.80940000,33757.20000000,0.8101
1749262589,0.80930000,31526.90000000,0.8101
1749262589,0.80920000,12139.80000000,0.8101
1749262589,0.80910000,11630.40000000,0.8101
1749262589,0.80900000,38608.40000000,0.8101
1749262589,0.80890000,10670.10000000,0.8101
1749262589,0.80880000,19192.30000000,0.8101
1749262589,0.80870000,22594.00000000,0.8101
1749262589,0.80860000,25268.60000000,0.8101
1749262589,0.80850000,51153.50000000,0.8101
1749262589,0.80840000,18020.40000000,0.8101
1749262589,0.80830000,9843.40000000,0.8101
1749262589,0.80820000,11505.40000000,0.8101
1749262589,0.80810000,33556.50000000,0.8101
1749262589,0.80800000,5530.70000000,0.8101
1749262589,0.80790000,2433.80000000,0.8101
1749262589,0.80780000,471.10000000,0.8101
1749262589,0.80770000,318.40000000,0.8101
1749262589,0.80760000,2935.00000000,0.8101
1749262589,0.80750000,4018.20000000,0.8101
1749262589,0.80740000,21.70000000,0.8101
1749262589,0.80730000,12.40000000,0.8101
1749262589,0.80720000,3946.00000000,0.8101
1749262589,0.80710000,1351.10000000,0.8101
1749262589,0.80700000,2904.10000000,0.8101
1749262589,0.80690000,318.40000000,0.8101
1749262589,0.80680000,750.40000000,0.8101
1749262589,0.80670000,12269.30000000,0.8101
1749262589,0.80660000,522.80000000,0.8101
1749262589,0.80650000,12.50000000,0.8101
1749262589,0.80640000,2854.80000000,0.8101
1749262589,0.80630000,750.50000000,0.8101
1749262589,0.80620000,21.80000000,0.8101
1749262589,0.80610000,720.20000000,0.8101
1749262589,0.80600000,7671.60000000,0.8101
1749262589,0.80590000,2229.10000000,0.8101
1749262589,0.80580000,28.70000000,0.8101
1749262589,0.80570000,12.40000000,0.8101
1749262589,0.80560000,2143.20000000,0.8101
1749262589,0.80550000,2128.00000000,0.8101
1749262589,0.80540000,30406.40000000,0.8101
1749262589,0.80530000,18.90000000,0.8101
1749262589,0.80520000,2134.90000000,0.8101
1749262589,0.80510000,80.20000000,0.8101
1749262589,0.80500000,52555.60000000,0.8101
1749262589,0.80490000,12.40000000,0.8101
1749262589,0.80480000,19.80000000,0.8101
1749262589,0.80470000,2132.00000000,0.8101
1749262589,0.80460000,1401.50000000,0.8101
1749262589,0.80450000,65400.40000000,0.8101
1749262589,0.80440000,12.40000000,0.8101
1749262589,0.80430000,56.70000000,0.8101
1749262589,0.80420000,329.40000000,0.8101
1749262589,0.80410000,2130.90000000,0.8101
1749262589,0.80400000,337.70000000,0.8101
1749262589,0.80390000,158.50000000,0.8101
1749262589,0.80380000,46.90000000,0.8101
1749262589,0.80370000,12.40000000,0.8101
1749262589,0.80360000,12.40000000,0.8101
1749262589,0.80350000,12.40000000,0.8101
1749262589,0.80340000,21.80000000,0.8101
1749262589,0.80330000,85757.30000000,0.8101
1749262589,0.80320000,17947.90000000,0.8101
1749262589,0.80310000,12.40000000,0.8101
1749262589,0.80300000,6162.00000000,0.8101
1749262589,0.80290000,27.80000000,0.8101
1749262589,0.80280000,18.90000000,0.8101
1749262589,0.80270000,1742.40000000,0.8101
1749262589,0.80260000,1805.90000000,0.8101
1749262589,0.80250000,306.60000000,0.8101
1749262589,0.80230000,306.60000000,0.8101
1749262589,0.80220000,9.40000000,0.8101
1749262589,0.80210000,59289.10000000,0.8101
1749262589,0.80180000,9.40000000,0.8101
1749262589,0.80170000,2019.40000000,0.8101
1749262589,0.80140000,9.40000000,0.8101
1749262589,0.80100000,16.90000000,0.8101
1749262589,0.80080000,17.10000000,0.8101
1749262589,0.80070000,1806.30000000,0.8101
1749262589,0.80060000,9.40000000,0.8101
1749262589,0.80050000,6166.00000000,0.8101
1749262589,0.80040000,38329.70000000,0.8101
1749262589,0.80030000,160.80000000,0.8101
1749262589,0.80020000,19.90000000,0.8101
1749262589,0.80000000,1915.60000000,0.8101
1749262589,0.79990000,120.60000000,0.8101
1749262589,0.79980000,1549.30000000,0.8101
1749262589,0.79970000,1812.00000000,0.8101
1749262589,0.79960000,3282.50000000,0.8101
1749262589,0.79950000,6155.60000000,0.8101
1749262589,0.79940000,9.30000000,0.8101
1749262589,0.79920000,12.50000000,0.8101
1749262589,0.79910000,32.80000000,0.8101
1749262895,0.80940000,1255.10000000,0.8094
1749262895,0.80930000,740.70000000,0.8094
1749262895,0.80920000,2902.90000000,0.8094
1749262895,0.80910000,7097.20000000,0.8094
1749262895,0.80900000,1010.60000000,0.8094
1749262895,0.80890000,4400.40000000,0.8094
1749262895,0.80880000,16496.10000000,0.8094
1749262895,0.80870000,10002.70000000,0.8094
1749262895,0.80860000,20221.50000000,0.8094
1749262895,0.80850000,60870.40000000,0.8094
1749262895,0.80840000,28831.50000000,0.8094
1749262895,0.80830000,34207.00000000,0.8094
1749262895,0.80820000,12861.30000000,0.8094
1749262895,0.80810000,10307.90000000,0.8094
1749262895,0.80800000,14765.30000000,0.8094
1749262895,0.80790000,24136.80000000,0.8094
1749262895,0.80780000,17244.10000000,0.8094
1749262895,0.80770000,28529.90000000,0.8094
1749262895,0.80760000,57740.10000000,0.8094
1749262895,0.80750000,4956.60000000,0.8094
1749262895,0.80740000,334.60000000,0.8094
1749262895,0.80730000,921.40000000,0.8094
1749262895,0.80720000,17860.00000000,0.8094
1749262895,0.80710000,1112.10000000,0.8094
1749262895,0.80700000,4066.80000000,0.8094
1749262895,0.80690000,30412.10000000,0.8094
1749262895,0.80680000,318.40000000,0.8094
1749262895,0.80670000,3016.90000000,0.8094
1749262895,0.80660000,21.80000000,0.8094
1749262895,0.80650000,50933.00000000,0.8094
1749262895,0.80640000,2719.80000000,0.8094
1749262895,0.80630000,1711.70000000,0.8094
1749262895,0.80620000,327.80000000,0.8094
1749262895,0.80610000,32.40000000,0.8094
1749262895,0.80600000,10276.40000000,0.8094
1749262895,0.80590000,61586.20000000,0.8094
1749262895,0.80580000,334.70000000,0.8094
1749262895,0.80570000,12.40000000,0.8094
1749262895,0.80560000,2143.20000000,0.8094
1749262895,0.80550000,2128.00000000,0.8094
1749262895,0.80540000,21.80000000,0.8094
1749262895,0.80530000,18.90000000,0.8094
1749262895,0.80520000,2134.90000000,0.8094
1749262895,0.80510000,80.20000000,0.8094
1749262895,0.80500000,21.80000000,0.8094
1749262895,0.80490000,74145.40000000,0.8094
1749262895,0.80480000,6138.30000000,0.8094
1749262895,0.80470000,2132.00000000,0.8094
1749262895,0.80460000,1401.50000000,0.8094
1749262895,0.80450000,3275.30000000,0.8094
1749262895,0.80440000,12.40000000,0.8094
1749262895,0.80430000,56.70000000,0.8094
1749262895,0.80420000,287.00000000,0.8094
1749262895,0.80410000,2130.90000000,0.8094
1749262895,0.80400000,72.40000000,0.8094
1749262895,0.80390000,158.50000000,0.8094
1749262895,0.80380000,8284.80000000,0.8094
1749262895,0.80370000,2124.40000000,0.8094
1749262895,0.80360000,60112.00000000,0.8094
1749262895,0.80350000,12.40000000,0.8094
1749262895,0.80340000,28.70000000,0.8094
1749262895,0.80330000,318.10000000,0.8094
1749262895,0.80320000,20060.40000000,0.8094
1749262895,0.80310000,12.40000000,0.8094
1749262895,0.80300000,21.80000000,0.8094
1749262895,0.80290000,27.80000000,0.8094
1749262895,0.80280000,1818.90000000,0.8094
1749262895,0.80270000,25.40000000,0.8094
1749262895,0.80260000,45.90000000,0.8094
1749262895,0.80250000,10486.10000000,0.8094
1749262895,0.80240000,12.40000000,0.8094
1749262895,0.80230000,319.00000000,0.8094
1749262895,0.80220000,21.80000000,0.8094
1749262895,0.80210000,12.40000000,0.8094
1749262895,0.80200000,43968.20000000,0.8094
1749262895,0.80190000,12.40000000,0.8094
1749262895,0.80180000,9.40000000,0.8094
1749262895,0.80170000,507.90000000,0.8094
1749262895,0.80140000,3924.40000000,0.8094
1749262895,0.80100000,16.90000000,0.8094
1749262895,0.80080000,17.10000000,0.8094
1749262895,0.80070000,44.30000000,0.8094
1749262895,0.80060000,9.40000000,0.8094
1749262895,0.80040000,14901.90000000,0.8094
1749262895,0.80030000,160.80000000,0.8094
1749262895,0.80020000,19.90000000,0.8094
1749262895,0.80000000,1915.60000000,0.8094
1749262895,0.79990000,120.60000000,0.8094
1749262895,0.79980000,9.30000000,0.8094
1749262895,0.79960000,6172.50000000,0.8094
1749262895,0.79950000,7934.60000000,0.8094
1749262895,0.79940000,9.30000000,0.8094
1749262895,0.79920000,1768.50000000,0.8094
1749262895,0.79910000,32.80000000,0.8094
1749262895,0.79900000,21.80000000,0.8094
1749262895,0.79880000,1000.00000000,0.8094
1749262895,0.79860000,9.30000000,0.8094
1749262895,0.79820000,9.40000000,0.8094
1749262895,0.79800000,269.40000000,0.8094
1749262895,0.79790000,17.10000000,0.8094
1749263196,0.81110000,532.00000000,0.8111
1749263196,0.81100000,850.40000000,0.8111
1749263196,0.81090000,9268.70000000,0.8111
1749263196,0.81080000,1075.30000000,0.8111
1749263196,0.81070000,1109.60000000,0.8111
1749263196,0.81060000,1254.10000000,0.8111
1749263196,0.81050000,1363.00000000,0.8111
1749263196,0.81040000,1211.70000000,0.8111
1749263196,0.81030000,4080.20000000,0.8111
1749263196,0.81020000,14376.20000000,0.8111
1749263196,0.81010000,39603.40000000,0.8111
1749263196,0.81000000,28606.60000000,0.8111
1749263196,0.80990000,66780.30000000,0.8111
1749263196,0.80980000,19541.40000000,0.8111
1749263196,0.80970000,10341.20000000,0.8111
1749263196,0.80960000,14182.60000000,0.8111
1749263196,0.80950000,20815.50000000,0.8111
1749263196,0.80940000,28770.50000000,0.8111
1749263196,0.80930000,44597.30000000,0.8111
1749263196,0.80920000,42256.90000000,0.8111
1749263196,0.80910000,1367.50000000,0.8111
1749263196,0.80900000,9887.60000000,0.8111
1749263196,0.80890000,12595.10000000,0.8111
1749263196,0.80880000,2892.70000000,0.8111
1749263196,0.80870000,318.40000000,0.8111
1749263196,0.80860000,327.70000000,0.8111
1749263196,0.80850000,678.40000000,0.8111
1749263196,0.80840000,4013.60000000,0.8111
1749263196,0.80830000,2764.30000000,0.8111
1749263196,0.80820000,1014.50000000,0.8111
1749263196,0.80810000,1554.30000000,0.8111
1749263196,0.80800000,2792.20000000,0.8111
1749263196,0.80790000,2478.10000000,0.8111
1749263196,0.80780000,327.70000000,0.8111
1749263196,0.80770000,919.70000000,0.8111
1749263196,0.80760000,32535.70000000,0.8111
1749263196,0.80750000,10203.90000000,0.8111
1749263196,0.80740000,47520.60000000,0.8111
1749263196,0.80730000,101.10000000,0.8111
1749263196,0.80720000,2129.10000000,0.8111
1749263196,0.80710000,12.40000000,0.8111
1749263196,0.80700000,2146.10000000,0.8111
1749263196,0.80690000,12.40000000,0.8111
1749263196,0.80680000,12.40000000,0.8111
1749263196,0.80670000,8266.40000000,0.8111
1749263196,0.80660000,21.80000000,0.8111
1749263196,0.80650000,12.50000000,0.8111
1749263196,0.80640000,2137.90000000,0.8111
1749263196,0.80630000,276.50000000,0.8111
1749263196,0.80620000,21.80000000,0.8111
1749263196,0.80610000,32.40000000,0.8111
1749263196,0.80600000,33.90000000,0.8111
1749263196,0.80590000,61496.50000000,0.8111
1749263196,0.80580000,28.70000000,0.8111
1749263196,0.80570000,12.40000000,0.8111
1749263196,0.80560000,8269.90000000,0.8111
1749263196,0.80550000,3274.50000000,0.8111
1749263196,0.80540000,21.80000000,0.8111
1749263196,0.80530000,18.90000000,0.8111
1749263196,0.80520000,2134.90000000,0.8111
1749263196,0.80510000,1746.10000000,0.8111
1749263196,0.80500000,286.80000000,0.8111
1749263196,0.80490000,74145.40000000,0.8111
1749263196,0.80480000,19.80000000,0.8111
1749263196,0.80470000,12.40000000,0.8111
1749263196,0.80460000,18997.30000000,0.8111
1749263196,0.80450000,12.40000000,0.8111
1749263196,0.80440000,12.40000000,0.8111
1749263196,0.80430000,10201.20000000,0.8111
1749263196,0.80420000,21.80000000,0.8111
1749263196,0.80410000,1576.40000000,0.8111
1749263196,0.80400000,65.50000000,0.8111
1749263196,0.80390000,158.50000000,0.8111
1749263196,0.80380000,46.90000000,0.8111
1749263196,0.80370000,6152.60000000,0.8111
1749263196,0.80360000,60112.00000000,0.8111
1749263196,0.80340000,9.40000000,0.8111
1749263196,0.80310000,1461.00000000,0.8111
1749263196,0.80300000,9.40000000,0.8111
1749263196,0.80290000,15.40000000,0.8111
1749263196,0.80280000,1325.50000000,0.8111
1749263196,0.80270000,13.00000000,0.8111
1749263196,0.80260000,33.50000000,0.8111
1749263196,0.80250000,306.60000000,0.8111
1749263196,0.80230000,306.60000000,0.8111
1749263196,0.80220000,2948.40000000,0.8111
1749263196,0.80210000,7648.00000000,0.8111
1749263196,0.80200000,39564.00000000,0.8111
1749263196,0.80180000,9.40000000,0.8111
1749263196,0.80170000,383.40000000,0.8111
1749263196,0.80140000,1381.40000000,0.8111
1749263196,0.80130000,5184.70000000,0.8111
1749263196,0.80100000,1540.90000000,0.8111
1749263196,0.80080000,17.10000000,0.8111
1749263196,0.80070000,44.30000000,0.8111
1749263196,0.80060000,9.40000000,0.8111
1749263196,0.80040000,14901.90000000,0.8111
1749263196,0.80020000,19.90000000,0.8111
1749263196,0.80000000,1915.60000000,0.8111
1749263196,0.79990000,120.60000000,0.8111
1749263503,0.81120000,438.50000000,0.8113
1749263503,0.81110000,1851.90000000,0.8113
1749263503,0.81100000,3982.60000000,0.8113
1749263503,0.81090000,7668.90000000,0.8113
1749263503,0.81080000,10346.70000000,0.8113
1749263503,0.81070000,32037.10000000,0.8113
1749263503,0.81060000,14222.70000000,0.8113
1749263503,0.81050000,19164.70000000,0.8113
1749263503,0.81040000,3069.30000000,0.8113
1749263503,0.81030000,5424.60000000,0.8113
1749263503,0.81020000,12299.60000000,0.8113
1749263503,0.81010000,10430.80000000,0.8113
1749263503,0.81000000,32637.50000000,0.8113
1749263503,0.80990000,29236.00000000,0.8113
1749263503,0.80980000,29288.90000000,0.8113
1749263503,0.80970000,22673.10000000,0.8113
1749263503,0.80960000,23508.80000000,0.8113
1749263503,0.80950000,40038.40000000,0.8113
1749263503,0.80940000,51565.80000000,0.8113
1749263503,0.80930000,18734.50000000,0.8113
1749263503,0.80920000,632.20000000,0.8113
1749263503,0.80910000,387.30000000,0.8113
1749263503,0.80900000,313.30000000,0.8113
1749263503,0.80890000,2430.10000000,0.8113
1749263503,0.80880000,2764.30000000,0.8113
1749263503,0.80870000,4012.60000000,0.8113
1749263503,0.80860000,327.70000000,0.8113
1749263503,0.80850000,318.40000000,0.8113
1749263503,0.80840000,318.40000000,0.8113
1749263503,0.80830000,78562.70000000,0.8113
1749263503,0.80820000,10109.50000000,0.8113
1749263503,0.80810000,936.30000000,0.8113
1749263503,0.80800000,2439.20000000,0.8113
1749263503,0.80790000,2478.10000000,0.8113
1749263503,0.80780000,21.70000000,0.8113
1749263503,0.80770000,318.40000000,0.8113
1749263503,0.80760000,2442.00000000,0.8113
1749263503,0.80750000,12.40000000,0.8113
1749263503,0.80740000,21.70000000,0.8113
1749263503,0.80730000,1535.50000000,0.8113
1749263503,0.80720000,2129.10000000,0.8113
1749263503,0.80710000,12.40000000,0.8113
1749263503,0.80700000,67964.60000000,0.8113
1749263503,0.80690000,12.40000000,0.8113
1749263503,0.80680000,12.40000000,0.8113
1749263503,0.80670000,2147.90000000,0.8113
1749263503,0.80660000,21.80000000,0.8113
1749263503,0.80650000,74145.50000000,0.8113
1749263503,0.80640000,2137.90000000,0.8113
1749263503,0.80630000,12.50000000,0.8113
1749263503,0.80620000,21.80000000,0.8113
1749263503,0.80610000,32.40000000,0.8113
1749263503,0.80600000,6160.60000000,0.8113
1749263503,0.80590000,2139.40000000,0.8113
1749263503,0.80580000,28.70000000,0.8113
1749263503,0.80570000,277.10000000,0.8113
1749263503,0.80560000,2143.20000000,0.8113
1749263503,0.80550000,1158.90000000,0.8113
1749263503,0.80540000,21.80000000,0.8113
1749263503,0.80530000,2125.90000000,0.8113
1749263503,0.80520000,327.40000000,0.8113
1749263503,0.80510000,80.20000000,0.8113
1749263503,0.80500000,21.80000000,0.8113
1749263503,0.80490000,12.40000000,0.8113
1749263503,0.80480000,19.80000000,0.8113
1749263503,0.80470000,12.40000000,0.8113
1749263503,0.80460000,18990.40000000,0.8113
1749263503,0.80450000,10153.10000000,0.8113
1749263503,0.80440000,12.40000000,0.8113
1749263503,0.80430000,1542.70000000,0.8113
1749263503,0.80420000,1589.80000000,0.8113
1749263503,0.80410000,12.40000000,0.8113
1749263503,0.80400000,1535.50000000,0.8113
1749263503,0.80390000,158.50000000,0.8113
1749263503,0.80380000,46.90000000,0.8113
1749263503,0.80370000,6185.50000000,0.8113
1749263503,0.80360000,60099.60000000,0.8113
1749263503,0.80350000,2966.00000000,0.8113
1749263503,0.80340000,9.40000000,0.8113
1749263503,0.80300000,9.40000000,0.8113
1749263503,0.80290000,15.40000000,0.8113
1749263503,0.80280000,6.50000000,0.8113
1749263503,0.80270000,13.00000000,0.8113
1749263503,0.80260000,33.50000000,0.8113
1749263503,0.80250000,306.60000000,0.8113
1749263503,0.80230000,306.60000000,0.8113
1749263503,0.80220000,9.40000000,0.8113
1749263503,0.80210000,6166.00000000,0.8113
1749263503,0.80200000,38043.00000000,0.8113
1749263503,0.80180000,9.40000000,0.8113
1749263503,0.80170000,383.40000000,0.8113
1749263503,0.80140000,9.40000000,0.8113
1749263503,0.80130000,5184.70000000,0.8113
1749263503,0.80100000,16.90000000,0.8113
1749263503,0.80080000,17.10000000,0.8113
1749263503,0.80070000,44.30000000,0.8113
1749263503,0.80060000,9.40000000,0.8113
1749263503,0.80040000,14901.90000000,0.8113
1749263503,0.80020000,19.90000000,0.8113
1749263503,0.80000000,1915.60000000,0.8113
1749263809,0.81180000,12.40000000,0.8118
1749263809,0.81170000,669.20000000,0.8118
1749263809,0.81160000,1709.90000000,0.8118
1749263809,0.81150000,4563.10000000,0.8118
1749263809,0.81140000,8059.50000000,0.8118
1749263809,0.81130000,6880.00000000,0.8118
1749263809,0.81120000,20652.30000000,0.8118
1749263809,0.81110000,28218.20000000,0.8118
1749263809,0.81100000,50542.90000000,0.8118
1749263809,0.81090000,21346.00000000,0.8118
1749263809,0.81080000,7522.90000000,0.8118
1749263809,0.81070000,1906.40000000,0.8118
1749263809,0.81060000,7875.10000000,0.8118
1749263809,0.81050000,17898.60000000,0.8118
1749263809,0.81040000,38395.70000000,0.8118
1749263809,0.81030000,25664.30000000,0.8118
1749263809,0.81020000,38700.70000000,0.8118
1749263809,0.81010000,59845.10000000,0.8118
1749263809,0.81000000,14379.60000000,0.8118
1749263809,0.80990000,2005.80000000,0.8118
1749263809,0.80980000,2957.90000000,0.8118
1749263809,0.80970000,2292.40000000,0.8118
1749263809,0.80960000,17853.90000000,0.8118
1749263809,0.80950000,318.40000000,0.8118
1749263809,0.80940000,4039.10000000,0.8118
1749263809,0.80930000,5399.70000000,0.8118
1749263809,0.80920000,30412.10000000,0.8118
1749263809,0.80910000,856.30000000,0.8118
1749263809,0.80900000,313.30000000,0.8118
1749263809,0.80890000,2443.40000000,0.8118
1749263809,0.80880000,2438.30000000,0.8118
1749263809,0.80870000,937.80000000,0.8118
1749263809,0.80860000,829.70000000,0.8118
1749263809,0.80850000,819.40000000,0.8118
1749263809,0.80840000,318.40000000,0.8118
1749263809,0.80830000,48469.00000000,0.8118
1749263809,0.80820000,72893.90000000,0.8118
1749263809,0.80810000,318.40000000,0.8118
1749263809,0.80800000,2439.20000000,0.8118
1749263809,0.80790000,2478.10000000,0.8118
1749263809,0.80780000,21.70000000,0.8118
1749263809,0.80770000,318.40000000,0.8118
1749263809,0.80760000,3043.30000000,0.8118
1749263809,0.80750000,12.40000000,0.8118
1749263809,0.80740000,21.70000000,0.8118
1749263809,0.80730000,101.10000000,0.8118
1749263809,0.80720000,3257.50000000,0.8118
1749263809,0.80710000,12.40000000,0.8118
1749263809,0.80700000,2396.70000000,0.8118
1749263809,0.80690000,12.40000000,0.8118
1749263809,0.80680000,12.40000000,0.8118
1749263809,0.80670000,2147.90000000,0.8118
1749263809,0.80660000,286.20000000,0.8118
1749263809,0.80650000,74409.50000000,0.8118
1749263809,0.80640000,2137.90000000,0.8118
1749263809,0.80630000,271.30000000,0.8118
1749263809,0.80620000,21.80000000,0.8118
1749263809,0.80610000,32.40000000,0.8118
1749263809,0.80600000,6152.40000000,0.8118
1749263809,0.80590000,2139.40000000,0.8118
1749263809,0.80580000,60436.40000000,0.8118
1749263809,0.80570000,12.40000000,0.8118
1749263809,0.80560000,2143.20000000,0.8118
1749263809,0.80550000,1158.90000000,0.8118
1749263809,0.80540000,21.80000000,0.8118
1749263809,0.80530000,8252.60000000,0.8118
1749263809,0.80520000,19.30000000,0.8118
1749263809,0.80510000,80.20000000,0.8118
1749263809,0.80500000,21.80000000,0.8118
1749263809,0.80490000,10155.90000000,0.8118
1749263809,0.80480000,19.80000000,0.8118
1749263809,0.80470000,3473.40000000,0.8118
1749263809,0.80460000,18990.40000000,0.8118
1749263809,0.80450000,1705.40000000,0.8118
1749263809,0.80440000,12.40000000,0.8118
1749263809,0.80430000,56.70000000,0.8118
1749263809,0.80420000,9.40000000,0.8118
1749263809,0.80400000,1643.10000000,0.8118
1749263809,0.80390000,146.10000000,0.8118
1749263809,0.80380000,34.50000000,0.8118
1749263809,0.80370000,32.90000000,0.8118
1749263809,0.80340000,9.40000000,0.8118
1749263809,0.80300000,9.40000000,0.8118
1749263809,0.80290000,15.40000000,0.8118
1749263809,0.80280000,6.50000000,0.8118
1749263809,0.80270000,13.00000000,0.8118
1749263809,0.80260000,33.50000000,0.8118
1749263809,0.80250000,306.60000000,0.8118
1749263809,0.80230000,306.60000000,0.8118
1749263809,0.80220000,9.40000000,0.8118
1749263809,0.80210000,6140.20000000,0.8118
1749263809,0.80200000,38043.00000000,0.8118
1749263809,0.80180000,9.40000000,0.8118
1749263809,0.80170000,383.40000000,0.8118
1749263809,0.80160000,1892.00000000,0.8118
1749263809,0.80140000,6175.40000000,0.8118
1749263809,0.80130000,5184.70000000,0.8118
1749263809,0.80100000,16.90000000,0.8118
1749263809,0.80080000,17.10000000,0.8118
1749263809,0.80070000,44.30000000,0.8118
1749264111,0.81230000,2413.10000000,0.8123
1749264111,0.81220000,1728.30000000,0.8123
1749264111,0.81210000,2282.40000000,0.8123
1749264111,0.81200000,7196.90000000,0.8123
1749264111,0.81190000,25126.30000000,0.8123
1749264111,0.81180000,4251.20000000,0.8123
1749264111,0.81170000,5215.60000000,0.8123
1749264111,0.81160000,14734.70000000,0.8123
1749264111,0.81150000,3422.50000000,0.8123
1749264111,0.81140000,1741.20000000,0.8123
1749264111,0.81130000,8498.50000000,0.8123
1749264111,0.81120000,33593.60000000,0.8123
1749264111,0.81110000,75860.10000000,0.8123
1749264111,0.81100000,82423.60000000,0.8123
1749264111,0.81090000,11835.20000000,0.8123
1749264111,0.81080000,3699.20000000,0.8123
1749264111,0.81070000,6552.80000000,0.8123
1749264111,0.81060000,9417.40000000,0.8123
1749264111,0.81050000,1560.30000000,0.8123
1749264111,0.81040000,8921.90000000,0.8123
1749264111,0.81030000,30928.50000000,0.8123
1749264111,0.81020000,4872.00000000,0.8123
1749264111,0.81010000,21286.10000000,0.8123
1749264111,0.81000000,5362.10000000,0.8123
1749264111,0.80990000,935.10000000,0.8123
1749264111,0.80980000,2922.60000000,0.8123
1749264111,0.80970000,318.40000000,0.8123
1749264111,0.80960000,2962.00000000,0.8123
1749264111,0.80950000,611.40000000,0.8123
1749264111,0.80940000,6136.80000000,0.8123
1749264111,0.80930000,333.10000000,0.8123
1749264111,0.80920000,30692.60000000,0.8123
1749264111,0.80910000,370.70000000,0.8123
1749264111,0.80900000,327.70000000,0.8123
1749264111,0.80890000,12127.70000000,0.8123
1749264111,0.80880000,2438.30000000,0.8123
1749264111,0.80870000,318.40000000,0.8123
1749264111,0.80860000,21.70000000,0.8123
1749264111,0.80850000,12.40000000,0.8123
1749264111,0.80840000,1444.50000000,0.8123
1749264111,0.80830000,48665.60000000,0.8123
1749264111,0.80820000,59126.80000000,0.8123
1749264111,0.80810000,6436.90000000,0.8123
1749264111,0.80800000,2439.20000000,0.8123
1749264111,0.80790000,3387.10000000,0.8123
1749264111,0.80780000,21.70000000,0.8123
1749264111,0.80770000,12.40000000,0.8123
1749264111,0.80760000,3043.30000000,0.8123
1749264111,0.80750000,12.40000000,0.8123
1749264111,0.80740000,398.20000000,0.8123
1749264111,0.80730000,101.40000000,0.8123
1749264111,0.80720000,2129.10000000,0.8123
1749264111,0.80710000,6139.10000000,0.8123
1749264111,0.80700000,2146.10000000,0.8123
1749264111,0.80690000,12.40000000,0.8123
1749264111,0.80680000,12.40000000,0.8123
1749264111,0.80670000,29.40000000,0.8123
1749264111,0.80660000,286.20000000,0.8123
1749264111,0.80650000,76249.40000000,0.8123
1749264111,0.80640000,19.40000000,0.8123
1749264111,0.80630000,12.50000000,0.8123
1749264111,0.80620000,3908.60000000,0.8123
1749264111,0.80610000,1305.40000000,0.8123
1749264111,0.80600000,33.90000000,0.8123
1749264111,0.80590000,2124.70000000,0.8123
1749264111,0.80580000,60128.30000000,0.8123
1749264111,0.80570000,12.40000000,0.8123
1749264111,0.80560000,26.30000000,0.8123
1749264111,0.80550000,1158.90000000,0.8123
1749264111,0.80540000,6162.00000000,0.8123
1749264111,0.80530000,10152.30000000,0.8123
1749264111,0.80520000,1365.40000000,0.8123
1749264111,0.80510000,80.20000000,0.8123
1749264111,0.80500000,21.80000000,0.8123
1749264111,0.80490000,12.40000000,0.8123
1749264111,0.80480000,19.80000000,0.8123
1749264111,0.80460000,1382.20000000,0.8123
1749264111,0.80450000,17940.20000000,0.8123
1749264111,0.80440000,305.80000000,0.8123
1749264111,0.80430000,44.30000000,0.8123
1749264111,0.80420000,9.40000000,0.8123
1749264111,0.80390000,3171.10000000,0.8123
1749264111,0.80380000,194.50000000,0.8123
1749264111,0.80370000,1534.90000000,0.8123
1749264111,0.80340000,9.40000000,0.8123
1749264111,0.80330000,6166.00000000,0.8123
1749264111,0.80320000,5172.50000000,0.8123
1749264111,0.80300000,3157.40000000,0.8123
1749264111,0.80290000,15.40000000,0.8123
1749264111,0.80280000,6.50000000,0.8123
1749264111,0.80270000,13.00000000,0.8123
1749264111,0.80260000,33.50000000,0.8123
1749264111,0.80250000,1315.00000000,0.8123
1749264111,0.80220000,9.40000000,0.8123
1749264111,0.80200000,37882.60000000,0.8123
1749264111,0.80180000,9.40000000,0.8123
1749264111,0.80170000,383.40000000,0.8123
1749264111,0.80140000,9.40000000,0.8123
1749264111,0.80100000,16.90000000,0.8123
1749264111,0.80080000,17.10000000,0.8123
1749264417,0.81280000,1182.90000000,0.8128
1749264417,0.81270000,766.70000000,0.8128
1749264417,0.81260000,3034.10000000,0.8128
1749264417,0.81250000,8591.00000000,0.8128
1749264417,0.81240000,2780.20000000,0.8128
1749264417,0.81230000,7393.70000000,0.8128
1749264417,0.81220000,10692.20000000,0.8128
1749264417,0.81210000,24767.70000000,0.8128
1749264417,0.81200000,18777.00000000,0.8128
1749264417,0.81190000,12894.40000000,0.8128
1749264417,0.81180000,12447.80000000,0.8128
1749264417,0.81170000,14983.40000000,0.8128
1749264417,0.81160000,9575.10000000,0.8128
1749264417,0.81150000,44527.60000000,0.8128
1749264417,0.81140000,56307.90000000,0.8128
1749264417,0.81130000,37040.40000000,0.8128
1749264417,0.81120000,10822.60000000,0.8128
1749264417,0.81110000,7614.00000000,0.8128
1749264417,0.81100000,15627.40000000,0.8128
1749264417,0.81090000,42604.50000000,0.8128
1749264417,0.81080000,7091.20000000,0.8128
1749264417,0.81070000,441.60000000,0.8128
1749264417,0.81060000,7743.20000000,0.8128
1749264417,0.81050000,318.40000000,0.8128
1749264417,0.81040000,1891.10000000,0.8128
1749264417,0.81030000,5867.20000000,0.8128
1749264417,0.81020000,4286.20000000,0.8128
1749264417,0.81010000,934.50000000,0.8128
1749264417,0.81000000,34210.80000000,0.8128
1749264417,0.80990000,935.10000000,0.8128
1749264417,0.80980000,2437.60000000,0.8128
1749264417,0.80970000,602.40000000,0.8128
1749264417,0.80960000,12604.20000000,0.8128
1749264417,0.80950000,318.40000000,0.8128
1749264417,0.80940000,2446.00000000,0.8128
1749264417,0.80930000,333.10000000,0.8128
1749264417,0.80920000,46668.60000000,0.8128
1749264417,0.80910000,12.40000000,0.8128
1749264417,0.80900000,327.70000000,0.8128
1749264417,0.80890000,2443.40000000,0.8128
1749264417,0.80880000,2438.30000000,0.8128
1749264417,0.80870000,318.40000000,0.8128
1749264417,0.80860000,108.80000000,0.8128
1749264417,0.80850000,12.40000000,0.8128
1749264417,0.80840000,12.40000000,0.8128
1749264417,0.80830000,8244.40000000,0.8128
1749264417,0.80820000,59126.80000000,0.8128
1749264417,0.80810000,12.40000000,0.8128
1749264417,0.80800000,2133.20000000,0.8128
1749264417,0.80790000,2172.10000000,0.8128
1749264417,0.80780000,21.70000000,0.8128
1749264417,0.80770000,12.40000000,0.8128
1749264417,0.80760000,2737.30000000,0.8128
1749264417,0.80750000,12.40000000,0.8128
1749264417,0.80740000,92.20000000,0.8128
1749264417,0.80730000,12.40000000,0.8128
1749264417,0.80720000,8255.80000000,0.8128
1749264417,0.80710000,12.40000000,0.8128
1749264417,0.80700000,2146.10000000,0.8128
1749264417,0.80690000,12.40000000,0.8128
1749264417,0.80680000,12.40000000,0.8128
1749264417,0.80670000,338.60000000,0.8128
1749264417,0.80660000,286.20000000,0.8128
1749264417,0.80650000,76249.40000000,0.8128
1749264417,0.80640000,19.40000000,0.8128
1749264417,0.80630000,1462.50000000,0.8128
1749264417,0.80620000,1151.00000000,0.8128
1749264417,0.80610000,32.40000000,0.8128
1749264417,0.80600000,10155.70000000,0.8128
1749264417,0.80590000,17962.70000000,0.8128
1749264417,0.80580000,60121.40000000,0.8128
1749264417,0.80570000,12.40000000,0.8128
1749264417,0.80560000,26.30000000,0.8128
1749264417,0.80550000,12.40000000,0.8128
1749264417,0.80540000,1168.70000000,0.8128
1749264417,0.80530000,18.90000000,0.8128
1749264417,0.80510000,67.80000000,0.8128
1749264417,0.80500000,6149.60000000,0.8128
1749264417,0.80490000,37815.60000000,0.8128
1749264417,0.80480000,7.40000000,0.8128
1749264417,0.80460000,2820.20000000,0.8128
1749264417,0.80440000,305.80000000,0.8128
1749264417,0.80430000,44.30000000,0.8128
1749264417,0.80420000,9.40000000,0.8128
1749264417,0.80410000,1468.00000000,0.8128
1749264417,0.80390000,146.10000000,0.8128
1749264417,0.80380000,194.50000000,0.8128
1749264417,0.80370000,32.90000000,0.8128
1749264417,0.80340000,9.40000000,0.8128
1749264417,0.80320000,1477.00000000,0.8128
1749264417,0.80300000,9.40000000,0.8128
1749264417,0.80290000,15.40000000,0.8128
1749264417,0.80280000,6.50000000,0.8128
1749264417,0.80270000,13.00000000,0.8128
1749264417,0.80260000,33.50000000,0.8128
1749264417,0.80250000,1431.00000000,0.8128
1749264417,0.80220000,9.40000000,0.8128
1749264417,0.80200000,67.00000000,0.8128
1749264417,0.80180000,9.40000000,0.8128
1749264417,0.80170000,383.40000000,0.8128
1749264719,0.81310000,1327.50000000,0.8131
1749264719,0.81300000,1331.00000000,0.8131
1749264719,0.81290000,2762.80000000,0.8131
1749264719,0.81280000,7209.50000000,0.8131
1749264719,0.81270000,1293.70000000,0.8131
1749264719,0.81260000,2353.20000000,0.8131
1749264719,0.81250000,7702.40000000,0.8131
1749264719,0.81240000,11993.60000000,0.8131
1749264719,0.81230000,29213.50000000,0.8131
1749264719,0.81220000,62113.10000000,0.8131
1749264719,0.81210000,58020.40000000,0.8131
1749264719,0.81200000,7658.00000000,0.8131
1749264719,0.81190000,1567.90000000,0.8131
1749264719,0.81180000,1371.30000000,0.8131
1749264719,0.81170000,10241.90000000,0.8131
1749264719,0.81160000,31929.40000000,0.8131
1749264719,0.81150000,27601.80000000,0.8131
1749264719,0.81140000,54091.10000000,0.8131
1749264719,0.81130000,29159.30000000,0.8131
1749264719,0.81120000,980.30000000,0.8131
1749264719,0.81110000,2989.10000000,0.8131
1749264719,0.81100000,21031.70000000,0.8131
1749264719,0.81090000,5979.40000000,0.8131
1749264719,0.81080000,2432.70000000,0.8131
1749264719,0.81070000,5588.30000000,0.8131
1749264719,0.81060000,2783.80000000,0.8131
1749264719,0.81050000,592.40000000,0.8131
1749264719,0.81040000,1551.10000000,0.8131
1749264719,0.81030000,4004.20000000,0.8131
1749264719,0.81020000,4286.20000000,0.8131
1749264719,0.81010000,1569.50000000,0.8131
1749264719,0.81000000,30521.50000000,0.8131
1749264719,0.80990000,935.10000000,0.8131
1749264719,0.80980000,2735.60000000,0.8131
1749264719,0.80970000,318.40000000,0.8131
1749264719,0.80960000,12276.60000000,0.8131
1749264719,0.80950000,318.40000000,0.8131
1749264719,0.80940000,2446.00000000,0.8131
1749264719,0.80930000,59400.30000000,0.8131
1749264719,0.80920000,46083.60000000,0.8131
1749264719,0.80910000,12.40000000,0.8131
1749264719,0.80900000,271.70000000,0.8131
1749264719,0.80890000,2137.40000000,0.8131
1749264719,0.80880000,8250.80000000,0.8131
1749264719,0.80870000,12.40000000,0.8131
1749264719,0.80860000,108.80000000,0.8131
1749264719,0.80850000,12.40000000,0.8131
1749264719,0.80840000,275.80000000,0.8131
1749264719,0.80830000,2125.90000000,0.8131
1749264719,0.80820000,286.80000000,0.8131
1749264719,0.80810000,74746.90000000,0.8131
1749264719,0.80800000,3259.80000000,0.8131
1749264719,0.80790000,8298.80000000,0.8131
1749264719,0.80780000,21.70000000,0.8131
1749264719,0.80770000,12.40000000,0.8131
1749264719,0.80760000,2136.00000000,0.8131
1749264719,0.80750000,12.40000000,0.8131
1749264719,0.80740000,92.20000000,0.8131
1749264719,0.80730000,276.60000000,0.8131
1749264719,0.80720000,2129.10000000,0.8131
1749264719,0.80710000,12.40000000,0.8131
1749264719,0.80700000,3887.90000000,0.8131
1749264719,0.80690000,1253.40000000,0.8131
1749264719,0.80680000,12.40000000,0.8131
1749264719,0.80670000,29.40000000,0.8131
1749264719,0.80660000,21.80000000,0.8131
1749264719,0.80650000,1409.50000000,0.8131
1749264719,0.80640000,1475.40000000,0.8131
1749264719,0.80630000,12.50000000,0.8131
1749264719,0.80620000,11429.40000000,0.8131
1749264719,0.80610000,6172.60000000,0.8131
1749264719,0.80600000,33.90000000,0.8131
1749264719,0.80590000,17962.70000000,0.8131
1749264719,0.80580000,61393.40000000,0.8131
1749264719,0.80570000,1415.40000000,0.8131
1749264719,0.80560000,26.30000000,0.8131
1749264719,0.80540000,1156.30000000,0.8131
1749264719,0.80530000,6.50000000,0.8131
1749264719,0.80520000,1352.00000000,0.8131
1749264719,0.80510000,67.80000000,0.8131
1749264719,0.80500000,174.10000000,0.8131
1749264719,0.80490000,37815.60000000,0.8131
1749264719,0.80480000,7.40000000,0.8131
1749264719,0.80460000,1419.40000000,0.8131
1749264719,0.80440000,305.80000000,0.8131
1749264719,0.80430000,44.30000000,0.8131
1749264719,0.80420000,9.40000000,0.8131
1749264719,0.80390000,146.10000000,0.8131
1749264719,0.80380000,194.50000000,0.8131
1749264719,0.80370000,32.90000000,0.8131
1749264719,0.80340000,1249.40000000,0.8131
1749264719,0.80300000,6175.40000000,0.8131
1749264719,0.80290000,5189.80000000,0.8131
1749264719,0.80280000,6.50000000,0.8131
1749264719,0.80270000,13.00000000,0.8131
1749264719,0.80260000,33.50000000,0.8131
1749264719,0.80220000,9.40000000,0.8131
1749264719,0.80200000,67.00000000,0.8131
1749264719,0.80180000,9.40000000,0.8131
1749264719,0.80170000,383.40000000,0.8131
1749265021,0.81570000,22.30000000,0.8157
1749265021,0.81560000,700.10000000,0.8157
1749265021,0.81550000,7011.40000000,0.8157
1749265021,0.81540000,1840.70000000,0.8157
1749265021,0.81530000,1900.30000000,0.8157
1749265021,0.81520000,3648.90000000,0.8157
1749265021,0.81510000,9689.40000000,0.8157
1749265021,0.81500000,19321.30000000,0.8157
1749265021,0.81490000,23484.60000000,0.8157
1749265021,0.81480000,23533.40000000,0.8157
1749265021,0.81470000,69328.00000000,0.8157
1749265021,0.81460000,10049.30000000,0.8157
1749265021,0.81450000,3761.50000000,0.8157
1749265021,0.81440000,5368.00000000,0.8157
1749265021,0.81430000,12109.60000000,0.8157
1749265021,0.81420000,13368.50000000,0.8157
1749265021,0.81410000,15918.30000000,0.8157
1749265021,0.81400000,52536.80000000,0.8157
1749265021,0.81390000,67117.70000000,0.8157
1749265021,0.81380000,10915.50000000,0.8157
1749265021,0.81370000,327.60000000,0.8157
1749265021,0.81360000,15845.10000000,0.8157
1749265021,0.81350000,318.30000000,0.8157
1749265021,0.81340000,2428.30000000,0.8157
1749265021,0.81330000,2562.90000000,0.8157
1749265021,0.81320000,994.10000000,0.8157
1749265021,0.81310000,502.40000000,0.8157
1749265021,0.81300000,3406.90000000,0.8157
1749265021,0.81290000,318.40000000,0.8157
1749265021,0.81280000,6094.80000000,0.8157
1749265021,0.81270000,1096.40000000,0.8157
1749265021,0.81260000,2447.90000000,0.8157
1749265021,0.81250000,942.20000000,0.8157
1749265021,0.81240000,2743.60000000,0.8157
1749265021,0.81230000,318.40000000,0.8157
1749265021,0.81220000,327.70000000,0.8157
1749265021,0.81210000,318.40000000,0.8157
1749265021,0.81200000,2422.60000000,0.8157
1749265021,0.81190000,592.60000000,0.8157
1749265021,0.81180000,492.50000000,0.8157
1749265021,0.81170000,11795.80000000,0.8157
1749265021,0.81160000,389.90000000,0.8157
1749265021,0.81150000,2162.40000000,0.8157
1749265021,0.81140000,36233.90000000,0.8157
1749265021,0.81130000,136.00000000,0.8157
1749265021,0.81120000,351.80000000,0.8157
1749265021,0.81110000,2119.70000000,0.8157
1749265021,0.81100000,46335.80000000,0.8157
1749265021,0.81090000,25.70000000,0.8157
1749265021,0.81080000,2126.40000000,0.8157
1749265021,0.81070000,12.40000000,0.8157
1749265021,0.81060000,3859.50000000,0.8157
1749265021,0.81050000,59110.60000000,0.8157
1749265021,0.81040000,12.40000000,0.8157
1749265021,0.81030000,6139.10000000,0.8157
1749265021,0.81020000,2131.10000000,0.8157
1749265021,0.81010000,12.40000000,0.8157
1749265021,0.81000000,19.20000000,0.8157
1749265021,0.80990000,12.40000000,0.8157
1749265021,0.80980000,2443.90000000,0.8157
1749265021,0.80970000,12.40000000,0.8157
1749265021,0.80960000,2140.00000000,0.8157
1749265021,0.80950000,283.30000000,0.8157
1749265021,0.80940000,2140.00000000,0.8157
1749265021,0.80930000,27.10000000,0.8157
1749265021,0.80920000,18.90000000,0.8157
1749265021,0.80910000,12.40000000,0.8157
1749265021,0.80900000,34.70000000,0.8157
1749265021,0.80890000,25.70000000,0.8157
1749265021,0.80880000,27893.20000000,0.8157
1749265021,0.80870000,12.40000000,0.8157
1749265021,0.80860000,21.70000000,0.8157
1749265021,0.80850000,12.40000000,0.8157
1749265021,0.80840000,6152.60000000,0.8157
1749265021,0.80830000,12.40000000,0.8157
1749265021,0.80820000,21.60000000,0.8157
1749265021,0.80810000,74133.00000000,0.8157
1749265021,0.80800000,6.50000000,0.8157
1749265021,0.80790000,60143.90000000,0.8157
1749265021,0.80780000,9.30000000,0.8157
1749265021,0.80760000,1154.40000000,0.8157
1749265021,0.80740000,79.80000000,0.8157
1749265021,0.80730000,4224.20000000,0.8157
1749265021,0.80700000,9.30000000,0.8157
1749265021,0.80680000,304.90000000,0.8157
1749265021,0.80670000,16.90000000,0.8157
1749265021,0.80660000,9.30000000,0.8157
1749265021,0.80620000,9.30000000,0.8157
1749265021,0.80600000,21.60000000,0.8157
1749265021,0.80590000,6.70000000,0.8157
1749265021,0.80580000,169.10000000,0.8157
1749265021,0.80540000,9.40000000,0.8157
1749265021,0.80530000,6172.50000000,0.8157
1749265021,0.80520000,5159.60000000,0.8157
1749265021,0.80510000,67.80000000,0.8157
1749265021,0.80500000,174.10000000,0.8157
1749265021,0.80490000,37815.60000000,0.8157
1749265021,0.80480000,7.40000000,0.8157
1749265021,0.80460000,9.40000000,0.8157
1749265021,0.80440000,66.80000000,0.8157
1749265323,0.81380000,2449.80000000,0.8138
1749265323,0.81370000,1514.80000000,0.8138
1749265323,0.81360000,3221.40000000,0.8138
1749265323,0.81350000,7610.00000000,0.8138
1749265323,0.81340000,3985.90000000,0.8138
1749265323,0.81330000,11902.00000000,0.8138
1749265323,0.81320000,20094.00000000,0.8138
1749265323,0.81310000,33258.90000000,0.8138
1749265323,0.81300000,5461.10000000,0.8138
1749265323,0.81290000,16526.10000000,0.8138
1749265323,0.81280000,38637.80000000,0.8138
1749265323,0.81270000,45342.50000000,0.8138
1749265323,0.81260000,22602.00000000,0.8138
1749265323,0.81250000,11465.40000000,0.8138
1749265323,0.81240000,21128.30000000,0.8138
1749265323,0.81230000,7756.90000000,0.8138
1749265323,0.81220000,7459.60000000,0.8138
1749265323,0.81210000,10584.60000000,0.8138
1749265323,0.81200000,32105.20000000,0.8138
1749265323,0.81190000,39994.40000000,0.8138
1749265323,0.81180000,22528.20000000,0.8138
1749265323,0.81170000,2423.40000000,0.8138
1749265323,0.81160000,517.70000000,0.8138
1749265323,0.81150000,33332.10000000,0.8138
1749265323,0.81140000,21013.50000000,0.8138
1749265323,0.81130000,442.00000000,0.8138
1749265323,0.81120000,6117.70000000,0.8138
1749265323,0.81110000,2425.70000000,0.8138
1749265323,0.81100000,51014.50000000,0.8138
1749265323,0.81090000,708.40000000,0.8138
1749265323,0.81080000,2432.40000000,0.8138
1749265323,0.81070000,318.40000000,0.8138
1749265323,0.81060000,2442.80000000,0.8138
1749265323,0.81050000,59110.60000000,0.8138
1749265323,0.81040000,318.40000000,0.8138
1749265323,0.81030000,13597.30000000,0.8138
1749265323,0.81020000,3824.10000000,0.8138
1749265323,0.81010000,413.40000000,0.8138
1749265323,0.81000000,619.30000000,0.8138
1749265323,0.80990000,804.80000000,0.8138
1749265323,0.80980000,2131.60000000,0.8138
1749265323,0.80970000,74395.20000000,0.8138
1749265323,0.80960000,2140.00000000,0.8138
1749265323,0.80950000,19.80000000,0.8138
1749265323,0.80940000,2403.10000000,0.8138
1749265323,0.80930000,284.90000000,0.8138
1749265323,0.80920000,18.90000000,0.8138
1749265323,0.80910000,12.40000000,0.8138
1749265323,0.80900000,34.70000000,0.8138
1749265323,0.80890000,2123.70000000,0.8138
1749265323,0.80880000,19.30000000,0.8138
1749265323,0.80870000,6130.90000000,0.8138
1749265323,0.80860000,2120.20000000,0.8138
1749265323,0.80850000,12.40000000,0.8138
1749265323,0.80840000,12.40000000,0.8138
1749265323,0.80830000,2111.90000000,0.8138
1749265323,0.80820000,28.50000000,0.8138
1749265323,0.80810000,12.30000000,0.8138
1749265323,0.80800000,2119.10000000,0.8138
1749265323,0.80790000,60156.20000000,0.8138
1749265323,0.80780000,6148.30000000,0.8138
1749265323,0.80770000,2422.80000000,0.8138
1749265323,0.80760000,1173.60000000,0.8138
1749265323,0.80750000,2114.40000000,0.8138
1749265323,0.80740000,17683.60000000,0.8138
1749265323,0.80730000,4236.50000000,0.8138
1749265323,0.80720000,12.30000000,0.8138
1749265323,0.80710000,12.30000000,0.8138
1749265323,0.80700000,21.60000000,0.8138
1749265323,0.80690000,12.30000000,0.8138
1749265323,0.80680000,317.20000000,0.8138
1749265323,0.80670000,29.20000000,0.8138
1749265323,0.80660000,21.60000000,0.8138
1749265323,0.80650000,1647.30000000,0.8138
1749265323,0.80640000,12.30000000,0.8138
1749265323,0.80630000,12.30000000,0.8138
1749265323,0.80620000,10124.40000000,0.8138
1749265323,0.80600000,21.60000000,0.8138
1749265323,0.80590000,6.70000000,0.8138
1749265323,0.80580000,169.10000000,0.8138
1749265323,0.80540000,9.40000000,0.8138
1749265323,0.80530000,6146.70000000,0.8138
1749265323,0.80520000,5159.60000000,0.8138
1749265323,0.80510000,67.80000000,0.8138
1749265323,0.80500000,174.10000000,0.8138
1749265323,0.80490000,37815.60000000,0.8138
1749265323,0.80480000,1603.40000000,0.8138
1749265323,0.80460000,9.40000000,0.8138
1749265323,0.80440000,66.80000000,0.8138
1749265323,0.80430000,44.30000000,0.8138
1749265323,0.80420000,1638.40000000,0.8138
1749265323,0.80410000,6166.00000000,0.8138
1749265323,0.80400000,14895.30000000,0.8138
1749265323,0.80390000,1525.10000000,0.8138
1749265323,0.80380000,34.50000000,0.8138
1749265323,0.80370000,32.90000000,0.8138
1749265323,0.80340000,1498.40000000,0.8138
1749265323,0.80300000,9.40000000,0.8138
1749265323,0.80290000,15.40000000,0.8138
1749265323,0.80280000,6.50000000,0.8138
1749265624,0.81620000,2297.80000000,0.8162
1749265624,0.81610000,2729.00000000,0.8162
1749265624,0.81600000,6838.30000000,0.8162
1749265624,0.81590000,2479.70000000,0.8162
1749265624,0.81580000,15962.80000000,0.8162
1749265624,0.81570000,25778.70000000,0.8162
1749265624,0.81560000,24046.90000000,0.8162
1749265624,0.81550000,25371.70000000,0.8162
1749265624,0.81540000,6563.70000000,0.8162
1749265624,0.81530000,3426.70000000,0.8162
1749265624,0.81520000,948.20000000,0.8162
1749265624,0.81510000,3277.10000000,0.8162
1749265624,0.81500000,16773.30000000,0.8162
1749265624,0.81490000,39132.10000000,0.8162
1749265624,0.81480000,56082.30000000,0.8162
1749265624,0.81470000,36947.50000000,0.8162
1749265624,0.81460000,15419.80000000,0.8162
1749265624,0.81450000,21365.10000000,0.8162
1749265624,0.81440000,39808.30000000,0.8162
1749265624,0.81430000,19266.60000000,0.8162
1749265624,0.81420000,5601.00000000,0.8162
1749265624,0.81410000,3767.10000000,0.8162
1749265624,0.81400000,5228.60000000,0.8162
1749265624,0.81390000,476.30000000,0.8162
1749265624,0.81380000,2427.60000000,0.8162
1749265624,0.81370000,605.30000000,0.8162
1749265624,0.81360000,427.20000000,0.8162
1749265624,0.81350000,324.90000000,0.8162
1749265624,0.81340000,2428.30000000,0.8162
1749265624,0.81330000,6265.90000000,0.8162
1749265624,0.81320000,476.40000000,0.8162
1749265624,0.81310000,318.40000000,0.8162
1749265624,0.81300000,183.50000000,0.8162
1749265624,0.81290000,2420.20000000,0.8162
1749265624,0.81280000,12.40000000,0.8162
1749265624,0.81270000,658.80000000,0.8162
1749265624,0.81260000,38.50000000,0.8162
1749265624,0.81250000,12078.60000000,0.8162
1749265624,0.81240000,2677.60000000,0.8162
1749265624,0.81230000,510.70000000,0.8162
1749265624,0.81220000,30115.40000000,0.8162
1749265624,0.81210000,12.40000000,0.8162
1749265624,0.81200000,2116.60000000,0.8162
1749265624,0.81190000,52195.60000000,0.8162
1749265624,0.81180000,28.50000000,0.8162
1749265624,0.81170000,2117.40000000,0.8162
1749265624,0.81160000,59110.60000000,0.8162
1749265624,0.81150000,2761.40000000,0.8162
1749265624,0.81140000,284.20000000,0.8162
1749265624,0.81130000,222.90000000,0.8162
1749265624,0.81120000,884.50000000,0.8162
1749265624,0.81110000,2119.70000000,0.8162
1749265624,0.81100000,21.70000000,0.8162
1749265624,0.81090000,6152.40000000,0.8162
1749265624,0.81080000,2383.70000000,0.8162
1749265624,0.81070000,12.40000000,0.8162
1749265624,0.81060000,2136.80000000,0.8162
1749265624,0.81050000,12.40000000,0.8162
1749265624,0.81040000,894.40000000,0.8162
1749265624,0.81030000,12.40000000,0.8162
1749265624,0.81020000,1145.40000000,0.8162
1749265624,0.81010000,2419.00000000,0.8162
1749265624,0.81000000,282.50000000,0.8162
1749265624,0.80990000,1113.40000000,0.8162
1749265624,0.80980000,21.70000000,0.8162
1749265624,0.80970000,76206.00000000,0.8162
1749265624,0.80960000,979.30000000,0.8162
1749265624,0.80950000,19.80000000,0.8162
1749265624,0.80940000,21.70000000,0.8162
1749265624,0.80930000,10107.10000000,0.8162
1749265624,0.80920000,18.90000000,0.8162
1749265624,0.80910000,1053.30000000,0.8162
1749265624,0.80900000,34.60000000,0.8162
1749265624,0.80890000,6165.80000000,0.8162
1749265624,0.80880000,17677.50000000,0.8162
1749265624,0.80870000,12.30000000,0.8162
1749265624,0.80860000,9.30000000,0.8162
1749265624,0.80850000,860.00000000,0.8162
1749265624,0.80820000,9.30000000,0.8162
1749265624,0.80800000,6.50000000,0.8162
1749265624,0.80790000,60176.70000000,0.8162
1749265624,0.80780000,37824.90000000,0.8162
1749265624,0.80760000,10.60000000,0.8162
1749265624,0.80750000,1003.00000000,0.8162
1749265624,0.80740000,79.80000000,0.8162
1749265624,0.80730000,4224.20000000,0.8162
1749265624,0.80710000,940.00000000,0.8162
1749265624,0.80700000,6175.30000000,0.8162
1749265624,0.80690000,6009.80000000,0.8162
1749265624,0.80680000,304.90000000,0.8162
1749265624,0.80670000,16.90000000,0.8162
1749265624,0.80660000,9.30000000,0.8162
1749265624,0.80630000,1017.30000000,0.8162
1749265624,0.80620000,9.30000000,0.8162
1749265624,0.80600000,21.60000000,0.8162
1749265624,0.80590000,6.70000000,0.8162
1749265624,0.80580000,169.10000000,0.8162
1749265624,0.80540000,9.40000000,0.8162
1749265624,0.80530000,6.50000000,0.8162
1749265624,0.80510000,67.80000000,0.8162
1749265926,0.81790000,944.40000000,0.8179
1749265926,0.81780000,1326.90000000,0.8179
1749265926,0.81770000,2771.20000000,0.8179
1749265926,0.81760000,6976.00000000,0.8179
1749265926,0.81750000,2937.70000000,0.8179
1749265926,0.81740000,7801.60000000,0.8179
1749265926,0.81730000,3744.80000000,0.8179
1749265926,0.81720000,3596.80000000,0.8179
1749265926,0.81710000,1532.40000000,0.8179
1749265926,0.81700000,4018.90000000,0.8179
1749265926,0.81690000,4040.30000000,0.8179
1749265926,0.81680000,13391.70000000,0.8179
1749265926,0.81670000,32806.70000000,0.8179
1749265926,0.81660000,36366.40000000,0.8179
1749265926,0.81650000,69434.30000000,0.8179
1749265926,0.81640000,20604.00000000,0.8179
1749265926,0.81630000,14649.30000000,0.8179
1749265926,0.81620000,12774.80000000,0.8179
1749265926,0.81610000,13732.70000000,0.8179
1749265926,0.81600000,2851.20000000,0.8179
1749265926,0.81590000,10840.20000000,0.8179
1749265926,0.81580000,477.20000000,0.8179
1749265926,0.81570000,318.30000000,0.8179
1749265926,0.81560000,756.10000000,0.8179
1749265926,0.81550000,2483.20000000,0.8179
1749265926,0.81540000,523.30000000,0.8179
1749265926,0.81530000,2679.60000000,0.8179
1749265926,0.81520000,318.30000000,0.8179
1749265926,0.81510000,3984.30000000,0.8179
1749265926,0.81500000,2450.40000000,0.8179
1749265926,0.81490000,3383.50000000,0.8179
1749265926,0.81480000,325.10000000,0.8179
1749265926,0.81470000,242.30000000,0.8179
1749265926,0.81460000,2425.10000000,0.8179
1749265926,0.81450000,2546.60000000,0.8179
1749265926,0.81440000,318.30000000,0.8179
1749265926,0.81430000,318.30000000,0.8179
1749265926,0.81420000,28.40000000,0.8179
1749265926,0.81410000,2111.10000000,0.8179
1749265926,0.81400000,9610.70000000,0.8179
1749265926,0.81390000,12.30000000,0.8179
1749265926,0.81380000,2121.60000000,0.8179
1749265926,0.81370000,12.30000000,0.8179
1749265926,0.81360000,30112.80000000,0.8179
1749265926,0.81350000,18.90000000,0.8179
1749265926,0.81340000,2122.30000000,0.8179
1749265926,0.81330000,2113.90000000,0.8179
1749265926,0.81320000,12.40000000,0.8179
1749265926,0.81310000,12.40000000,0.8179
1749265926,0.81300000,6147.00000000,0.8179
1749265926,0.81290000,2114.20000000,0.8179
1749265926,0.81280000,46077.10000000,0.8179
1749265926,0.81270000,59110.60000000,0.8179
1749265926,0.81260000,124.00000000,0.8179
1749265926,0.81250000,2121.00000000,0.8179
1749265926,0.81240000,3243.20000000,0.8179
1749265926,0.81230000,12.40000000,0.8179
1749265926,0.81220000,21.70000000,0.8179
1749265926,0.81210000,867.90000000,0.8179
1749265926,0.81200000,8243.30000000,0.8179
1749265926,0.81190000,12.40000000,0.8179
1749265926,0.81180000,342.30000000,0.8179
1749265926,0.81170000,2117.40000000,0.8179
1749265926,0.81160000,12.40000000,0.8179
1749265926,0.81150000,56.70000000,0.8179
1749265926,0.81140000,284.60000000,0.8179
1749265926,0.81130000,74269.00000000,0.8179
1749265926,0.81120000,884.50000000,0.8179
1749265926,0.81110000,12.40000000,0.8179
1749265926,0.81100000,21.70000000,0.8179
1749265926,0.81090000,25.70000000,0.8179
1749265926,0.81080000,18.90000000,0.8179
1749265926,0.81070000,12.40000000,0.8179
1749265926,0.81060000,10088.60000000,0.8179
1749265926,0.81050000,12.40000000,0.8179
1749265926,0.81040000,12.40000000,0.8179
1749265926,0.81030000,17927.20000000,0.8179
1749265926,0.81020000,9.30000000,0.8179
1749265926,0.81010000,6140.20000000,0.8179
1749265926,0.81000000,61240.10000000,0.8179
1749265926,0.80980000,9.30000000,0.8179
1749265926,0.80960000,16.90000000,0.8179
1749265926,0.80950000,7.40000000,0.8179
1749265926,0.80940000,9.30000000,0.8179
1749265926,0.80930000,14.70000000,0.8179
1749265926,0.80920000,6.50000000,0.8179
1749265926,0.80900000,22.30000000,0.8179
1749265926,0.80890000,13.30000000,0.8179
1749265926,0.80880000,68.80000000,0.8179
1749265926,0.80860000,9.30000000,0.8179
1749265926,0.80820000,9.30000000,0.8179
1749265926,0.80800000,6.50000000,0.8179
1749265926,0.80790000,6243.10000000,0.8179
1749265926,0.80780000,37824.90000000,0.8179
1749265926,0.80760000,10.60000000,0.8179
1749265926,0.80750000,159.30000000,0.8179
1749265926,0.80740000,9.30000000,0.8179
1749265926,0.80730000,4224.20000000,0.8179
1749265926,0.80700000,9.30000000,0.8179
1749265926,0.80690000,5532.20000000,0.8179
1749266227,0.81870000,6265.90000000,0.8187
1749266227,0.81860000,3471.40000000,0.8187
1749266227,0.81850000,8774.10000000,0.8187
1749266227,0.81840000,5424.90000000,0.8187
1749266227,0.81830000,1440.80000000,0.8187
1749266227,0.81820000,4322.70000000,0.8187
1749266227,0.81810000,14099.90000000,0.8187
1749266227,0.81800000,20840.70000000,0.8187
1749266227,0.81790000,17637.60000000,0.8187
1749266227,0.81780000,27801.40000000,0.8187
1749266227,0.81770000,23491.70000000,0.8187
1749266227,0.81760000,41144.30000000,0.8187
1749266227,0.81750000,66422.20000000,0.8187
1749266227,0.81740000,25077.60000000,0.8187
1749266227,0.81730000,9694.10000000,0.8187
1749266227,0.81720000,31546.50000000,0.8187
1749266227,0.81710000,12640.90000000,0.8187
1749266227,0.81700000,14629.30000000,0.8187
1749266227,0.81690000,14228.90000000,0.8187
1749266227,0.81680000,2560.30000000,0.8187
1749266227,0.81670000,991.20000000,0.8187
1749266227,0.81660000,5228.50000000,0.8187
1749266227,0.81650000,318.30000000,0.8187
1749266227,0.81640000,2411.40000000,0.8187
1749266227,0.81630000,3515.20000000,0.8187
1749266227,0.81620000,2427.90000000,0.8187
1749266227,0.81610000,5256.50000000,0.8187
1749266227,0.81600000,3984.60000000,0.8187
1749266227,0.81590000,2447.90000000,0.8187
1749266227,0.81580000,327.50000000,0.8187
1749266227,0.81570000,324.80000000,0.8187
1749266227,0.81560000,29.00000000,0.8187
1749266227,0.81550000,2686.20000000,0.8187
1749266227,0.81540000,10200.50000000,0.8187
1749266227,0.81530000,2498.80000000,0.8187
1749266227,0.81520000,566.40000000,0.8187
1749266227,0.81510000,56.60000000,0.8187
1749266227,0.81500000,32238.10000000,0.8187
1749266227,0.81490000,318.30000000,0.8187
1749266227,0.81480000,19.10000000,0.8187
1749266227,0.81470000,273.80000000,0.8187
1749266227,0.81460000,54558.50000000,0.8187
1749266227,0.81450000,2138.40000000,0.8187
1749266227,0.81440000,12.30000000,0.8187
1749266227,0.81430000,19.70000000,0.8187
1749266227,0.81420000,28.40000000,0.8187
1749266227,0.81410000,3229.70000000,0.8187
1749266227,0.81400000,12.30000000,0.8187
1749266227,0.81390000,609.50000000,0.8187
1749266227,0.81380000,61219.80000000,0.8187
1749266227,0.81370000,12.30000000,0.8187
1749266227,0.81360000,119.10000000,0.8187
1749266227,0.81350000,6145.60000000,0.8187
1749266227,0.81340000,2122.30000000,0.8187
1749266227,0.81330000,2113.90000000,0.8187
1749266227,0.81320000,12.40000000,0.8187
1749266227,0.81310000,12.40000000,0.8187
1749266227,0.81300000,290.80000000,0.8187
1749266227,0.81290000,74460.40000000,0.8187
1749266227,0.81280000,12.40000000,0.8187
1749266227,0.81270000,12.40000000,0.8187
1749266227,0.81260000,38.50000000,0.8187
1749266227,0.81250000,18.90000000,0.8187
1749266227,0.81240000,19.20000000,0.8187
1749266227,0.81230000,1150.00000000,0.8187
1749266227,0.81220000,60121.30000000,0.8187
1749266227,0.81210000,12.40000000,0.8187
1749266227,0.81200000,10058.30000000,0.8187
1749266227,0.81190000,19.10000000,0.8187
1749266227,0.81180000,636.60000000,0.8187
1749266227,0.81170000,23758.10000000,0.8187
1749266227,0.81160000,12.30000000,0.8187
1749266227,0.81150000,56.60000000,0.8187
1749266227,0.81140000,21.60000000,0.8187
1749266227,0.81130000,780.90000000,0.8187
1749266227,0.81120000,877.60000000,0.8187
1749266227,0.81100000,9.30000000,0.8187
1749266227,0.81090000,13.30000000,0.8187
1749266227,0.81080000,129.60000000,0.8187
1749266227,0.81060000,9.30000000,0.8187
1749266227,0.81030000,52.80000000,0.8187
1749266227,0.81020000,9.30000000,0.8187
1749266227,0.81000000,6777.00000000,0.8187
1749266227,0.80980000,9.30000000,0.8187
1749266227,0.80960000,16.90000000,0.8187
1749266227,0.80950000,7.40000000,0.8187
1749266227,0.80940000,690.30000000,0.8187
1749266227,0.80930000,5307.20000000,0.8187
1749266227,0.80920000,13.10000000,0.8187
1749266227,0.80900000,939.40000000,0.8187
1749266227,0.80890000,13.30000000,0.8187
1749266227,0.80880000,68.80000000,0.8187
1749266227,0.80860000,75.80000000,0.8187
1749266227,0.80820000,9.30000000,0.8187
1749266227,0.80800000,6.50000000,0.8187
1749266227,0.80790000,5219.50000000,0.8187
1749266227,0.80780000,37824.90000000,0.8187
1749266227,0.80760000,14905.90000000,0.8187
1749266227,0.80740000,9.30000000,0.8187
1749266227,0.80730000,4224.20000000,0.8187
1749266529,0.81690000,2133.60000000,0.817
1749266529,0.81680000,3294.60000000,0.817
1749266529,0.81670000,7335.30000000,0.817
1749266529,0.81660000,2153.00000000,0.817
1749266529,0.81650000,7047.30000000,0.817
1749266529,0.81640000,18120.20000000,0.817
1749266529,0.81630000,23579.30000000,0.817
1749266529,0.81620000,41649.10000000,0.817
1749266529,0.81610000,13347.60000000,0.817
1749266529,0.81600000,2729.90000000,0.817
1749266529,0.81590000,10265.40000000,0.817
1749266529,0.81580000,20751.10000000,0.817
1749266529,0.81570000,25178.70000000,0.817
1749266529,0.81560000,24227.70000000,0.817
1749266529,0.81550000,29974.00000000,0.817
1749266529,0.81540000,44471.60000000,0.817
1749266529,0.81530000,36890.20000000,0.817
1749266529,0.81520000,37222.00000000,0.817
1749266529,0.81510000,44821.80000000,0.817
1749266529,0.81500000,2457.20000000,0.817
1749266529,0.81490000,3318.30000000,0.817
1749266529,0.81480000,5230.10000000,0.817
1749266529,0.81470000,1097.30000000,0.817
1749266529,0.81460000,48183.80000000,0.817
1749266529,0.81450000,2510.80000000,0.817
1749266529,0.81440000,318.30000000,0.817
1749266529,0.81430000,19.70000000,0.817
1749266529,0.81420000,506.40000000,0.817
1749266529,0.81410000,2417.10000000,0.817
1749266529,0.81400000,4150.50000000,0.817
1749266529,0.81390000,881.80000000,0.817
1749266529,0.81380000,61405.80000000,0.817
1749266529,0.81370000,493.30000000,0.817
1749266529,0.81360000,719.00000000,0.817
1749266529,0.81350000,18.90000000,0.817
1749266529,0.81340000,2122.30000000,0.817
1749266529,0.81330000,12444.90000000,0.817
1749266529,0.81320000,186.40000000,0.817
1749266529,0.81310000,12.40000000,0.817
1749266529,0.81300000,2117.00000000,0.817
1749266529,0.81290000,74145.40000000,0.817
1749266529,0.81280000,12.40000000,0.817
1749266529,0.81270000,89.80000000,0.817
1749266529,0.81260000,6157.00000000,0.817
1749266529,0.81250000,2107.40000000,0.817
1749266529,0.81240000,19.20000000,0.817
1749266529,0.81230000,275.00000000,0.817
1749266529,0.81220000,62211.30000000,0.817
1749266529,0.81210000,611.00000000,0.817
1749266529,0.81200000,1133.90000000,0.817
1749266529,0.81190000,2109.60000000,0.817
1749266529,0.81180000,28.40000000,0.817
1749266529,0.81170000,12.30000000,0.817
1749266529,0.81160000,8230.80000000,0.817
1749266529,0.81150000,56.60000000,0.817
1749266529,0.81140000,21.60000000,0.817
1749266529,0.81130000,2227.70000000,0.817
1749266529,0.81120000,265.60000000,0.817
1749266529,0.81110000,12.30000000,0.817
1749266529,0.81100000,2114.70000000,0.817
1749266529,0.81090000,337.70000000,0.817
1749266529,0.81080000,2111.90000000,0.817
1749266529,0.81070000,37827.90000000,0.817
1749266529,0.81060000,21.60000000,0.817
1749266529,0.81050000,1057.30000000,0.817
1749266529,0.81040000,949.30000000,0.817
1749266529,0.81030000,18140.20000000,0.817
1749266529,0.81020000,1162.20000000,0.817
1749266529,0.81010000,12.30000000,0.817
1749266529,0.81000000,1001.30000000,0.817
1749266529,0.80990000,10085.10000000,0.817
1749266529,0.80980000,21.60000000,0.817
1749266529,0.80970000,12.30000000,0.817
1749266529,0.80960000,933.20000000,0.817
1749266529,0.80950000,19.70000000,0.817
1749266529,0.80940000,1060.60000000,0.817
1749266529,0.80930000,1245.70000000,0.817
1749266529,0.80920000,13.10000000,0.817
1749266529,0.80910000,996.00000000,0.817
1749266529,0.80900000,326.40000000,0.817
1749266529,0.80890000,13.30000000,0.817
1749266529,0.80880000,68.80000000,0.817
1749266529,0.80860000,9.30000000,0.817
1749266529,0.80820000,9.30000000,0.817
1749266529,0.80800000,6.50000000,0.817
1749266529,0.80790000,77.10000000,0.817
1749266529,0.80780000,6149.50000000,0.817
1749266529,0.80770000,6166.00000000,0.817
1749266529,0.80760000,20050.20000000,0.817
1749266529,0.80750000,964.00000000,0.817
1749266529,0.80740000,1082.30000000,0.817
1749266529,0.80730000,4224.20000000,0.817
1749266529,0.80710000,994.00000000,0.817
1749266529,0.80700000,9.30000000,0.817
1749266529,0.80690000,383.40000000,0.817
1749266529,0.80670000,16.90000000,0.817
1749266529,0.80660000,9.30000000,0.817
1749266529,0.80650000,66.60000000,0.817
1749266529,0.80630000,14.30000000,0.817
1749266529,0.80620000,9.30000000,0.817
1749266830,0.81930000,404.00000000,0.8194
1749266830,0.81920000,1683.20000000,0.8194
1749266830,0.81910000,978.70000000,0.8194
1749266830,0.81900000,2201.50000000,0.8194
1749266830,0.81890000,7062.70000000,0.8194
1749266830,0.81880000,8593.70000000,0.8194
1749266830,0.81870000,39851.10000000,0.8194
1749266830,0.81860000,22727.30000000,0.8194
1749266830,0.81850000,9658.70000000,0.8194
1749266830,0.81840000,10992.90000000,0.8194
1749266830,0.81830000,26552.90000000,0.8194
1749266830,0.81820000,18594.00000000,0.8194
1749266830,0.81810000,36230.90000000,0.8194
1749266830,0.81800000,34635.10000000,0.8194
1749266830,0.81790000,87326.20000000,0.8194
1749266830,0.81780000,35034.70000000,0.8194
1749266830,0.81770000,20399.30000000,0.8194
1749266830,0.81760000,4803.60000000,0.8194
1749266830,0.81750000,7238.70000000,0.8194
1749266830,0.81740000,718.80000000,0.8194
1749266830,0.81730000,8351.60000000,0.8194
1749266830,0.81720000,10430.10000000,0.8194
1749266830,0.81710000,318.30000000,0.8194
1749266830,0.81700000,341.60000000,0.8194
1749266830,0.81690000,318.30000000,0.8194
1749266830,0.81680000,2410.40000000,0.8194
1749266830,0.81670000,318.30000000,0.8194
1749266830,0.81660000,3991.90000000,0.8194
1749266830,0.81650000,2411.40000000,0.8194
1749266830,0.81640000,12.30000000,0.8194
1749266830,0.81630000,420.20000000,0.8194
1749266830,0.81620000,334.00000000,0.8194
1749266830,0.81610000,12102.40000000,0.8194
1749266830,0.81600000,53.10000000,0.8194
1749266830,0.81590000,2685.80000000,0.8194
1749266830,0.81580000,30115.20000000,0.8194
1749266830,0.81570000,324.80000000,0.8194
1749266830,0.81560000,335.00000000,0.8194
1749266830,0.81550000,48419.90000000,0.8194
1749266830,0.81540000,334.30000000,0.8194
1749266830,0.81530000,2489.60000000,0.8194
1749266830,0.81520000,12.30000000,0.8194
1749266830,0.81510000,6175.10000000,0.8194
1749266830,0.81500000,2144.40000000,0.8194
1749266830,0.81490000,59371.90000000,0.8194
1749266830,0.81480000,19.10000000,0.8194
1749266830,0.81470000,268.40000000,0.8194
1749266830,0.81460000,2119.10000000,0.8194
1749266830,0.81450000,2138.40000000,0.8194
1749266830,0.81440000,12.30000000,0.8194
1749266830,0.81430000,19.70000000,0.8194
1749266830,0.81420000,28.40000000,0.8194
1749266830,0.81410000,8237.80000000,0.8194
1749266830,0.81400000,12.30000000,0.8194
1749266830,0.81390000,248.20000000,0.8194
1749266830,0.81380000,3240.90000000,0.8194
1749266830,0.81370000,12.30000000,0.8194
1749266830,0.81360000,119.10000000,0.8194
1749266830,0.81350000,18.90000000,0.8194
1749266830,0.81340000,3035.00000000,0.8194
1749266830,0.81330000,12.30000000,0.8194
1749266830,0.81320000,274.70000000,0.8194
1749266830,0.81310000,2737.60000000,0.8194
1749266830,0.81300000,2116.50000000,0.8194
1749266830,0.81290000,74145.40000000,0.8194
1749266830,0.81280000,12.40000000,0.8194
1749266830,0.81270000,12.40000000,0.8194
1749266830,0.81260000,38.50000000,0.8194
1749266830,0.81250000,10061.10000000,0.8194
1749266830,0.81240000,12.40000000,0.8194
1749266830,0.81230000,6252.80000000,0.8194
1749266830,0.81220000,60121.20000000,0.8194
1749266830,0.81210000,12.30000000,0.8194
1749266830,0.81200000,12.30000000,0.8194
1749266830,0.81190000,19.00000000,0.8194
1749266830,0.81180000,21.60000000,0.8194
1749266830,0.81170000,17871.90000000,0.8194
1749266830,0.81150000,640.30000000,0.8194
1749266830,0.81140000,9.30000000,0.8194
1749266830,0.81130000,123.60000000,0.8194
1749266830,0.81120000,851.50000000,0.8194
1749266830,0.81100000,1149.00000000,0.8194
1749266830,0.81090000,13.30000000,0.8194
1749266830,0.81080000,726.50000000,0.8194
1749266830,0.81070000,37815.60000000,0.8194
1749266830,0.81060000,9.30000000,0.8194
1749266830,0.81030000,52.80000000,0.8194
1749266830,0.81020000,6175.30000000,0.8194
1749266830,0.81010000,5128.40000000,0.8194
1749266830,0.80980000,635.30000000,0.8194
1749266830,0.80960000,16.90000000,0.8194
1749266830,0.80950000,7.40000000,0.8194
1749266830,0.80940000,9.30000000,0.8194
1749266830,0.80930000,173.70000000,0.8194
1749266830,0.80920000,13.10000000,0.8194
1749266830,0.80900000,326.40000000,0.8194
1749266830,0.80880000,135.20000000,0.8194
1749266830,0.80860000,9.30000000,0.8194
1749266830,0.80820000,9.30000000,0.8194
1749266830,0.80800000,6.50000000,0.8194
1749267132,0.81730000,849.40000000,0.8173
1749267132,0.81720000,1507.90000000,0.8173
1749267132,0.81710000,2889.20000000,0.8173
1749267132,0.81700000,8707.80000000,0.8173
1749267132,0.81690000,11850.00000000,0.8173
1749267132,0.81680000,23537.70000000,0.8173
1749267132,0.81670000,31095.10000000,0.8173
1749267132,0.81660000,31239.50000000,0.8173
1749267132,0.81650000,4401.60000000,0.8173
1749267132,0.81640000,3243.50000000,0.8173
1749267132,0.81630000,10302.50000000,0.8173
1749267132,0.81620000,16877.70000000,0.8173
1749267132,0.81610000,26973.80000000,0.8173
1749267132,0.81600000,31248.50000000,0.8173
1749267132,0.81590000,52849.00000000,0.8173
1749267132,0.81580000,66259.60000000,0.8173
1749267132,0.81570000,19659.10000000,0.8173
1749267132,0.81560000,37303.90000000,0.8173
1749267132,0.81550000,56457.20000000,0.8173
1749267132,0.81540000,5534.40000000,0.8173
1749267132,0.81530000,32671.90000000,0.8173
1749267132,0.81520000,5396.90000000,0.8173
1749267132,0.81510000,362.60000000,0.8173
1749267132,0.81500000,2450.40000000,0.8173
1749267132,0.81490000,59284.50000000,0.8173
1749267132,0.81480000,325.10000000,0.8173
1749267132,0.81470000,12.30000000,0.8173
1749267132,0.81460000,2119.10000000,0.8173
1749267132,0.81450000,2205.20000000,0.8173
1749267132,0.81440000,12.30000000,0.8173
1749267132,0.81430000,3687.30000000,0.8173
1749267132,0.81420000,276.80000000,0.8173
1749267132,0.81410000,2111.10000000,0.8173
1749267132,0.81400000,12.30000000,0.8173
1749267132,0.81390000,10102.00000000,0.8173
1749267132,0.81380000,3514.50000000,0.8173
1749267132,0.81370000,12.30000000,0.8173
1749267132,0.81360000,482.90000000,0.8173
1749267132,0.81350000,18.90000000,0.8173
1749267132,0.81340000,2378.80000000,0.8173
1749267132,0.81330000,12.30000000,0.8173
1749267132,0.81320000,12.40000000,0.8173
1749267132,0.81310000,2099.60000000,0.8173
1749267132,0.81300000,2169.20000000,0.8173
1749267132,0.81290000,74145.40000000,0.8173
1749267132,0.81280000,89.90000000,0.8173
1749267132,0.81270000,12.40000000,0.8173
1749267132,0.81260000,6157.00000000,0.8173
1749267132,0.81250000,2108.40000000,0.8173
1749267132,0.81240000,19.20000000,0.8173
1749267132,0.81230000,375.20000000,0.8173
1749267132,0.81220000,62809.20000000,0.8173
1749267132,0.81210000,12.30000000,0.8173
1749267132,0.81200000,12.30000000,0.8173
1749267132,0.81190000,2109.30000000,0.8173
1749267132,0.81180000,28.40000000,0.8173
1749267132,0.81170000,6139.00000000,0.8173
1749267132,0.81160000,2103.60000000,0.8173
1749267132,0.81150000,56.60000000,0.8173
1749267132,0.81140000,21.60000000,0.8173
1749267132,0.81130000,2540.30000000,0.8173
1749267132,0.81120000,265.60000000,0.8173
1749267132,0.81110000,12.30000000,0.8173
1749267132,0.81100000,3254.10000000,0.8173
1749267132,0.81090000,25.60000000,0.8173
1749267132,0.81080000,18.80000000,0.8173
1749267132,0.81070000,37827.90000000,0.8173
1749267132,0.81060000,21.60000000,0.8173
1749267132,0.81050000,1057.30000000,0.8173
1749267132,0.81040000,12.30000000,0.8173
1749267132,0.81030000,17630.30000000,0.8173
1749267132,0.81020000,10088.30000000,0.8173
1749267132,0.81010000,12.30000000,0.8173
1749267132,0.81000000,12.30000000,0.8173
1749267132,0.80990000,12.30000000,0.8173
1749267132,0.80980000,21.60000000,0.8173
1749267132,0.80960000,1078.90000000,0.8173
1749267132,0.80950000,7.40000000,0.8173
1749267132,0.80940000,1045.30000000,0.8173
1749267132,0.80930000,173.70000000,0.8173
1749267132,0.80920000,13.10000000,0.8173
1749267132,0.80900000,326.40000000,0.8173
1749267132,0.80880000,68.80000000,0.8173
1749267132,0.80860000,9.30000000,0.8173
1749267132,0.80850000,1098.00000000,0.8173
1749267132,0.80840000,6140.20000000,0.8173
1749267132,0.80830000,5139.80000000,0.8173
1749267132,0.80820000,9.30000000,0.8173
1749267132,0.80800000,6.50000000,0.8173
1749267132,0.80790000,77.10000000,0.8173
1749267132,0.80780000,9.30000000,0.8173
1749267132,0.80770000,6166.00000000,0.8173
1749267132,0.80760000,14905.90000000,0.8173
1749267132,0.80740000,1079.30000000,0.8173
1749267132,0.80730000,4224.20000000,0.8173
1749267132,0.80700000,9.30000000,0.8173
1749267132,0.80690000,383.40000000,0.8173
1749267132,0.80670000,83.50000000,0.8173
1749267132,0.80660000,9.30000000,0.8173
1749267132,0.80630000,14.30000000,0.8173
1749267433,0.81880000,2837.90000000,0.8189
1749267433,0.81870000,1937.50000000,0.8189
1749267433,0.81860000,3736.10000000,0.8189
1749267433,0.81850000,7557.50000000,0.8189
1749267433,0.81840000,26573.30000000,0.8189
1749267433,0.81830000,1873.50000000,0.8189
1749267433,0.81820000,4399.10000000,0.8189
1749267433,0.81810000,6881.50000000,0.8189
1749267433,0.81800000,6558.00000000,0.8189
1749267433,0.81790000,21220.50000000,0.8189
1749267433,0.81780000,35959.70000000,0.8189
1749267433,0.81770000,30363.70000000,0.8189
1749267433,0.81760000,67223.50000000,0.8189
1749267433,0.81750000,25345.90000000,0.8189
1749267433,0.81740000,40660.50000000,0.8189
1749267433,0.81730000,47147.70000000,0.8189
1749267433,0.81720000,52591.80000000,0.8189
1749267433,0.81710000,3326.60000000,0.8189
1749267433,0.81700000,814.90000000,0.8189
1749267433,0.81690000,824.60000000,0.8189
1749267433,0.81680000,2409.90000000,0.8189
1749267433,0.81670000,3377.00000000,0.8189
1749267433,0.81660000,418.30000000,0.8189
1749267433,0.81650000,2496.90000000,0.8189
1749267433,0.81640000,509.60000000,0.8189
1749267433,0.81630000,1032.20000000,0.8189
1749267433,0.81620000,28.00000000,0.8189
1749267433,0.81610000,6249.10000000,0.8189
1749267433,0.81600000,30112.80000000,0.8189
1749267433,0.81590000,2502.90000000,0.8189
1749267433,0.81580000,21.50000000,0.8189
1749267433,0.81570000,18.80000000,0.8189
1749267433,0.81560000,395.00000000,0.8189
1749267433,0.81550000,48171.90000000,0.8189
1749267433,0.81540000,9806.30000000,0.8189
1749267433,0.81530000,2108.20000000,0.8189
1749267433,0.81520000,12.30000000,0.8189
1749267433,0.81510000,56.60000000,0.8189
1749267433,0.81500000,2417.60000000,0.8189
1749267433,0.81490000,59110.50000000,0.8189
1749267433,0.81480000,19.10000000,0.8189
1749267433,0.81470000,12.30000000,0.8189
1749267433,0.81460000,8237.60000000,0.8189
1749267433,0.81450000,2138.40000000,0.8189
1749267433,0.81440000,12.30000000,0.8189
1749267433,0.81430000,19.70000000,0.8189
1749267433,0.81420000,276.80000000,0.8189
1749267433,0.81410000,2187.30000000,0.8189
1749267433,0.81400000,12.30000000,0.8189
1749267433,0.81390000,504.60000000,0.8189
1749267433,0.81380000,3240.90000000,0.8189
1749267433,0.81370000,18.80000000,0.8189
1749267433,0.81360000,381.00000000,0.8189
1749267433,0.81350000,6145.60000000,0.8189
1749267433,0.81340000,2122.30000000,0.8189
1749267433,0.81330000,12.30000000,0.8189
1749267433,0.81320000,12.40000000,0.8189
1749267433,0.81310000,2099.60000000,0.8189
1749267433,0.81300000,2169.20000000,0.8189
1749267433,0.81290000,74145.40000000,0.8189
1749267433,0.81280000,924.10000000,0.8189
1749267433,0.81270000,895.40000000,0.8189
1749267433,0.81260000,38.50000000,0.8189
1749267433,0.81250000,18.90000000,0.8189
1749267433,0.81240000,19.20000000,0.8189
1749267433,0.81230000,375.20000000,0.8189
1749267433,0.81220000,60121.20000000,0.8189
1749267433,0.81210000,805.30000000,0.8189
1749267433,0.81200000,10060.50000000,0.8189
1749267433,0.81190000,6938.20000000,0.8189
1749267433,0.81180000,18863.50000000,0.8189
1749267433,0.81170000,12.30000000,0.8189
1749267433,0.81160000,12.30000000,0.8189
1749267433,0.81150000,56.60000000,0.8189
1749267433,0.81140000,847.60000000,0.8189
1749267433,0.81130000,135.90000000,0.8189
1749267433,0.81120000,246.50000000,0.8189
1749267433,0.81110000,783.00000000,0.8189
1749267433,0.81100000,1149.00000000,0.8189
1749267433,0.81080000,6.50000000,0.8189
1749267433,0.81070000,37815.60000000,0.8189
1749267433,0.81060000,9.30000000,0.8189
1749267433,0.81020000,9.30000000,0.8189
1749267433,0.80980000,9.30000000,0.8189
1749267433,0.80970000,158.90000000,0.8189
1749267433,0.80960000,16.90000000,0.8189
1749267433,0.80950000,7.40000000,0.8189
1749267433,0.80940000,774.30000000,0.8189
1749267433,0.80930000,14.70000000,0.8189
1749267433,0.80920000,13.10000000,0.8189
1749267433,0.80910000,842.00000000,0.8189
1749267433,0.80900000,326.40000000,0.8189
1749267433,0.80880000,68.80000000,0.8189
1749267433,0.80870000,740.00000000,0.8189
1749267433,0.80860000,880.30000000,0.8189
1749267433,0.80840000,6166.00000000,0.8189
1749267433,0.80830000,5139.80000000,0.8189
1749267433,0.80820000,9.30000000,0.8189
1749267433,0.80800000,6.50000000,0.8189
1749267433,0.80790000,77.10000000,0.8189
1749267735,0.82100000,1137.60000000,0.821
1749267735,0.82090000,1727.40000000,0.821
1749267735,0.82080000,3056.10000000,0.821
1749267735,0.82070000,7156.10000000,0.821
1749267735,0.82060000,1802.30000000,0.821
1749267735,0.82050000,4027.30000000,0.821
1749267735,0.82040000,6933.60000000,0.821
