timestamp,price,volume,current_price
1749258361,0.81180000,1445.90000000,0.8118
1749258361,0.81170000,4315.40000000,0.8118
1749258361,0.81160000,10556.20000000,0.8118
1749258361,0.81150000,14820.70000000,0.8118
1749258361,0.81140000,14003.90000000,0.8118
1749258361,0.81130000,7112.40000000,0.8118
1749258361,0.81120000,3158.40000000,0.8118
1749258361,0.81110000,1184.90000000,0.8118
1749258361,0.81100000,4198.30000000,0.8118
1749258361,0.81090000,24547.80000000,0.8118
1749258361,0.81080000,39669.70000000,0.8118
1749258361,0.81070000,44548.30000000,0.8118
1749258361,0.81060000,36340.40000000,0.8118
1749258361,0.81050000,33566.60000000,0.8118
1749258361,0.81040000,13726.50000000,0.8118
1749258361,0.81030000,4552.10000000,0.8118
1749258361,0.81020000,7101.90000000,0.8118
1749258361,0.81010000,11907.60000000,0.8118
1749258361,0.81000000,22329.10000000,0.8118
1749258361,0.80990000,9281.10000000,0.8118
1749258361,0.80980000,22343.40000000,0.8118
1749258361,0.80970000,7324.70000000,0.8118
1749258361,0.80960000,34368.90000000,0.8118
1749258361,0.80950000,43.00000000,0.8118
1749258361,0.80940000,2428.40000000,0.8118
1749258361,0.80930000,3719.80000000,0.8118
1749258361,0.80920000,18.90000000,0.8118
1749258361,0.80910000,161.40000000,0.8118
1749258361,0.80900000,182.10000000,0.8118
1749258361,0.80890000,2125.20000000,0.8118
1749258361,0.80880000,49627.00000000,0.8118
1749258361,0.80870000,5372.30000000,0.8118
1749258361,0.80860000,146.70000000,0.8118
1749258361,0.80850000,2753.40000000,0.8118
1749258361,0.80840000,130.40000000,0.8118
1749258361,0.80830000,1138.00000000,0.8118
1749258361,0.80820000,292.00000000,0.8118
1749258361,0.80810000,12520.90000000,0.8118
1749258361,0.80800000,48.50000000,0.8118
1749258361,0.80790000,2171.50000000,0.8118
1749258361,0.80780000,62287.70000000,0.8118
1749258361,0.80770000,12.40000000,0.8118
1749258361,0.80760000,19.30000000,0.8118
1749258361,0.80750000,43.00000000,0.8118
1749258361,0.80740000,39.30000000,0.8118
1749258361,0.80730000,276.60000000,0.8118
1749258361,0.80720000,6130.90000000,0.8118
1749258361,0.80710000,2750.10000000,0.8118
1749258361,0.80700000,85.80000000,0.8118
1749258361,0.80690000,101.00000000,0.8118
1749258361,0.80680000,2116.40000000,0.8118
1749258361,0.80670000,83669.00000000,0.8118
1749258361,0.80660000,21.80000000,0.8118
1749258361,0.80650000,2241.10000000,0.8118
1749258361,0.80640000,19.40000000,0.8118
1749258361,0.80630000,2120.60000000,0.8118
1749258361,0.80620000,1166.80000000,0.8118
1749258361,0.80610000,12.30000000,0.8118
1749258361,0.80600000,2140.20000000,0.8118
1749258361,0.80590000,19.00000000,0.8118
1749258361,0.80580000,28.70000000,0.8118
1749258361,0.80570000,320.10000000,0.8118
1749258361,0.80560000,3026.70000000,0.8118
1749258361,0.80550000,12.40000000,0.8118
1749258361,0.80540000,62253.00000000,0.8118
1749258361,0.80530000,10156.80000000,0.8118
1749258361,0.80520000,19.30000000,0.8118
1749258361,0.80510000,954.40000000,0.8118
1749258361,0.80500000,21.80000000,0.8118
1749258361,0.80490000,12.40000000,0.8118
1749258361,0.80480000,19.80000000,0.8118
1749258361,0.80470000,1044.40000000,0.8118
1749258361,0.80460000,7534.80000000,0.8118
1749258361,0.80450000,17617.10000000,0.8118
1749258361,0.80440000,395.80000000,0.8118
1749258361,0.80430000,56.70000000,0.8118
1749258361,0.80420000,9.40000000,0.8118
1749258361,0.80400000,38794.30000000,0.8118
1749258361,0.80380000,986.50000000,0.8118
1749258361,0.80370000,1014.00000000,0.8118
1749258361,0.80360000,306.20000000,0.8118
1749258361,0.80340000,9.40000000,0.8118
1749258361,0.80310000,5366.20000000,0.8118
1749258361,0.80300000,11349.20000000,0.8118
1749258361,0.80290000,935.40000000,0.8118
1749258361,0.80280000,61.20000000,0.8118
1749258361,0.80270000,13.00000000,0.8118
1749258361,0.80260000,14739.50000000,0.8118
1749258361,0.80240000,2072.00000000,0.8118
1749258361,0.80220000,1076.40000000,0.8118
1749258361,0.80190000,982.00000000,0.8118
1749258361,0.80180000,9.40000000,0.8118
1749258361,0.80170000,67.00000000,0.8118
1749258361,0.80140000,9.40000000,0.8118
1749258361,0.80100000,16.90000000,0.8118
1749258361,0.80080000,17.10000000,0.8118
1749258361,0.80070000,44.30000000,0.8118
1749258361,0.80060000,9.40000000,0.8118
1749258361,0.80040000,6.60000000,0.8118
1749258361,0.80020000,19.90000000,0.8118
1749258663,0.81100000,1475.70000000,0.8111
1749258663,0.81090000,1002.70000000,0.8111
1749258663,0.81080000,1209.50000000,0.8111
1749258663,0.81070000,3768.60000000,0.8111
1749258663,0.81060000,10561.70000000,0.8111
1749258663,0.81050000,15135.90000000,0.8111
1749258663,0.81040000,9960.50000000,0.8111
1749258663,0.81030000,19957.40000000,0.8111
1749258663,0.81020000,16062.30000000,0.8111
1749258663,0.81010000,16412.20000000,0.8111
1749258663,0.81000000,22117.20000000,0.8111
1749258663,0.80990000,27975.00000000,0.8111
1749258663,0.80980000,42597.40000000,0.8111
1749258663,0.80970000,48833.40000000,0.8111
1749258663,0.80960000,30577.00000000,0.8111
1749258663,0.80950000,12951.50000000,0.8111
1749258663,0.80940000,35525.90000000,0.8111
1749258663,0.80930000,14228.10000000,0.8111
1749258663,0.80920000,9725.60000000,0.8111
1749258663,0.80910000,39656.30000000,0.8111
1749258663,0.80900000,4806.10000000,0.8111
1749258663,0.80890000,2431.20000000,0.8111
1749258663,0.80880000,2438.30000000,0.8111
1749258663,0.80870000,46414.40000000,0.8111
1749258663,0.80860000,5300.80000000,0.8111
1749258663,0.80850000,6571.60000000,0.8111
1749258663,0.80840000,12.40000000,0.8111
1749258663,0.80830000,12.40000000,0.8111
1749258663,0.80820000,598.00000000,0.8111
1749258663,0.80810000,73851.10000000,0.8111
1749258663,0.80800000,622.60000000,0.8111
1749258663,0.80790000,2171.50000000,0.8111
1749258663,0.80780000,21.70000000,0.8111
1749258663,0.80770000,411.40000000,0.8111
1749258663,0.80760000,19.30000000,0.8111
1749258663,0.80750000,12.40000000,0.8111
1749258663,0.80740000,2144.30000000,0.8111
1749258663,0.80730000,301.80000000,0.8111
1749258663,0.80720000,276.60000000,0.8111
1749258663,0.80710000,85879.20000000,0.8111
1749258663,0.80700000,55.00000000,0.8111
1749258663,0.80690000,101.50000000,0.8111
1749258663,0.80680000,2116.40000000,0.8111
1749258663,0.80670000,29.40000000,0.8111
1749258663,0.80660000,21.80000000,0.8111
1749258663,0.80650000,136.40000000,0.8111
1749258663,0.80640000,19.40000000,0.8111
1749258663,0.80630000,2119.00000000,0.8111
1749258663,0.80620000,1166.80000000,0.8111
1749258663,0.80610000,12.30000000,0.8111
1749258663,0.80600000,8298.40000000,0.8111
1749258663,0.80590000,59347.50000000,0.8111
1749258663,0.80580000,2136.80000000,0.8111
1749258663,0.80570000,12.40000000,0.8111
1749258663,0.80560000,12.40000000,0.8111
1749258663,0.80550000,2119.90000000,0.8111
1749258663,0.80540000,21.80000000,0.8111
1749258663,0.80530000,18.90000000,0.8111
1749258663,0.80520000,19.30000000,0.8111
1749258663,0.80510000,319.40000000,0.8111
1749258663,0.80500000,21.80000000,0.8111
1749258663,0.80490000,12.40000000,0.8111
1749258663,0.80480000,19.80000000,0.8111
1749258663,0.80470000,43.20000000,0.8111
1749258663,0.80460000,1394.60000000,0.8111
1749258663,0.80450000,11304.50000000,0.8111
1749258663,0.80440000,18099.40000000,0.8111
1749258663,0.80430000,38760.10000000,0.8111
1749258663,0.80420000,21.80000000,0.8111
1749258663,0.80410000,12.40000000,0.8111
1749258663,0.80400000,318.40000000,0.8111
1749258663,0.80390000,12.40000000,0.8111
1749258663,0.80380000,1083.90000000,0.8111
1749258663,0.80370000,12.40000000,0.8111
1749258663,0.80360000,1429.60000000,0.8111
1749258663,0.80350000,12.40000000,0.8111
1749258663,0.80340000,40.20000000,0.8111
1749258663,0.80310000,6333.30000000,0.8111
1749258663,0.80300000,5183.20000000,0.8111
1749258663,0.80290000,15.40000000,0.8111
1749258663,0.80280000,61.20000000,0.8111
1749258663,0.80270000,13.00000000,0.8111
1749258663,0.80260000,15631.80000000,0.8111
1749258663,0.80240000,1094.00000000,0.8111
1749258663,0.80220000,9.40000000,0.8111
1749258663,0.80210000,30.80000000,0.8111
1749258663,0.80200000,1066.00000000,0.8111
1749258663,0.80180000,9.40000000,0.8111
1749258663,0.80170000,67.00000000,0.8111
1749258663,0.80140000,9.40000000,0.8111
1749258663,0.80110000,6166.00000000,0.8111
1749258663,0.80100000,5203.60000000,0.8111
1749258663,0.80080000,47.90000000,0.8111
1749258663,0.80070000,44.30000000,0.8111
1749258663,0.80060000,9.40000000,0.8111
1749258663,0.80040000,6.60000000,0.8111
1749258663,0.80020000,19.90000000,0.8111
1749258663,0.80000000,791.20000000,0.8111
1749258663,0.79990000,53.40000000,0.8111
1749258663,0.79980000,9.30000000,0.8111
1749258979,0.81130000,28.50000000,0.8114
1749258979,0.81120000,325.20000000,0.8114
1749258979,0.81110000,1109.70000000,0.8114
1749258979,0.81100000,2653.00000000,0.8114
1749258979,0.81090000,8898.70000000,0.8114
1749258979,0.81080000,11517.40000000,0.8114
1749258979,0.81070000,11694.20000000,0.8114
1749258979,0.81060000,24302.50000000,0.8114
1749258979,0.81050000,804.30000000,0.8114
1749258979,0.81040000,12408.40000000,0.8114
1749258979,0.81030000,37060.50000000,0.8114
1749258979,0.81020000,19943.60000000,0.8114
1749258979,0.81010000,19963.60000000,0.8114
1749258979,0.81000000,23868.60000000,0.8114
1749258979,0.80990000,28758.10000000,0.8114
1749258979,0.80980000,35667.10000000,0.8114
1749258979,0.80970000,63478.60000000,0.8114
1749258979,0.80960000,21342.40000000,0.8114
1749258979,0.80950000,24044.20000000,0.8114
1749258979,0.80940000,25634.00000000,0.8114
1749258979,0.80930000,525.10000000,0.8114
1749258979,0.80920000,35338.00000000,0.8114
1749258979,0.80910000,1527.90000000,0.8114
1749258979,0.80900000,21.70000000,0.8114
1749258979,0.80890000,6306.20000000,0.8114
1749258979,0.80880000,3563.70000000,0.8114
1749258979,0.80870000,46602.40000000,0.8114
1749258979,0.80860000,616.70000000,0.8114
1749258979,0.80850000,2683.40000000,0.8114
1749258979,0.80840000,202.40000000,0.8114
1749258979,0.80830000,12.40000000,0.8114
1749258979,0.80820000,292.00000000,0.8114
1749258979,0.80810000,74002.70000000,0.8114
1749258979,0.80800000,622.60000000,0.8114
1749258979,0.80790000,2171.50000000,0.8114
1749258979,0.80780000,21.70000000,0.8114
1749258979,0.80770000,12.40000000,0.8114
1749258979,0.80760000,19.30000000,0.8114
1749258979,0.80750000,12.40000000,0.8114
1749258979,0.80740000,8262.80000000,0.8114
1749258979,0.80730000,43.20000000,0.8114
1749258979,0.80720000,276.60000000,0.8114
1749258979,0.80710000,79760.70000000,0.8114
1749258979,0.80700000,55.00000000,0.8114
1749258979,0.80690000,101.70000000,0.8114
1749258979,0.80680000,12.50000000,0.8114
1749258979,0.80670000,29.40000000,0.8114
1749258979,0.80660000,21.80000000,0.8114
1749258979,0.80650000,2241.40000000,0.8114
1749258979,0.80640000,19.40000000,0.8114
1749258979,0.80630000,8244.70000000,0.8114
1749258979,0.80620000,1166.80000000,0.8114
1749258979,0.80610000,12.30000000,0.8114
1749258979,0.80600000,2170.70000000,0.8114
1749258979,0.80590000,59347.50000000,0.8114
1749258979,0.80580000,28.70000000,0.8114
1749258979,0.80570000,1072.40000000,0.8114
1749258979,0.80560000,2119.90000000,0.8114
1749258979,0.80550000,12.40000000,0.8114
1749258979,0.80540000,329.10000000,0.8114
1749258979,0.80530000,1937.90000000,0.8114
1749258979,0.80520000,12.40000000,0.8114
1749258979,0.80510000,12.40000000,0.8114
1749258979,0.80500000,1172.80000000,0.8114
1749258979,0.80490000,12.40000000,0.8114
1749258979,0.80480000,19.80000000,0.8114
1749258979,0.80470000,43.20000000,0.8114
1749258979,0.80460000,19311.90000000,0.8114
1749258979,0.80450000,10150.60000000,0.8114
1749258979,0.80440000,6536.00000000,0.8114
1749258979,0.80430000,38760.10000000,0.8114
1749258979,0.80420000,21.80000000,0.8114
1749258979,0.80410000,12.40000000,0.8114
1749258979,0.80400000,1268.40000000,0.8114
1749258979,0.80390000,12.40000000,0.8114
1749258979,0.80380000,46.90000000,0.8114
1749258979,0.80360000,306.20000000,0.8114
1749258979,0.80350000,1104.00000000,0.8114
1749258979,0.80340000,40.20000000,0.8114
1749258979,0.80310000,193.10000000,0.8114
1749258979,0.80300000,5183.20000000,0.8114
1749258979,0.80290000,1004.40000000,0.8114
1749258979,0.80280000,975.20000000,0.8114
1749258979,0.80270000,6179.00000000,0.8114
1749258979,0.80260000,15631.80000000,0.8114
1749258979,0.80220000,9.40000000,0.8114
1749258979,0.80210000,30.80000000,0.8114
1749258979,0.80180000,991.40000000,0.8114
1749258979,0.80170000,67.00000000,0.8114
1749258979,0.80150000,1162.00000000,0.8114
1749258979,0.80140000,9.40000000,0.8114
1749258979,0.80100000,5203.60000000,0.8114
1749258979,0.80080000,47.90000000,0.8114
1749258979,0.80070000,44.30000000,0.8114
1749258979,0.80060000,9.40000000,0.8114
1749258979,0.80040000,6.60000000,0.8114
1749258979,0.80020000,19.90000000,0.8114
1749258979,0.80000000,853.70000000,0.8114
1749258979,0.79990000,53.40000000,0.8114
1749258979,0.79980000,9.30000000,0.8114
