timestamp,price,volume,current_price
1749258285,0.60500000,36507.67000000,0.606
1749258285,0.60400000,201422.64000000,0.606
1749258285,0.60300000,240991.99000000,0.606
1749258285,0.60200000,139092.91000000,0.606
1749258285,0.60100000,129159.15000000,0.606
1749258285,0.60000000,144302.15000000,0.606
1749258285,0.59900000,32424.39000000,0.606
1749258285,0.59800000,51649.53000000,0.606
1749258285,0.59700000,32190.82000000,0.606
1749258285,0.59600000,50693.60000000,0.606
1749258285,0.59500000,23836.72000000,0.606
1749258285,0.59400000,52480.29000000,0.606
1749258285,0.59300000,5658.00000000,0.606
1749258285,0.59200000,31838.95000000,0.606
1749258285,0.59100000,5678.64000000,0.606
1749258285,0.59000000,6916.72000000,0.606
1749258285,0.58900000,11364.99000000,0.606
1749258285,0.58800000,6023.74000000,0.606
1749258285,0.58700000,8737.84000000,0.606
1749258285,0.58600000,9141.54000000,0.606
1749258285,0.58500000,9641.22000000,0.606
1749258285,0.58400000,7091.95000000,0.606
1749258285,0.58300000,6584.63000000,0.606
1749258285,0.58200000,27172.57000000,0.606
1749258285,0.58100000,29839.06000000,0.606
1749258285,0.58000000,32851.94000000,0.606
1749258285,0.57900000,7907.62000000,0.606
1749258285,0.57800000,17736.00000000,0.606
1749258285,0.57700000,2716.38000000,0.606
1749258285,0.57600000,6706.62000000,0.606
1749258285,0.57500000,15594.28000000,0.606
1749258285,0.57400000,1449.76000000,0.606
1749258285,0.57300000,4488.88000000,0.606
1749258285,0.57200000,9106.52000000,0.606
1749258285,0.57100000,26120.19000000,0.606
1749258285,0.57000000,87334.86000000,0.606
1749258285,0.56900000,1600.37000000,0.606
1749258285,0.56800000,8097.14000000,0.606
1749258285,0.56700000,3107.08000000,0.606
1749258285,0.56600000,2152.99000000,0.606
1749258285,0.56500000,3463.60000000,0.606
1749258285,0.56400000,967.79000000,0.606
1749258285,0.56300000,1311.28000000,0.606
1749258285,0.56200000,14480.17000000,0.606
1749258285,0.56100000,23541.85000000,0.606
1749258285,0.56000000,37712.60000000,0.606
1749258285,0.55900000,14774.14000000,0.606
1749258285,0.55800000,1575.93000000,0.606
1749258285,0.55700000,372.52000000,0.606
1749258285,0.55600000,5551.51000000,0.606
1749258285,0.55500000,19868.97000000,0.606
1749258285,0.55400000,635.41000000,0.606
1749258285,0.55300000,3619.50000000,0.606
1749258285,0.55200000,639.42000000,0.606
1749258285,0.55100000,27840.21000000,0.606
1749258285,0.55000000,98749.98000000,0.606
1749258285,0.54900000,2656.16000000,0.606
1749258285,0.54800000,2820.42000000,0.606
1749258285,0.54700000,10267.44000000,0.606
1749258285,0.54600000,40947.71000000,0.606
1749258285,0.54500000,48318.96000000,0.606
1749258285,0.54400000,467.07000000,0.606
1749258285,0.54300000,20692.29000000,0.606
1749258285,0.54200000,123.38000000,0.606
1749258285,0.54100000,1008.23000000,0.606
1749258285,0.54000000,21892.43000000,0.606
1749258285,0.53900000,1714.43000000,0.606
1749258285,0.53800000,454.78000000,0.606
1749258285,0.53700000,873.07000000,0.606
1749258285,0.53600000,1371.81000000,0.606
1749258285,0.53500000,2553.57000000,0.606
1749258285,0.53400000,124.69000000,0.606
1749258285,0.53300000,1117.55000000,0.606
1749258285,0.53200000,404.95000000,0.606
1749258285,0.53100000,304.97000000,0.606
1749258285,0.53000000,14521.41000000,0.606
1749258285,0.52900000,499.80000000,0.606
1749258285,0.52800000,1220.82000000,0.606
1749258285,0.52700000,82.80000000,0.606
1749258285,0.52600000,1546.84000000,0.606
1749258285,0.52500000,3114.08000000,0.606
1749258285,0.52400000,1253.91000000,0.606
1749258285,0.52300000,651.39000000,0.606
1749258285,0.52200000,112.23000000,0.606
1749258285,0.52100000,372.90000000,0.606
1749258285,0.52000000,16254.14000000,0.606
1749258285,0.51900000,203.19000000,0.606
1749258285,0.51800000,284.60000000,0.606
1749258285,0.51700000,306.99000000,0.606
1749258285,0.51600000,1021.48000000,0.606
1749258285,0.51500000,2796.75000000,0.606
1749258285,0.51400000,10985.05000000,0.606
1749258285,0.51300000,325.58000000,0.606
1749258285,0.51200000,35.61000000,0.606
1749258285,0.51100000,766.55000000,0.606
1749258285,0.51000000,25924.31000000,0.606
1749258285,0.50900000,71.86000000,0.606
1749258285,0.50800000,2701.52000000,0.606
1749258285,0.50700000,1681.91000000,0.606
1749258285,0.50600000,6069.85000000,0.606
1749258588,0.60600000,124479.12000000,0.607
1749258588,0.60500000,208565.57000000,0.607
1749258588,0.60400000,190635.92000000,0.607
1749258588,0.60300000,141437.57000000,0.607
1749258588,0.60200000,150341.17000000,0.607
1749258588,0.60100000,123173.14000000,0.607
1749258588,0.60000000,62163.10000000,0.607
1749258588,0.59900000,55650.68000000,0.607
1749258588,0.59800000,37644.29000000,0.607
1749258588,0.59700000,89448.16000000,0.607
1749258588,0.59600000,18530.27000000,0.607
1749258588,0.59500000,10218.94000000,0.607
1749258588,0.59400000,14248.99000000,0.607
1749258588,0.59300000,24869.37000000,0.607
1749258588,0.59200000,5900.06000000,0.607
1749258588,0.59100000,5678.64000000,0.607
1749258588,0.59000000,7035.35000000,0.607
1749258588,0.58900000,11364.99000000,0.607
1749258588,0.58800000,24136.05000000,0.607
1749258588,0.58700000,8737.84000000,0.607
1749258588,0.58600000,9141.54000000,0.607
1749258588,0.58500000,9641.22000000,0.607
1749258588,0.58400000,16327.25000000,0.607
1749258588,0.58300000,6421.63000000,0.607
1749258588,0.58200000,8204.39000000,0.607
1749258588,0.58100000,29839.06000000,0.607
1749258588,0.58000000,32834.82000000,0.607
1749258588,0.57900000,4307.62000000,0.607
1749258588,0.57800000,8433.36000000,0.607
1749258588,0.57700000,2735.06000000,0.607
1749258588,0.57600000,6706.62000000,0.607
1749258588,0.57500000,15594.28000000,0.607
1749258588,0.57400000,1449.76000000,0.607
1749258588,0.57300000,4488.88000000,0.607
1749258588,0.57200000,9106.52000000,0.607
1749258588,0.57100000,26139.94000000,0.607
1749258588,0.57000000,87334.86000000,0.607
1749258588,0.56900000,1600.37000000,0.607
1749258588,0.56800000,8097.14000000,0.607
1749258588,0.56700000,3107.08000000,0.607
1749258588,0.56600000,2152.99000000,0.607
1749258588,0.56500000,3483.53000000,0.607
1749258588,0.56400000,967.79000000,0.607
1749258588,0.56300000,1311.28000000,0.607
1749258588,0.56200000,14480.17000000,0.607
1749258588,0.56100000,23541.85000000,0.607
1749258588,0.56000000,37712.60000000,0.607
1749258588,0.55900000,14774.14000000,0.607
1749258588,0.55800000,1575.93000000,0.607
1749258588,0.55700000,372.52000000,0.607
1749258588,0.55600000,5591.93000000,0.607
1749258588,0.55500000,19868.97000000,0.607
1749258588,0.55400000,635.41000000,0.607
1749258588,0.55300000,3619.50000000,0.607
1749258588,0.55200000,639.42000000,0.607
1749258588,0.55100000,27840.21000000,0.607
1749258588,0.55000000,98749.98000000,0.607
1749258588,0.54900000,2656.16000000,0.607
1749258588,0.54800000,2820.42000000,0.607
1749258588,0.54700000,10267.44000000,0.607
1749258588,0.54600000,40947.71000000,0.607
1749258588,0.54500000,48318.57000000,0.607
1749258588,0.54400000,450.59000000,0.607
1749258588,0.54300000,20692.29000000,0.607
1749258588,0.54200000,123.38000000,0.607
1749258588,0.54100000,1008.23000000,0.607
1749258588,0.54000000,21892.43000000,0.607
1749258588,0.53900000,1714.43000000,0.607
1749258588,0.53800000,454.78000000,0.607
1749258588,0.53700000,873.07000000,0.607
1749258588,0.53600000,1371.81000000,0.607
1749258588,0.53500000,2553.57000000,0.607
1749258588,0.53400000,124.69000000,0.607
1749258588,0.53300000,1117.55000000,0.607
1749258588,0.53200000,433.06000000,0.607
1749258588,0.53100000,267.71000000,0.607
1749258588,0.53000000,14521.41000000,0.607
1749258588,0.52900000,499.80000000,0.607
1749258588,0.52800000,1220.82000000,0.607
1749258588,0.52700000,82.80000000,0.607
1749258588,0.52600000,1546.84000000,0.607
1749258588,0.52500000,3114.08000000,0.607
1749258588,0.52400000,1253.91000000,0.607
1749258588,0.52300000,651.39000000,0.607
1749258588,0.52200000,112.23000000,0.607
1749258588,0.52100000,372.90000000,0.607
1749258588,0.52000000,16254.14000000,0.607
1749258588,0.51900000,203.19000000,0.607
1749258588,0.51800000,284.60000000,0.607
1749258588,0.51700000,306.99000000,0.607
1749258588,0.51600000,1021.48000000,0.607
1749258588,0.51500000,2796.75000000,0.607
1749258588,0.51400000,10985.05000000,0.607
1749258588,0.51300000,325.58000000,0.607
1749258588,0.51200000,35.61000000,0.607
1749258588,0.51100000,766.55000000,0.607
1749258588,0.51000000,25924.31000000,0.607
1749258588,0.50900000,71.86000000,0.607
1749258588,0.50800000,2701.52000000,0.607
1749258588,0.50700000,1681.91000000,0.607
1749258914,0.60600000,53797.01000000,0.607
1749258914,0.60500000,227210.75000000,0.607
1749258914,0.60400000,301555.85000000,0.607
1749258914,0.60300000,137260.19000000,0.607
1749258914,0.60200000,69549.74000000,0.607
1749258914,0.60100000,125041.87000000,0.607
1749258914,0.60000000,53705.47000000,0.607
1749258914,0.59900000,59015.71000000,0.607
1749258914,0.59800000,83198.37000000,0.607
1749258914,0.59700000,17643.50000000,0.607
1749258914,0.59600000,6013.60000000,0.607
1749258914,0.59500000,10260.54000000,0.607
1749258914,0.59400000,14248.99000000,0.607
1749258914,0.59300000,24384.29000000,0.607
1749258914,0.59200000,5900.06000000,0.607
1749258914,0.59100000,5678.64000000,0.607
1749258914,0.59000000,7045.35000000,0.607
1749258914,0.58900000,11364.99000000,0.607
1749258914,0.58800000,24064.97000000,0.607
1749258914,0.58700000,8737.84000000,0.607
1749258914,0.58600000,9141.54000000,0.607
1749258914,0.58500000,9641.22000000,0.607
1749258914,0.58400000,16437.61000000,0.607
1749258914,0.58300000,6421.63000000,0.607
1749258914,0.58200000,24733.32000000,0.607
1749258914,0.58100000,29839.06000000,0.607
1749258914,0.58000000,32834.82000000,0.607
1749258914,0.57900000,4307.62000000,0.607
1749258914,0.57800000,6586.17000000,0.607
1749258914,0.57700000,887.87000000,0.607
1749258914,0.57600000,6706.62000000,0.607
1749258914,0.57500000,15594.28000000,0.607
1749258914,0.57400000,1449.76000000,0.607
1749258914,0.57300000,4471.42000000,0.607
1749258914,0.57200000,9139.74000000,0.607
1749258914,0.57100000,26139.94000000,0.607
1749258914,0.57000000,87334.86000000,0.607
1749258914,0.56900000,1600.37000000,0.607
1749258914,0.56800000,8097.14000000,0.607
1749258914,0.56700000,3107.08000000,0.607
1749258914,0.56600000,2152.99000000,0.607
1749258914,0.56500000,3483.53000000,0.607
1749258914,0.56400000,967.79000000,0.607
1749258914,0.56300000,1311.28000000,0.607
1749258914,0.56200000,14480.17000000,0.607
1749258914,0.56100000,23541.85000000,0.607
1749258914,0.56000000,37712.60000000,0.607
1749258914,0.55900000,14774.14000000,0.607
1749258914,0.55800000,1575.93000000,0.607
1749258914,0.55700000,372.52000000,0.607
1749258914,0.55600000,5591.93000000,0.607
1749258914,0.55500000,19868.97000000,0.607
1749258914,0.55400000,635.41000000,0.607
1749258914,0.55300000,3641.20000000,0.607
1749258914,0.55200000,639.42000000,0.607
1749258914,0.55100000,27840.21000000,0.607
1749258914,0.55000000,98749.98000000,0.607
1749258914,0.54900000,2656.16000000,0.607
1749258914,0.54800000,2820.42000000,0.607
1749258914,0.54700000,10267.44000000,0.607
1749258914,0.54600000,41067.05000000,0.607
1749258914,0.54500000,48278.57000000,0.607
1749258914,0.54400000,370.43000000,0.607
1749258914,0.54300000,20692.29000000,0.607
1749258914,0.54200000,123.38000000,0.607
1749258914,0.54100000,1008.23000000,0.607
1749258914,0.54000000,21892.43000000,0.607
1749258914,0.53900000,1714.43000000,0.607
1749258914,0.53800000,454.78000000,0.607
1749258914,0.53700000,873.07000000,0.607
1749258914,0.53600000,1371.81000000,0.607
1749258914,0.53500000,2553.57000000,0.607
1749258914,0.53400000,124.69000000,0.607
1749258914,0.53300000,1117.55000000,0.607
1749258914,0.53200000,433.06000000,0.607
1749258914,0.53100000,267.71000000,0.607
1749258914,0.53000000,14521.41000000,0.607
1749258914,0.52900000,499.80000000,0.607
1749258914,0.52800000,1220.82000000,0.607
1749258914,0.52700000,82.80000000,0.607
1749258914,0.52600000,1546.84000000,0.607
1749258914,0.52500000,3114.08000000,0.607
1749258914,0.52400000,1253.91000000,0.607
1749258914,0.52300000,651.39000000,0.607
1749258914,0.52200000,112.23000000,0.607
1749258914,0.52100000,372.90000000,0.607
1749258914,0.52000000,16254.14000000,0.607
1749258914,0.51900000,203.19000000,0.607
1749258914,0.51800000,284.60000000,0.607
1749258914,0.51700000,306.99000000,0.607
1749258914,0.51600000,1021.48000000,0.607
1749258914,0.51500000,2796.75000000,0.607
1749258914,0.51400000,10985.05000000,0.607
1749258914,0.51300000,325.58000000,0.607
1749258914,0.51200000,35.61000000,0.607
1749258914,0.51100000,766.55000000,0.607
1749258914,0.51000000,25924.31000000,0.607
1749258914,0.50900000,71.86000000,0.607
1749258914,0.50800000,2701.52000000,0.607
1749258914,0.50700000,1681.91000000,0.607
1749259215,0.60400000,49124.52000000,0.605
1749259215,0.60300000,246054.37000000,0.605
1749259215,0.60200000,277734.19000000,0.605
1749259215,0.60100000,137501.85000000,0.605
1749259215,0.60000000,74726.02000000,0.605
1749259215,0.59900000,135171.85000000,0.605
1749259215,0.59800000,92680.17000000,0.605
1749259215,0.59700000,17652.70000000,0.605
1749259215,0.59600000,9376.84000000,0.605
1749259215,0.59500000,23738.97000000,0.605
1749259215,0.59400000,30777.92000000,0.605
1749259215,0.59300000,27389.34000000,0.605
1749259215,0.59200000,10115.64000000,0.605
1749259215,0.59100000,5720.52000000,0.605
1749259215,0.59000000,6926.89000000,0.605
1749259215,0.58900000,11364.99000000,0.605
1749259215,0.58800000,24183.89000000,0.605
1749259215,0.58700000,8737.84000000,0.605
1749259215,0.58600000,9555.40000000,0.605
1749259215,0.58500000,9641.22000000,0.605
1749259215,0.58400000,16021.71000000,0.605
1749259215,0.58300000,6421.63000000,0.605
1749259215,0.58200000,8204.39000000,0.605
1749259215,0.58100000,29839.06000000,0.605
1749259215,0.58000000,32834.82000000,0.605
1749259215,0.57900000,7907.62000000,0.605
1749259215,0.57800000,10186.17000000,0.605
1749259215,0.57700000,887.87000000,0.605
1749259215,0.57600000,6706.62000000,0.605
1749259215,0.57500000,15594.28000000,0.605
1749259215,0.57400000,1449.76000000,0.605
1749259215,0.57300000,4471.42000000,0.605
1749259215,0.57200000,9139.74000000,0.605
1749259215,0.57100000,26139.94000000,0.605
1749259215,0.57000000,87334.86000000,0.605
1749259215,0.56900000,1600.37000000,0.605
1749259215,0.56800000,8097.14000000,0.605
1749259215,0.56700000,3107.08000000,0.605
1749259215,0.56600000,2152.99000000,0.605
1749259215,0.56500000,3483.53000000,0.605
1749259215,0.56400000,967.79000000,0.605
1749259215,0.56300000,1311.28000000,0.605
1749259215,0.56200000,14480.17000000,0.605
1749259215,0.56100000,23541.85000000,0.605
1749259215,0.56000000,37712.60000000,0.605
1749259215,0.55900000,14774.14000000,0.605
1749259215,0.55800000,1575.93000000,0.605
1749259215,0.55700000,372.52000000,0.605
1749259215,0.55600000,5591.93000000,0.605
1749259215,0.55500000,19868.97000000,0.605
1749259215,0.55400000,635.41000000,0.605
1749259215,0.55300000,3641.20000000,0.605
1749259215,0.55200000,639.42000000,0.605
1749259215,0.55100000,27840.21000000,0.605
1749259215,0.55000000,98749.98000000,0.605
1749259215,0.54900000,2656.16000000,0.605
1749259215,0.54800000,2820.42000000,0.605
1749259215,0.54700000,10267.44000000,0.605
1749259215,0.54600000,41067.05000000,0.605
1749259215,0.54500000,48278.57000000,0.605
1749259215,0.54400000,386.91000000,0.605
1749259215,0.54300000,20708.83000000,0.605
1749259215,0.54200000,123.38000000,0.605
1749259215,0.54100000,1008.23000000,0.605
1749259215,0.54000000,21892.43000000,0.605
1749259215,0.53900000,1714.43000000,0.605
1749259215,0.53800000,454.78000000,0.605
1749259215,0.53700000,873.07000000,0.605
1749259215,0.53600000,1371.81000000,0.605
1749259215,0.53500000,2553.57000000,0.605
1749259215,0.53400000,124.69000000,0.605
1749259215,0.53300000,1117.55000000,0.605
1749259215,0.53200000,433.06000000,0.605
1749259215,0.53100000,267.71000000,0.605
1749259215,0.53000000,14521.41000000,0.605
1749259215,0.52900000,499.80000000,0.605
1749259215,0.52800000,1220.82000000,0.605
1749259215,0.52700000,82.80000000,0.605
1749259215,0.52600000,1546.84000000,0.605
1749259215,0.52500000,3114.08000000,0.605
1749259215,0.52400000,1253.91000000,0.605
1749259215,0.52300000,651.39000000,0.605
1749259215,0.52200000,112.23000000,0.605
1749259215,0.52100000,372.90000000,0.605
1749259215,0.52000000,16254.14000000,0.605
1749259215,0.51900000,203.19000000,0.605
1749259215,0.51800000,284.60000000,0.605
1749259215,0.51700000,306.99000000,0.605
1749259215,0.51600000,1021.48000000,0.605
1749259215,0.51500000,2796.75000000,0.605
1749259215,0.51400000,10985.05000000,0.605
1749259215,0.51300000,325.58000000,0.605
1749259215,0.51200000,35.61000000,0.605
1749259215,0.51100000,766.55000000,0.605
1749259215,0.51000000,25924.31000000,0.605
1749259215,0.50900000,71.86000000,0.605
1749259215,0.50800000,2701.52000000,0.605
1749259215,0.50700000,1681.91000000,0.605
1749259215,0.50600000,6069.85000000,0.605
1749259215,0.50500000,44396.03000000,0.605
