timestamp,price,volume,current_price
1749260698,0.60400000,24024.12000000,0.604
1749260698,0.60300000,198517.56000000,0.604
1749260698,0.60200000,159244.82000000,0.604
1749260698,0.60100000,114672.42000000,0.604
1749260698,0.60000000,195040.81000000,0.604
1749260698,0.59900000,141965.58000000,0.604
1749260698,0.59800000,25973.60000000,0.604
1749260698,0.59700000,41315.74000000,0.604
1749260698,0.59600000,141252.41000000,0.604
1749260698,0.59500000,44081.77000000,0.604
1749260698,0.59400000,61932.77000000,0.604
1749260698,0.59300000,71924.81000000,0.604
1749260698,0.59200000,6347.10000000,0.604
1749260698,0.59100000,5678.64000000,0.604
1749260698,0.59000000,6977.65000000,0.604
1749260698,0.58900000,10131.46000000,0.604
1749260698,0.58800000,31263.49000000,0.604
1749260698,0.58700000,8737.84000000,0.604
1749260698,0.58600000,10848.02000000,0.604
1749260698,0.58500000,7931.82000000,0.604
1749260698,0.58400000,25098.01000000,0.604
1749260698,0.58300000,9154.65000000,0.604
1749260698,0.58200000,8204.39000000,0.604
1749260698,0.58100000,29839.06000000,0.604
1749260698,0.58000000,32834.82000000,0.604
1749260698,0.57900000,17533.88000000,0.604
1749260698,0.57800000,10186.17000000,0.604
1749260698,0.57700000,5369.19000000,0.604
1749260698,0.57600000,10306.62000000,0.604
1749260698,0.57500000,15594.28000000,0.604
1749260698,0.57400000,1467.19000000,0.604
1749260698,0.57300000,4453.97000000,0.604
1749260698,0.57200000,9029.45000000,0.604
1749260698,0.57100000,26174.96000000,0.604
1749260698,0.57000000,87334.86000000,0.604
1749260698,0.56900000,1600.37000000,0.604
1749260698,0.56800000,8097.14000000,0.604
1749260698,0.56700000,3107.08000000,0.604
1749260698,0.56600000,89152.99000000,0.604
1749260698,0.56500000,3483.53000000,0.604
1749260698,0.56400000,789.79000000,0.604
1749260698,0.56300000,1293.52000000,0.604
1749260698,0.56200000,14480.17000000,0.604
1749260698,0.56100000,23541.85000000,0.604
1749260698,0.56000000,36394.27000000,0.604
1749260698,0.55900000,14774.14000000,0.604
1749260698,0.55800000,1395.93000000,0.604
1749260698,0.55700000,372.52000000,0.604
1749260698,0.55600000,5591.93000000,0.604
1749260698,0.55500000,19868.97000000,0.604
1749260698,0.55400000,467.41000000,0.604
1749260698,0.55300000,3641.20000000,0.604
1749260698,0.55200000,639.42000000,0.604
1749260698,0.55100000,27840.21000000,0.604
1749260698,0.55000000,98686.93000000,0.604
1749260698,0.54900000,2656.16000000,0.604
1749260698,0.54800000,2627.21000000,0.604
1749260698,0.54700000,10267.44000000,0.604
1749260698,0.54600000,40947.29000000,0.604
1749260698,0.54500000,48162.06000000,0.604
1749260698,0.54400000,386.91000000,0.604
1749260698,0.54300000,20789.23000000,0.604
1749260698,0.54200000,123.38000000,0.604
1749260698,0.54100000,1008.23000000,0.604
1749260698,0.54000000,22050.42000000,0.604
1749260698,0.53900000,1714.43000000,0.604
1749260698,0.53800000,454.78000000,0.604
1749260698,0.53700000,128.20000000,0.604
1749260698,0.53600000,1371.81000000,0.604
1749260698,0.53500000,2553.57000000,0.604
1749260698,0.53400000,124.69000000,0.604
1749260698,0.53300000,1117.55000000,0.604
1749260698,0.53200000,433.06000000,0.604
1749260698,0.53100000,267.71000000,0.604
1749260698,0.53000000,14521.41000000,0.604
1749260698,0.52900000,499.80000000,0.604
1749260698,0.52800000,1220.82000000,0.604
1749260698,0.52700000,82.80000000,0.604
1749260698,0.52600000,1546.84000000,0.604
1749260698,0.52500000,3114.08000000,0.604
1749260698,0.52400000,1253.91000000,0.604
1749260698,0.52300000,651.39000000,0.604
1749260698,0.52200000,112.23000000,0.604
1749260698,0.52100000,372.90000000,0.604
1749260698,0.52000000,16254.14000000,0.604
1749260698,0.51900000,203.19000000,0.604
1749260698,0.51800000,284.60000000,0.604
1749260698,0.51700000,306.99000000,0.604
1749260698,0.51600000,1021.48000000,0.604
1749260698,0.51500000,2796.75000000,0.604
1749260698,0.51400000,10985.05000000,0.604
1749260698,0.51300000,325.58000000,0.604
1749260698,0.51200000,35.61000000,0.604
1749260698,0.51100000,766.55000000,0.604
1749260698,0.51000000,25924.31000000,0.604
1749260698,0.50900000,71.86000000,0.604
1749260698,0.50800000,2701.52000000,0.604
1749260698,0.50700000,1681.91000000,0.604
1749260698,0.50600000,6069.85000000,0.604
1749260698,0.50500000,44396.03000000,0.604
1749261017,0.60500000,52378.29000000,0.605
1749261017,0.60400000,258095.23000000,0.605
1749261017,0.60300000,218023.63000000,0.605
1749261017,0.60200000,133655.18000000,0.605
1749261017,0.60100000,135155.17000000,0.605
1749261017,0.60000000,117644.49000000,0.605
1749261017,0.59900000,46592.45000000,0.605
1749261017,0.59800000,60099.08000000,0.605
1749261017,0.59700000,21318.62000000,0.605
1749261017,0.59600000,66360.58000000,0.605
1749261017,0.59500000,70017.85000000,0.605
1749261017,0.59400000,14750.37000000,0.605
1749261017,0.59300000,14117.58000000,0.605
1749261017,0.59200000,10316.95000000,0.605
1749261017,0.59100000,5847.54000000,0.605
1749261017,0.59000000,25669.56000000,0.605
1749261017,0.58900000,10419.85000000,0.605
1749261017,0.58800000,12818.32000000,0.605
1749261017,0.58700000,8907.89000000,0.605
1749261017,0.58600000,29530.00000000,0.605
1749261017,0.58500000,7931.82000000,0.605
1749261017,0.58400000,7619.60000000,0.605
1749261017,0.58300000,8421.93000000,0.605
1749261017,0.58200000,8204.39000000,0.605
1749261017,0.58100000,38932.19000000,0.605
1749261017,0.58000000,32834.82000000,0.605
1749261017,0.57900000,6060.43000000,0.605
1749261017,0.57800000,6586.17000000,0.605
1749261017,0.57700000,1562.43000000,0.605
1749261017,0.57600000,6706.62000000,0.605
1749261017,0.57500000,15594.28000000,0.605
1749261017,0.57400000,1449.76000000,0.605
1749261017,0.57300000,4471.43000000,0.605
1749261017,0.57200000,9029.45000000,0.605
1749261017,0.57100000,26174.96000000,0.605
1749261017,0.57000000,87334.86000000,0.605
1749261017,0.56900000,1600.37000000,0.605
1749261017,0.56800000,8097.14000000,0.605
1749261017,0.56700000,3107.08000000,0.605
1749261017,0.56600000,89152.99000000,0.605
1749261017,0.56500000,3483.53000000,0.605
1749261017,0.56400000,789.79000000,0.605
1749261017,0.56300000,1293.52000000,0.605
1749261017,0.56200000,14480.17000000,0.605
1749261017,0.56100000,23541.85000000,0.605
1749261017,0.56000000,36394.27000000,0.605
1749261017,0.55900000,14774.14000000,0.605
1749261017,0.55800000,1395.93000000,0.605
1749261017,0.55700000,372.52000000,0.605
1749261017,0.55600000,5591.93000000,0.605
1749261017,0.55500000,19868.97000000,0.605
1749261017,0.55400000,467.41000000,0.605
1749261017,0.55300000,3641.20000000,0.605
1749261017,0.55200000,639.42000000,0.605
1749261017,0.55100000,27840.21000000,0.605
1749261017,0.55000000,98686.93000000,0.605
1749261017,0.54900000,2656.16000000,0.605
1749261017,0.54800000,2627.21000000,0.605
1749261017,0.54700000,10267.44000000,0.605
1749261017,0.54600000,40947.29000000,0.605
1749261017,0.54500000,48162.06000000,0.605
1749261017,0.54400000,427.03000000,0.605
1749261017,0.54300000,20772.69000000,0.605
1749261017,0.54200000,123.38000000,0.605
1749261017,0.54100000,1008.23000000,0.605
1749261017,0.54000000,22010.02000000,0.605
1749261017,0.53900000,1714.43000000,0.605
1749261017,0.53800000,454.78000000,0.605
1749261017,0.53700000,128.20000000,0.605
1749261017,0.53600000,1371.81000000,0.605
1749261017,0.53500000,2553.57000000,0.605
1749261017,0.53400000,124.69000000,0.605
1749261017,0.53300000,1117.55000000,0.605
1749261017,0.53200000,433.06000000,0.605
1749261017,0.53100000,267.71000000,0.605
1749261017,0.53000000,14521.41000000,0.605
1749261017,0.52900000,499.80000000,0.605
1749261017,0.52800000,1220.82000000,0.605
1749261017,0.52700000,82.80000000,0.605
1749261017,0.52600000,1546.84000000,0.605
1749261017,0.52500000,3114.08000000,0.605
1749261017,0.52400000,1253.91000000,0.605
1749261017,0.52300000,651.39000000,0.605
1749261017,0.52200000,112.23000000,0.605
1749261017,0.52100000,372.90000000,0.605
1749261017,0.52000000,16254.14000000,0.605
1749261017,0.51900000,203.19000000,0.605
1749261017,0.51800000,284.60000000,0.605
1749261017,0.51700000,306.99000000,0.605
1749261017,0.51600000,1021.48000000,0.605
1749261017,0.51500000,2796.75000000,0.605
1749261017,0.51400000,10985.05000000,0.605
1749261017,0.51300000,325.58000000,0.605
1749261017,0.51200000,35.61000000,0.605
1749261017,0.51100000,766.55000000,0.605
1749261017,0.51000000,25924.31000000,0.605
1749261017,0.50900000,71.86000000,0.605
1749261017,0.50800000,2701.52000000,0.605
1749261017,0.50700000,1681.91000000,0.605
1749261017,0.50600000,6069.85000000,0.605
1749261324,0.60300000,160381.62000000,0.604
1749261324,0.60200000,235791.70000000,0.604
1749261324,0.60100000,221346.07000000,0.604
1749261324,0.60000000,142168.98000000,0.604
1749261324,0.59900000,38915.12000000,0.604
1749261324,0.59800000,126833.98000000,0.604
1749261324,0.59700000,24808.23000000,0.604
1749261324,0.59600000,49399.73000000,0.604
1749261324,0.59500000,86747.05000000,0.604
1749261324,0.59400000,14994.54000000,0.604
1749261324,0.59300000,17370.82000000,0.604
1749261324,0.59200000,10148.33000000,0.604
1749261324,0.59100000,5693.33000000,0.604
1749261324,0.59000000,25500.37000000,0.604
1749261324,0.58900000,10131.46000000,0.604
1749261324,0.58800000,11942.29000000,0.604
1749261324,0.58700000,8856.88000000,0.604
1749261324,0.58600000,29530.00000000,0.604
1749261324,0.58500000,7931.82000000,0.604
1749261324,0.58400000,6676.05000000,0.604
1749261324,0.58300000,8421.93000000,0.604
1749261324,0.58200000,9151.18000000,0.604
1749261324,0.58100000,38923.37000000,0.604
1749261324,0.58000000,32834.82000000,0.604
1749261324,0.57900000,6060.43000000,0.604
1749261324,0.57800000,10186.17000000,0.604
1749261324,0.57700000,1562.43000000,0.604
1749261324,0.57600000,6706.62000000,0.604
1749261324,0.57500000,15594.28000000,0.604
1749261324,0.57400000,1449.76000000,0.604
1749261324,0.57300000,4471.43000000,0.604
1749261324,0.57200000,9029.45000000,0.604
1749261324,0.57100000,26174.96000000,0.604
1749261324,0.57000000,87334.86000000,0.604
1749261324,0.56900000,1600.37000000,0.604
1749261324,0.56800000,8082.84000000,0.604
1749261324,0.56700000,3107.08000000,0.604
1749261324,0.56600000,89152.99000000,0.604
1749261324,0.56500000,3483.53000000,0.604
1749261324,0.56400000,789.79000000,0.604
1749261324,0.56300000,1293.52000000,0.604
1749261324,0.56200000,14480.17000000,0.604
1749261324,0.56100000,23541.85000000,0.604
1749261324,0.56000000,36394.27000000,0.604
1749261324,0.55900000,14774.14000000,0.604
1749261324,0.55800000,1395.93000000,0.604
1749261324,0.55700000,372.52000000,0.604
1749261324,0.55600000,5591.93000000,0.604
1749261324,0.55500000,19868.97000000,0.604
1749261324,0.55400000,467.41000000,0.604
1749261324,0.55300000,3641.20000000,0.604
1749261324,0.55200000,639.42000000,0.604
1749261324,0.55100000,27840.21000000,0.604
1749261324,0.55000000,98686.93000000,0.604
1749261324,0.54900000,2656.16000000,0.604
1749261324,0.54800000,2627.21000000,0.604
1749261324,0.54700000,10267.44000000,0.604
1749261324,0.54600000,40947.29000000,0.604
1749261324,0.54500000,48162.06000000,0.604
1749261324,0.54400000,507.27000000,0.604
1749261324,0.54300000,20708.80000000,0.604
1749261324,0.54200000,139.95000000,0.604
1749261324,0.54100000,1008.23000000,0.604
1749261324,0.54000000,22010.02000000,0.604
1749261324,0.53900000,1714.43000000,0.604
1749261324,0.53800000,454.78000000,0.604
1749261324,0.53700000,128.20000000,0.604
1749261324,0.53600000,1371.81000000,0.604
1749261324,0.53500000,2553.57000000,0.604
1749261324,0.53400000,124.69000000,0.604
1749261324,0.53300000,1117.55000000,0.604
1749261324,0.53200000,433.06000000,0.604
1749261324,0.53100000,267.71000000,0.604
1749261324,0.53000000,14521.41000000,0.604
1749261324,0.52900000,499.80000000,0.604
1749261324,0.52800000,1220.82000000,0.604
1749261324,0.52700000,82.80000000,0.604
1749261324,0.52600000,1546.84000000,0.604
1749261324,0.52500000,3114.08000000,0.604
1749261324,0.52400000,1253.91000000,0.604
1749261324,0.52300000,651.39000000,0.604
1749261324,0.52200000,112.23000000,0.604
1749261324,0.52100000,964.99000000,0.604
1749261324,0.52000000,16254.14000000,0.604
1749261324,0.51900000,203.19000000,0.604
1749261324,0.51800000,284.60000000,0.604
1749261324,0.51700000,306.99000000,0.604
1749261324,0.51600000,1021.48000000,0.604
1749261324,0.51500000,2796.75000000,0.604
1749261324,0.51400000,10985.05000000,0.604
1749261324,0.51300000,325.58000000,0.604
1749261324,0.51200000,35.61000000,0.604
1749261324,0.51100000,766.55000000,0.604
1749261324,0.51000000,25924.31000000,0.604
1749261324,0.50900000,71.86000000,0.604
1749261324,0.50800000,2701.52000000,0.604
1749261324,0.50700000,1681.91000000,0.604
1749261324,0.50600000,6069.85000000,0.604
1749261324,0.50500000,44396.03000000,0.604
1749261324,0.50400000,642.02000000,0.604
1749261630,0.60300000,41341.90000000,0.603
1749261630,0.60200000,263090.19000000,0.603
1749261630,0.60100000,250949.04000000,0.603
1749261630,0.60000000,143738.92000000,0.603
1749261630,0.59900000,53200.15000000,0.603
1749261630,0.59800000,130875.18000000,0.603
1749261630,0.59700000,21167.13000000,0.603
1749261630,0.59600000,51074.64000000,0.603
1749261630,0.59500000,90102.51000000,0.603
1749261630,0.59400000,14759.63000000,0.603
1749261630,0.59300000,18384.14000000,0.603
1749261630,0.59200000,10148.33000000,0.603
1749261630,0.59100000,5693.33000000,0.603
1749261630,0.59000000,25551.13000000,0.603
1749261630,0.58900000,10131.46000000,0.603
1749261630,0.58800000,11942.29000000,0.603
1749261630,0.58700000,8856.95000000,0.603
1749261630,0.58600000,29530.00000000,0.603
1749261630,0.58500000,7931.82000000,0.603
1749261630,0.58400000,6676.05000000,0.603
1749261630,0.58300000,8421.93000000,0.603
1749261630,0.58200000,8204.39000000,0.603
1749261630,0.58100000,38923.37000000,0.603
1749261630,0.58000000,32834.82000000,0.603
1749261630,0.57900000,6060.43000000,0.603
1749261630,0.57800000,10186.17000000,0.603
1749261630,0.57700000,1562.43000000,0.603
1749261630,0.57600000,6706.62000000,0.603
1749261630,0.57500000,15611.68000000,0.603
1749261630,0.57400000,1467.18000000,0.603
1749261630,0.57300000,4436.52000000,0.603
1749261630,0.57200000,9029.45000000,0.603
1749261630,0.57100000,26174.96000000,0.603
1749261630,0.57000000,87334.86000000,0.603
1749261630,0.56900000,1600.37000000,0.603
1749261630,0.56800000,8082.84000000,0.603
1749261630,0.56700000,3107.08000000,0.603
1749261630,0.56600000,89152.99000000,0.603
1749261630,0.56500000,3483.53000000,0.603
1749261630,0.56400000,789.79000000,0.603
1749261630,0.56300000,1293.52000000,0.603
1749261630,0.56200000,14480.17000000,0.603
1749261630,0.56100000,23541.85000000,0.603
1749261630,0.56000000,36394.27000000,0.603
1749261630,0.55900000,14774.14000000,0.603
1749261630,0.55800000,1395.93000000,0.603
1749261630,0.55700000,372.52000000,0.603
1749261630,0.55600000,5591.93000000,0.603
1749261630,0.55500000,19868.97000000,0.603
1749261630,0.55400000,467.41000000,0.603
1749261630,0.55300000,3641.20000000,0.603
1749261630,0.55200000,639.42000000,0.603
1749261630,0.55100000,27840.21000000,0.603
1749261630,0.55000000,98686.93000000,0.603
1749261630,0.54900000,2656.16000000,0.603
1749261630,0.54800000,2627.21000000,0.603
1749261630,0.54700000,10267.44000000,0.603
1749261630,0.54600000,40947.29000000,0.603
1749261630,0.54500000,48162.06000000,0.603
1749261630,0.54400000,467.15000000,0.603
1749261630,0.54300000,20708.80000000,0.603
1749261630,0.54200000,139.92000000,0.603
1749261630,0.54100000,1008.23000000,0.603
1749261630,0.54000000,22010.02000000,0.603
1749261630,0.53900000,1714.43000000,0.603
1749261630,0.53800000,454.78000000,0.603
1749261630,0.53700000,128.20000000,0.603
1749261630,0.53600000,1371.81000000,0.603
1749261630,0.53500000,2553.57000000,0.603
1749261630,0.53400000,124.69000000,0.603
1749261630,0.53300000,1117.55000000,0.603
1749261630,0.53200000,433.06000000,0.603
1749261630,0.53100000,267.71000000,0.603
1749261630,0.53000000,14521.41000000,0.603
1749261630,0.52900000,499.80000000,0.603
1749261630,0.52800000,1220.82000000,0.603
1749261630,0.52700000,82.80000000,0.603
1749261630,0.52600000,1546.84000000,0.603
1749261630,0.52500000,3114.08000000,0.603
1749261630,0.52400000,1253.91000000,0.603
1749261630,0.52300000,651.39000000,0.603
1749261630,0.52200000,112.23000000,0.603
1749261630,0.52100000,964.99000000,0.603
1749261630,0.52000000,16254.14000000,0.603
1749261630,0.51900000,203.19000000,0.603
1749261630,0.51800000,284.60000000,0.603
1749261630,0.51700000,306.99000000,0.603
1749261630,0.51600000,1021.48000000,0.603
1749261630,0.51500000,2796.75000000,0.603
1749261630,0.51400000,10985.05000000,0.603
1749261630,0.51300000,325.58000000,0.603
1749261630,0.51200000,35.61000000,0.603
1749261630,0.51100000,766.55000000,0.603
1749261630,0.51000000,25924.31000000,0.603
1749261630,0.50900000,71.86000000,0.603
1749261630,0.50800000,2701.52000000,0.603
1749261630,0.50700000,1681.91000000,0.603
1749261630,0.50600000,6069.85000000,0.603
1749261630,0.50500000,44396.03000000,0.603
1749261630,0.50400000,642.02000000,0.603
1749261932,0.60300000,72095.70000000,0.604
1749261932,0.60200000,260404.04000000,0.604
1749261932,0.60100000,250708.94000000,0.604
1749261932,0.60000000,137876.94000000,0.604
1749261932,0.59900000,52531.43000000,0.604
1749261932,0.59800000,123529.01000000,0.604
1749261932,0.59700000,27851.74000000,0.604
1749261932,0.59600000,37628.73000000,0.604
1749261932,0.59500000,75686.18000000,0.604
1749261932,0.59400000,43291.84000000,0.604
1749261932,0.59300000,9710.24000000,0.604
1749261932,0.59200000,8741.52000000,0.604
1749261932,0.59100000,5693.33000000,0.604
1749261932,0.59000000,25551.13000000,0.604
1749261932,0.58900000,10131.46000000,0.604
1749261932,0.58800000,11942.29000000,0.604
1749261932,0.58700000,8856.98000000,0.604
1749261932,0.58600000,29530.00000000,0.604
1749261932,0.58500000,7931.82000000,0.604
1749261932,0.58400000,6676.05000000,0.604
1749261932,0.58300000,8421.93000000,0.604
1749261932,0.58200000,9151.18000000,0.604
1749261932,0.58100000,38923.37000000,0.604
1749261932,0.58000000,32834.82000000,0.604
1749261932,0.57900000,6060.43000000,0.604
1749261932,0.57800000,10186.17000000,0.604
1749261932,0.57700000,5162.43000000,0.604
1749261932,0.57600000,6706.62000000,0.604
1749261932,0.57500000,15611.68000000,0.604
1749261932,0.57400000,1467.18000000,0.604
1749261932,0.57300000,4436.52000000,0.604
1749261932,0.57200000,9029.45000000,0.604
1749261932,0.57100000,26174.96000000,0.604
1749261932,0.57000000,87334.86000000,0.604
1749261932,0.56900000,1600.37000000,0.604
1749261932,0.56800000,8082.84000000,0.604
1749261932,0.56700000,3107.08000000,0.604
1749261932,0.56600000,89152.99000000,0.604
1749261932,0.56500000,3483.53000000,0.604
1749261932,0.56400000,789.79000000,0.604
1749261932,0.56300000,1293.52000000,0.604
1749261932,0.56200000,14480.17000000,0.604
1749261932,0.56100000,23541.85000000,0.604
1749261932,0.56000000,36394.27000000,0.604
1749261932,0.55900000,14774.14000000,0.604
1749261932,0.55800000,1395.93000000,0.604
1749261932,0.55700000,372.52000000,0.604
1749261932,0.55600000,5591.93000000,0.604
1749261932,0.55500000,19868.97000000,0.604
1749261932,0.55400000,467.41000000,0.604
1749261932,0.55300000,3641.20000000,0.604
1749261932,0.55200000,639.42000000,0.604
1749261932,0.55100000,27840.21000000,0.604
1749261932,0.55000000,98686.93000000,0.604
1749261932,0.54900000,2656.16000000,0.604
1749261932,0.54800000,2627.21000000,0.604
1749261932,0.54700000,10267.44000000,0.604
1749261932,0.54600000,40947.29000000,0.604
1749261932,0.54500000,48162.06000000,0.604
1749261932,0.54400000,386.91000000,0.604
1749261932,0.54300000,20789.20000000,0.604
1749261932,0.54200000,180.16000000,0.604
1749261932,0.54100000,1008.23000000,0.604
1749261932,0.54000000,22010.02000000,0.604
1749261932,0.53900000,1714.43000000,0.604
1749261932,0.53800000,454.78000000,0.604
1749261932,0.53700000,128.20000000,0.604
1749261932,0.53600000,1371.81000000,0.604
1749261932,0.53500000,2553.57000000,0.604
1749261932,0.53400000,124.69000000,0.604
1749261932,0.53300000,1117.55000000,0.604
1749261932,0.53200000,433.06000000,0.604
1749261932,0.53100000,267.71000000,0.604
1749261932,0.53000000,14521.41000000,0.604
1749261932,0.52900000,499.80000000,0.604
1749261932,0.52800000,1220.82000000,0.604
1749261932,0.52700000,82.80000000,0.604
1749261932,0.52600000,1546.84000000,0.604
1749261932,0.52500000,3114.08000000,0.604
1749261932,0.52400000,1253.91000000,0.604
1749261932,0.52300000,651.39000000,0.604
1749261932,0.52200000,112.23000000,0.604
1749261932,0.52100000,964.99000000,0.604
1749261932,0.52000000,16254.14000000,0.604
1749261932,0.51900000,203.19000000,0.604
1749261932,0.51800000,284.60000000,0.604
1749261932,0.51700000,306.99000000,0.604
1749261932,0.51600000,1021.48000000,0.604
1749261932,0.51500000,2796.75000000,0.604
1749261932,0.51400000,10985.05000000,0.604
1749261932,0.51300000,325.58000000,0.604
1749261932,0.51200000,35.61000000,0.604
1749261932,0.51100000,766.55000000,0.604
1749261932,0.51000000,25924.31000000,0.604
1749261932,0.50900000,71.86000000,0.604
1749261932,0.50800000,2701.52000000,0.604
1749261932,0.50700000,1681.91000000,0.604
1749261932,0.50600000,6069.85000000,0.604
1749261932,0.50500000,44396.03000000,0.604
1749261932,0.50400000,642.02000000,0.604
1749262238,0.60500000,43013.45000000,0.606
1749262238,0.60400000,207023.46000000,0.606
1749262238,0.60300000,138255.19000000,0.606
1749262238,0.60200000,236913.65000000,0.606
1749262238,0.60100000,135580.48000000,0.606
1749262238,0.60000000,47082.46000000,0.606
1749262238,0.59900000,49340.05000000,0.606
1749262238,0.59800000,112502.84000000,0.606
1749262238,0.59700000,37641.59000000,0.606
1749262238,0.59600000,51332.74000000,0.606
1749262238,0.59500000,74008.45000000,0.606
1749262238,0.59400000,14759.63000000,0.606
1749262238,0.59300000,9751.47000000,0.606
1749262238,0.59200000,8741.52000000,0.606
1749262238,0.59100000,5693.33000000,0.606
1749262238,0.59000000,25500.37000000,0.606
1749262238,0.58900000,10250.34000000,0.606
1749262238,0.58800000,11942.29000000,0.606
1749262238,0.58700000,8737.84000000,0.606
1749262238,0.58600000,29530.00000000,0.606
1749262238,0.58500000,8273.70000000,0.606
1749262238,0.58400000,6676.05000000,0.606
1749262238,0.58300000,8421.93000000,0.606
1749262238,0.58200000,8204.39000000,0.606
1749262238,0.58100000,38923.37000000,0.606
1749262238,0.58000000,32834.82000000,0.606
1749262238,0.57900000,6060.43000000,0.606
1749262238,0.57800000,10186.17000000,0.606
1749262238,0.57700000,1562.43000000,0.606
1749262238,0.57600000,6706.62000000,0.606
1749262238,0.57500000,15611.68000000,0.606
1749262238,0.57400000,1502.02000000,0.606
1749262238,0.57300000,4401.62000000,0.606
1749262238,0.57200000,9029.45000000,0.606
1749262238,0.57100000,26174.96000000,0.606
1749262238,0.57000000,87334.86000000,0.606
1749262238,0.56900000,1600.37000000,0.606
1749262238,0.56800000,8082.84000000,0.606
1749262238,0.56700000,3107.08000000,0.606
1749262238,0.56600000,89152.99000000,0.606
1749262238,0.56500000,3483.53000000,0.606
1749262238,0.56400000,789.79000000,0.606
1749262238,0.56300000,1293.52000000,0.606
1749262238,0.56200000,14480.17000000,0.606
1749262238,0.56100000,23541.85000000,0.606
1749262238,0.56000000,36394.27000000,0.606
1749262238,0.55900000,14774.14000000,0.606
1749262238,0.55800000,1395.93000000,0.606
1749262238,0.55700000,372.52000000,0.606
1749262238,0.55600000,5591.93000000,0.606
1749262238,0.55500000,19868.97000000,0.606
1749262238,0.55400000,467.41000000,0.606
1749262238,0.55300000,3641.20000000,0.606
1749262238,0.55200000,639.42000000,0.606
1749262238,0.55100000,27840.21000000,0.606
1749262238,0.55000000,98686.93000000,0.606
1749262238,0.54900000,2656.16000000,0.606
1749262238,0.54800000,2627.21000000,0.606
1749262238,0.54700000,10267.44000000,0.606
1749262238,0.54600000,40947.29000000,0.606
1749262238,0.54500000,48162.06000000,0.606
1749262238,0.54400000,386.91000000,0.606
1749262238,0.54300000,20772.69000000,0.606
1749262238,0.54200000,163.62000000,0.606
1749262238,0.54100000,1008.23000000,0.606
1749262238,0.54000000,22010.02000000,0.606
1749262238,0.53900000,1714.43000000,0.606
1749262238,0.53800000,454.78000000,0.606
1749262238,0.53700000,128.20000000,0.606
1749262238,0.53600000,1371.81000000,0.606
1749262238,0.53500000,2553.57000000,0.606
1749262238,0.53400000,124.69000000,0.606
1749262238,0.53300000,1117.55000000,0.606
1749262238,0.53200000,433.06000000,0.606
1749262238,0.53100000,267.71000000,0.606
1749262238,0.53000000,14521.41000000,0.606
1749262238,0.52900000,499.80000000,0.606
1749262238,0.52800000,1220.82000000,0.606
1749262238,0.52700000,82.80000000,0.606
1749262238,0.52600000,1546.84000000,0.606
1749262238,0.52500000,3114.08000000,0.606
1749262238,0.52400000,1253.91000000,0.606
1749262238,0.52300000,651.39000000,0.606
1749262238,0.52200000,112.23000000,0.606
1749262238,0.52100000,964.99000000,0.606
1749262238,0.52000000,16254.14000000,0.606
1749262238,0.51900000,203.19000000,0.606
1749262238,0.51800000,284.60000000,0.606
1749262238,0.51700000,306.99000000,0.606
1749262238,0.51600000,1021.48000000,0.606
1749262238,0.51500000,2796.75000000,0.606
1749262238,0.51400000,10985.05000000,0.606
1749262238,0.51300000,325.58000000,0.606
1749262238,0.51200000,35.61000000,0.606
1749262238,0.51100000,766.55000000,0.606
1749262238,0.51000000,25924.31000000,0.606
1749262238,0.50900000,71.86000000,0.606
1749262238,0.50800000,2701.52000000,0.606
1749262238,0.50700000,1681.91000000,0.606
1749262238,0.50600000,6069.85000000,0.606
1749262540,0.60700000,46698.22000000,0.608
1749262540,0.60600000,215308.85000000,0.608
1749262540,0.60500000,132068.25000000,0.608
1749262540,0.60400000,169725.59000000,0.608
1749262540,0.60300000,121766.38000000,0.608
1749262540,0.60200000,164451.90000000,0.608
1749262540,0.60100000,26148.91000000,0.608
1749262540,0.60000000,130870.52000000,0.608
1749262540,0.59900000,34467.44000000,0.608
1749262540,0.59800000,105649.10000000,0.608
1749262540,0.59700000,17760.50000000,0.608
1749262540,0.59600000,24144.20000000,0.608
1749262540,0.59500000,7616.19000000,0.608
1749262540,0.59400000,23460.60000000,0.608
1749262540,0.59300000,6511.09000000,0.608
1749262540,0.59200000,6396.80000000,0.608
1749262540,0.59100000,5797.11000000,0.608
1749262540,0.59000000,25518.44000000,0.608
1749262540,0.58900000,10639.90000000,0.608
1749262540,0.58800000,11942.29000000,0.608
1749262540,0.58700000,8737.84000000,0.608
1749262540,0.58600000,29530.00000000,0.608
1749262540,0.58500000,8273.70000000,0.608
1749262540,0.58400000,7619.60000000,0.608
1749262540,0.58300000,8421.93000000,0.608
1749262540,0.58200000,8204.39000000,0.608
1749262540,0.58100000,38932.57000000,0.608
1749262540,0.58000000,32834.82000000,0.608
1749262540,0.57900000,2460.43000000,0.608
1749262540,0.57800000,6586.17000000,0.608
1749262540,0.57700000,1562.43000000,0.608
1749262540,0.57600000,6706.62000000,0.608
1749262540,0.57500000,15611.68000000,0.608
1749262540,0.57400000,1514.73000000,0.608
1749262540,0.57300000,4401.62000000,0.608
1749262540,0.57200000,9029.45000000,0.608
1749262540,0.57100000,26174.96000000,0.608
1749262540,0.57000000,87334.86000000,0.608
1749262540,0.56900000,1600.37000000,0.608
1749262540,0.56800000,8108.46000000,0.608
1749262540,0.56700000,3107.08000000,0.608
1749262540,0.56600000,89152.99000000,0.608
1749262540,0.56500000,3483.53000000,0.608
1749262540,0.56400000,789.79000000,0.608
1749262540,0.56300000,1293.52000000,0.608
1749262540,0.56200000,14480.17000000,0.608
1749262540,0.56100000,23541.85000000,0.608
1749262540,0.56000000,36394.27000000,0.608
1749262540,0.55900000,14774.14000000,0.608
1749262540,0.55800000,1395.93000000,0.608
1749262540,0.55700000,372.52000000,0.608
1749262540,0.55600000,5591.93000000,0.608
1749262540,0.55500000,19868.97000000,0.608
1749262540,0.55400000,467.41000000,0.608
1749262540,0.55300000,3641.20000000,0.608
1749262540,0.55200000,639.42000000,0.608
1749262540,0.55100000,27840.21000000,0.608
1749262540,0.55000000,98686.93000000,0.608
1749262540,0.54900000,2656.16000000,0.608
1749262540,0.54800000,2627.21000000,0.608
1749262540,0.54700000,10267.44000000,0.608
1749262540,0.54600000,40947.29000000,0.608
1749262540,0.54500000,48225.60000000,0.608
1749262540,0.54400000,410.47000000,0.608
1749262540,0.54300000,20692.29000000,0.608
1749262540,0.54200000,123.38000000,0.608
1749262540,0.54100000,1008.23000000,0.608
1749262540,0.54000000,22010.02000000,0.608
1749262540,0.53900000,1714.43000000,0.608
1749262540,0.53800000,454.78000000,0.608
1749262540,0.53700000,128.20000000,0.608
1749262540,0.53600000,1371.81000000,0.608
1749262540,0.53500000,2553.57000000,0.608
1749262540,0.53400000,124.69000000,0.608
1749262540,0.53300000,1117.55000000,0.608
1749262540,0.53200000,433.06000000,0.608
1749262540,0.53100000,267.71000000,0.608
1749262540,0.53000000,14521.41000000,0.608
1749262540,0.52900000,499.80000000,0.608
1749262540,0.52800000,1220.82000000,0.608
1749262540,0.52700000,82.80000000,0.608
1749262540,0.52600000,1546.84000000,0.608
1749262540,0.52500000,3114.08000000,0.608
1749262540,0.52400000,1253.91000000,0.608
1749262540,0.52300000,651.39000000,0.608
1749262540,0.52200000,112.23000000,0.608
1749262540,0.52100000,964.99000000,0.608
1749262540,0.52000000,16254.14000000,0.608
1749262540,0.51900000,203.19000000,0.608
1749262540,0.51800000,284.60000000,0.608
1749262540,0.51700000,306.99000000,0.608
1749262540,0.51600000,1021.48000000,0.608
1749262540,0.51500000,2796.75000000,0.608
1749262540,0.51400000,10985.05000000,0.608
1749262540,0.51300000,325.58000000,0.608
1749262540,0.51200000,35.61000000,0.608
1749262540,0.51100000,766.55000000,0.608
1749262540,0.51000000,25924.31000000,0.608
1749262540,0.50900000,71.86000000,0.608
1749262540,0.50800000,2701.52000000,0.608
1749262841,0.60600000,87888.32000000,0.606
1749262841,0.60500000,244258.63000000,0.606
1749262841,0.60400000,215838.76000000,0.606
1749262841,0.60300000,136255.82000000,0.606
1749262841,0.60200000,154025.35000000,0.606
1749262841,0.60100000,114333.84000000,0.606
1749262841,0.60000000,43111.37000000,0.606
1749262841,0.59900000,50941.90000000,0.606
1749262841,0.59800000,78736.43000000,0.606
1749262841,0.59700000,17827.19000000,0.606
1749262841,0.59600000,9818.17000000,0.606
1749262841,0.59500000,8038.31000000,0.606
1749262841,0.59400000,23460.60000000,0.606
1749262841,0.59300000,24076.49000000,0.606
1749262841,0.59200000,5890.94000000,0.606
1749262841,0.59100000,6353.94000000,0.606
1749262841,0.59000000,6944.96000000,0.606
1749262841,0.58900000,26779.05000000,0.606
1749262841,0.58800000,37080.65000000,0.606
1749262841,0.58700000,8737.84000000,0.606
1749262841,0.58600000,11788.35000000,0.606
1749262841,0.58500000,8273.70000000,0.606
1749262841,0.58400000,16599.19000000,0.606
1749262841,0.58300000,8421.93000000,0.606
1749262841,0.58200000,8204.39000000,0.606
1749262841,0.58100000,29839.44000000,0.606
1749262841,0.58000000,29510.38000000,0.606
1749262841,0.57900000,2460.43000000,0.606
1749262841,0.57800000,6586.17000000,0.606
1749262841,0.57700000,1579.76000000,0.606
1749262841,0.57600000,6706.62000000,0.606
1749262841,0.57500000,15611.68000000,0.606
1749262841,0.57400000,1497.31000000,0.606
1749262841,0.57300000,4401.62000000,0.606
1749262841,0.57200000,9029.45000000,0.606
1749262841,0.57100000,26174.96000000,0.606
1749262841,0.57000000,87334.86000000,0.606
1749262841,0.56900000,1600.37000000,0.606
1749262841,0.56800000,8108.46000000,0.606
1749262841,0.56700000,3107.08000000,0.606
1749262841,0.56600000,89152.99000000,0.606
1749262841,0.56500000,3483.53000000,0.606
1749262841,0.56400000,789.79000000,0.606
1749262841,0.56300000,1293.52000000,0.606
1749262841,0.56200000,14480.17000000,0.606
1749262841,0.56100000,23541.85000000,0.606
1749262841,0.56000000,36394.27000000,0.606
1749262841,0.55900000,14774.14000000,0.606
1749262841,0.55800000,1395.93000000,0.606
1749262841,0.55700000,372.52000000,0.606
1749262841,0.55600000,5591.93000000,0.606
1749262841,0.55500000,19868.97000000,0.606
1749262841,0.55400000,467.41000000,0.606
1749262841,0.55300000,3641.20000000,0.606
1749262841,0.55200000,639.42000000,0.606
1749262841,0.55100000,27840.21000000,0.606
1749262841,0.55000000,98686.93000000,0.606
1749262841,0.54900000,2656.16000000,0.606
1749262841,0.54800000,2627.21000000,0.606
1749262841,0.54700000,10267.44000000,0.606
1749262841,0.54600000,40947.29000000,0.606
1749262841,0.54500000,48242.06000000,0.606
1749262841,0.54400000,410.47000000,0.606
1749262841,0.54300000,20692.29000000,0.606
1749262841,0.54200000,123.38000000,0.606
1749262841,0.54100000,1008.23000000,0.606
1749262841,0.54000000,22010.02000000,0.606
1749262841,0.53900000,1714.43000000,0.606
1749262841,0.53800000,454.78000000,0.606
1749262841,0.53700000,128.20000000,0.606
1749262841,0.53600000,1371.81000000,0.606
1749262841,0.53500000,2553.57000000,0.606
1749262841,0.53400000,124.69000000,0.606
1749262841,0.53300000,1117.55000000,0.606
1749262841,0.53200000,433.06000000,0.606
1749262841,0.53100000,267.71000000,0.606
1749262841,0.53000000,14521.41000000,0.606
1749262841,0.52900000,499.80000000,0.606
1749262841,0.52800000,1220.82000000,0.606
1749262841,0.52700000,82.80000000,0.606
1749262841,0.52600000,1546.84000000,0.606
1749262841,0.52500000,3114.08000000,0.606
1749262841,0.52400000,1253.91000000,0.606
1749262841,0.52300000,651.39000000,0.606
1749262841,0.52200000,112.23000000,0.606
1749262841,0.52100000,372.90000000,0.606
1749262841,0.52000000,16254.14000000,0.606
1749262841,0.51900000,203.19000000,0.606
1749262841,0.51800000,284.60000000,0.606
1749262841,0.51700000,306.99000000,0.606
1749262841,0.51600000,1021.48000000,0.606
1749262841,0.51500000,2796.75000000,0.606
1749262841,0.51400000,10985.05000000,0.606
1749262841,0.51300000,325.58000000,0.606
1749262841,0.51200000,35.61000000,0.606
1749262841,0.51100000,766.55000000,0.606
1749262841,0.51000000,25924.31000000,0.606
1749262841,0.50900000,71.86000000,0.606
1749262841,0.50800000,2701.52000000,0.606
1749262841,0.50700000,1681.91000000,0.606
1749263143,0.60700000,121544.74000000,0.608
1749263143,0.60600000,182898.55000000,0.608
1749263143,0.60500000,156908.50000000,0.608
1749263143,0.60400000,191624.55000000,0.608
1749263143,0.60300000,133199.08000000,0.608
1749263143,0.60200000,70056.91000000,0.608
1749263143,0.60100000,119173.40000000,0.608
1749263143,0.60000000,49398.01000000,0.608
1749263143,0.59900000,34476.61000000,0.608
1749263143,0.59800000,95098.43000000,0.608
1749263143,0.59700000,18328.64000000,0.608
1749263143,0.59600000,9827.40000000,0.608
1749263143,0.59500000,8038.31000000,0.608
1749263143,0.59400000,22959.22000000,0.608
1749263143,0.59300000,24076.49000000,0.608
1749263143,0.59200000,6454.54000000,0.608
1749263143,0.59100000,5797.10000000,0.608
1749263143,0.59000000,22262.72000000,0.608
1749263143,0.58900000,10131.46000000,0.608
1749263143,0.58800000,37080.65000000,0.608
1749263143,0.58700000,8737.84000000,0.608
1749263143,0.58600000,10848.02000000,0.608
1749263143,0.58500000,9215.63000000,0.608
1749263143,0.58400000,16599.19000000,0.608
1749263143,0.58300000,8421.93000000,0.608
1749263143,0.58200000,8204.39000000,0.608
1749263143,0.58100000,29839.44000000,0.608
1749263143,0.58000000,32248.32000000,0.608
1749263143,0.57900000,2460.43000000,0.608
1749263143,0.57800000,6586.17000000,0.608
1749263143,0.57700000,1579.76000000,0.608
1749263143,0.57600000,6706.62000000,0.608
1749263143,0.57500000,15611.68000000,0.608
1749263143,0.57400000,1497.31000000,0.608
1749263143,0.57300000,4401.62000000,0.608
1749263143,0.57200000,9029.45000000,0.608
1749263143,0.57100000,26174.96000000,0.608
1749263143,0.57000000,87334.86000000,0.608
1749263143,0.56900000,1600.37000000,0.608
1749263143,0.56800000,8108.46000000,0.608
1749263143,0.56700000,3107.08000000,0.608
1749263143,0.56600000,89152.99000000,0.608
1749263143,0.56500000,3483.53000000,0.608
1749263143,0.56400000,789.79000000,0.608
1749263143,0.56300000,1293.52000000,0.608
1749263143,0.56200000,14480.17000000,0.608
1749263143,0.56100000,23541.85000000,0.608
1749263143,0.56000000,36394.27000000,0.608
1749263143,0.55900000,14774.14000000,0.608
1749263143,0.55800000,1395.93000000,0.608
1749263143,0.55700000,372.52000000,0.608
1749263143,0.55600000,5591.93000000,0.608
1749263143,0.55500000,19868.97000000,0.608
1749263143,0.55400000,467.41000000,0.608
1749263143,0.55300000,3641.20000000,0.608
1749263143,0.55200000,639.42000000,0.608
1749263143,0.55100000,27840.21000000,0.608
1749263143,0.55000000,98686.93000000,0.608
1749263143,0.54900000,2656.16000000,0.608
1749263143,0.54800000,2627.21000000,0.608
1749263143,0.54700000,10267.44000000,0.608
1749263143,0.54600000,41027.13000000,0.608
1749263143,0.54500000,48185.60000000,0.608
1749263143,0.54400000,370.43000000,0.608
1749263143,0.54300000,20692.29000000,0.608
1749263143,0.54200000,123.38000000,0.608
1749263143,0.54100000,1008.23000000,0.608
1749263143,0.54000000,22010.02000000,0.608
1749263143,0.53900000,1714.43000000,0.608
1749263143,0.53800000,454.78000000,0.608
1749263143,0.53700000,128.20000000,0.608
1749263143,0.53600000,1371.81000000,0.608
1749263143,0.53500000,2553.57000000,0.608
1749263143,0.53400000,124.69000000,0.608
1749263143,0.53300000,1117.55000000,0.608
1749263143,0.53200000,433.06000000,0.608
1749263143,0.53100000,267.71000000,0.608
1749263143,0.53000000,14521.41000000,0.608
1749263143,0.52900000,499.80000000,0.608
1749263143,0.52800000,1220.82000000,0.608
1749263143,0.52700000,82.80000000,0.608
1749263143,0.52600000,1546.84000000,0.608
1749263143,0.52500000,3114.08000000,0.608
1749263143,0.52400000,1253.91000000,0.608
1749263143,0.52300000,651.39000000,0.608
1749263143,0.52200000,112.23000000,0.608
1749263143,0.52100000,372.90000000,0.608
1749263143,0.52000000,16254.14000000,0.608
1749263143,0.51900000,203.19000000,0.608
1749263143,0.51800000,284.60000000,0.608
1749263143,0.51700000,306.99000000,0.608
1749263143,0.51600000,1021.48000000,0.608
1749263143,0.51500000,2796.75000000,0.608
1749263143,0.51400000,10985.05000000,0.608
1749263143,0.51300000,325.58000000,0.608
1749263143,0.51200000,35.61000000,0.608
1749263143,0.51100000,766.55000000,0.608
1749263143,0.51000000,25924.31000000,0.608
1749263143,0.50900000,71.86000000,0.608
1749263143,0.50800000,2701.52000000,0.608
1749263444,0.60700000,42746.68000000,0.607
1749263444,0.60600000,267670.76000000,0.607
1749263444,0.60500000,215261.90000000,0.607
1749263444,0.60400000,136249.39000000,0.607
1749263444,0.60300000,131128.88000000,0.607
1749263444,0.60200000,64140.47000000,0.607
1749263444,0.60100000,120497.82000000,0.607
1749263444,0.60000000,57649.59000000,0.607
1749263444,0.59900000,35135.70000000,0.607
1749263444,0.59800000,86487.85000000,0.607
1749263444,0.59700000,17827.26000000,0.607
1749263444,0.59600000,9868.93000000,0.607
1749263444,0.59500000,8038.31000000,0.607
1749263444,0.59400000,22917.55000000,0.607
1749263444,0.59300000,24076.49000000,0.607
1749263444,0.59200000,5890.94000000,0.607
1749263444,0.59100000,6300.18000000,0.607
1749263444,0.59000000,27368.64000000,0.607
1749263444,0.58900000,9451.85000000,0.607
1749263444,0.58800000,37080.65000000,0.607
1749263444,0.58700000,8737.84000000,0.607
1749263444,0.58600000,11788.35000000,0.607
1749263444,0.58500000,8273.70000000,0.607
1749263444,0.58400000,16599.19000000,0.607
1749263444,0.58300000,8421.93000000,0.607
1749263444,0.58200000,8204.39000000,0.607
1749263444,0.58100000,29839.44000000,0.607
1749263444,0.58000000,32248.32000000,0.607
1749263444,0.57900000,2460.43000000,0.607
1749263444,0.57800000,6586.17000000,0.607
1749263444,0.57700000,1579.76000000,0.607
1749263444,0.57600000,6706.62000000,0.607
1749263444,0.57500000,15594.28000000,0.607
1749263444,0.57400000,1514.74000000,0.607
1749263444,0.57300000,4401.62000000,0.607
1749263444,0.57200000,9029.45000000,0.607
1749263444,0.57100000,26174.96000000,0.607
1749263444,0.57000000,87334.86000000,0.607
1749263444,0.56900000,1600.37000000,0.607
1749263444,0.56800000,8108.46000000,0.607
1749263444,0.56700000,3107.08000000,0.607
1749263444,0.56600000,89152.99000000,0.607
1749263444,0.56500000,3483.53000000,0.607
1749263444,0.56400000,789.79000000,0.607
1749263444,0.56300000,1293.52000000,0.607
1749263444,0.56200000,14480.17000000,0.607
1749263444,0.56100000,23541.85000000,0.607
1749263444,0.56000000,36394.27000000,0.607
1749263444,0.55900000,14774.14000000,0.607
1749263444,0.55800000,1395.93000000,0.607
1749263444,0.55700000,372.52000000,0.607
1749263444,0.55600000,5591.93000000,0.607
1749263444,0.55500000,19868.97000000,0.607
1749263444,0.55400000,467.41000000,0.607
1749263444,0.55300000,3641.20000000,0.607
1749263444,0.55200000,639.42000000,0.607
1749263444,0.55100000,27840.21000000,0.607
1749263444,0.55000000,98686.93000000,0.607
1749263444,0.54900000,2656.16000000,0.607
1749263444,0.54800000,2627.21000000,0.607
1749263444,0.54700000,10267.44000000,0.607
1749263444,0.54600000,41027.13000000,0.607
1749263444,0.54500000,48185.60000000,0.607
1749263444,0.54400000,370.43000000,0.607
1749263444,0.54300000,20692.29000000,0.607
1749263444,0.54200000,123.38000000,0.607
1749263444,0.54100000,1008.23000000,0.607
1749263444,0.54000000,22010.02000000,0.607
1749263444,0.53900000,1714.43000000,0.607
1749263444,0.53800000,454.78000000,0.607
1749263444,0.53700000,128.20000000,0.607
1749263444,0.53600000,1371.81000000,0.607
1749263444,0.53500000,2553.57000000,0.607
1749263444,0.53400000,124.69000000,0.607
1749263444,0.53300000,1117.55000000,0.607
1749263444,0.53200000,433.06000000,0.607
1749263444,0.53100000,267.71000000,0.607
1749263444,0.53000000,14521.41000000,0.607
1749263444,0.52900000,499.80000000,0.607
1749263444,0.52800000,1220.82000000,0.607
1749263444,0.52700000,82.80000000,0.607
1749263444,0.52600000,1546.84000000,0.607
1749263444,0.52500000,3114.08000000,0.607
1749263444,0.52400000,1253.91000000,0.607
1749263444,0.52300000,651.39000000,0.607
1749263444,0.52200000,112.23000000,0.607
1749263444,0.52100000,372.90000000,0.607
1749263444,0.52000000,16254.14000000,0.607
1749263444,0.51900000,203.19000000,0.607
1749263444,0.51800000,284.60000000,0.607
1749263444,0.51700000,306.99000000,0.607
1749263444,0.51600000,1021.48000000,0.607
1749263444,0.51500000,2796.75000000,0.607
1749263444,0.51400000,10985.05000000,0.607
1749263444,0.51300000,325.58000000,0.607
1749263444,0.51200000,35.61000000,0.607
1749263444,0.51100000,766.55000000,0.607
1749263444,0.51000000,25924.31000000,0.607
1749263444,0.50900000,71.86000000,0.607
1749263444,0.50800000,2701.52000000,0.607
1749263746,0.60700000,52197.52000000,0.608
1749263746,0.60600000,291814.12000000,0.608
1749263746,0.60500000,282227.63000000,0.608
1749263746,0.60400000,144167.64000000,0.608
1749263746,0.60300000,37970.56000000,0.608
1749263746,0.60200000,65376.25000000,0.608
1749263746,0.60100000,120496.46000000,0.608
1749263746,0.60000000,46908.69000000,0.608
1749263746,0.59900000,35135.70000000,0.608
1749263746,0.59800000,87994.39000000,0.608
1749263746,0.59700000,17827.26000000,0.608
1749263746,0.59600000,9036.66000000,0.608
1749263746,0.59500000,7213.91000000,0.608
1749263746,0.59400000,22917.55000000,0.608
1749263746,0.59300000,24092.79000000,0.608
1749263746,0.59200000,5890.94000000,0.608
1749263746,0.59100000,6238.49000000,0.608
1749263746,0.59000000,27350.57000000,0.608
1749263746,0.58900000,9451.85000000,0.608
1749263746,0.58800000,37080.65000000,0.608
1749263746,0.58700000,9239.22000000,0.608
1749263746,0.58600000,11788.35000000,0.608
1749263746,0.58500000,8273.70000000,0.608
1749263746,0.58400000,15774.79000000,0.608
1749263746,0.58300000,8421.93000000,0.608
1749263746,0.58200000,8204.39000000,0.608
1749263746,0.58100000,29338.06000000,0.608
1749263746,0.58000000,28648.32000000,0.608
1749263746,0.57900000,2460.43000000,0.608
1749263746,0.57800000,6586.17000000,0.608
1749263746,0.57700000,1597.09000000,0.608
1749263746,0.57600000,6706.62000000,0.608
1749263746,0.57500000,15594.28000000,0.608
1749263746,0.57400000,1514.74000000,0.608
1749263746,0.57300000,4401.62000000,0.608
1749263746,0.57200000,9029.45000000,0.608
1749263746,0.57100000,26157.45000000,0.608
1749263746,0.57000000,87334.86000000,0.608
1749263746,0.56900000,1600.37000000,0.608
1749263746,0.56800000,8108.46000000,0.608
1749263746,0.56700000,3107.08000000,0.608
1749263746,0.56600000,89152.99000000,0.608
1749263746,0.56500000,3483.53000000,0.608
1749263746,0.56400000,789.79000000,0.608
1749263746,0.56300000,1293.52000000,0.608
1749263746,0.56200000,14480.17000000,0.608
1749263746,0.56100000,23541.85000000,0.608
1749263746,0.56000000,36394.27000000,0.608
1749263746,0.55900000,14774.14000000,0.608
1749263746,0.55800000,1395.93000000,0.608
1749263746,0.55700000,372.52000000,0.608
1749263746,0.55600000,5591.93000000,0.608
1749263746,0.55500000,19868.97000000,0.608
1749263746,0.55400000,467.41000000,0.608
1749263746,0.55300000,3641.20000000,0.608
1749263746,0.55200000,639.42000000,0.608
1749263746,0.55100000,27840.21000000,0.608
1749263746,0.55000000,98686.93000000,0.608
1749263746,0.54900000,2656.16000000,0.608
1749263746,0.54800000,2627.21000000,0.608
1749263746,0.54700000,10267.44000000,0.608
1749263746,0.54600000,41067.08000000,0.608
1749263746,0.54500000,48145.60000000,0.608
1749263746,0.54400000,370.43000000,0.608
1749263746,0.54300000,20692.29000000,0.608
1749263746,0.54200000,123.38000000,0.608
1749263746,0.54100000,1008.23000000,0.608
1749263746,0.54000000,22010.02000000,0.608
1749263746,0.53900000,1714.43000000,0.608
1749263746,0.53800000,454.78000000,0.608
1749263746,0.53700000,128.20000000,0.608
1749263746,0.53600000,1371.81000000,0.608
1749263746,0.53500000,2553.57000000,0.608
1749263746,0.53400000,124.69000000,0.608
1749263746,0.53300000,1117.55000000,0.608
1749263746,0.53200000,433.06000000,0.608
1749263746,0.53100000,267.71000000,0.608
1749263746,0.53000000,14521.41000000,0.608
1749263746,0.52900000,499.80000000,0.608
1749263746,0.52800000,1220.82000000,0.608
1749263746,0.52700000,82.80000000,0.608
1749263746,0.52600000,1546.84000000,0.608
1749263746,0.52500000,3114.08000000,0.608
1749263746,0.52400000,1253.91000000,0.608
1749263746,0.52300000,651.39000000,0.608
1749263746,0.52200000,112.23000000,0.608
1749263746,0.52100000,372.90000000,0.608
1749263746,0.52000000,16254.14000000,0.608
1749263746,0.51900000,203.19000000,0.608
1749263746,0.51800000,284.60000000,0.608
1749263746,0.51700000,306.99000000,0.608
1749263746,0.51600000,1021.48000000,0.608
1749263746,0.51500000,2796.75000000,0.608
1749263746,0.51400000,10985.05000000,0.608
1749263746,0.51300000,325.58000000,0.608
1749263746,0.51200000,35.61000000,0.608
1749263746,0.51100000,766.55000000,0.608
1749263746,0.51000000,25924.31000000,0.608
1749263746,0.50900000,71.86000000,0.608
1749263746,0.50800000,2701.52000000,0.608
1749264048,0.60800000,73767.28000000,0.608
1749264048,0.60700000,251170.00000000,0.608
1749264048,0.60600000,235515.00000000,0.608
1749264048,0.60500000,119252.43000000,0.608
1749264048,0.60400000,151350.74000000,0.608
1749264048,0.60300000,43407.69000000,0.608
1749264048,0.60200000,47379.69000000,0.608
1749264048,0.60100000,118564.79000000,0.608
1749264048,0.60000000,33091.42000000,0.608
1749264048,0.59900000,49894.35000000,0.608
1749264048,0.59800000,66821.90000000,0.608
1749264048,0.59700000,17827.26000000,0.608
1749264048,0.59600000,9036.66000000,0.608
1749264048,0.59500000,27465.96000000,0.608
1749264048,0.59400000,23444.01000000,0.608
1749264048,0.59300000,24092.79000000,0.608
1749264048,0.59200000,6009.21000000,0.608
1749264048,0.59100000,5678.64000000,0.608
1749264048,0.59000000,7604.86000000,0.608
1749264048,0.58900000,9451.85000000,0.608
1749264048,0.58800000,37080.65000000,0.608
1749264048,0.58700000,9239.22000000,0.608
1749264048,0.58600000,11788.35000000,0.608
1749264048,0.58500000,8273.70000000,0.608
1749264048,0.58400000,15774.79000000,0.608
1749264048,0.58300000,8421.93000000,0.608
1749264048,0.58200000,8204.39000000,0.608
1749264048,0.58100000,29338.06000000,0.608
1749264048,0.58000000,28648.32000000,0.608
1749264048,0.57900000,2460.43000000,0.608
1749264048,0.57800000,6586.17000000,0.608
1749264048,0.57700000,1597.09000000,0.608
1749264048,0.57600000,6706.62000000,0.608
1749264048,0.57500000,15594.28000000,0.608
1749264048,0.57400000,1514.74000000,0.608
1749264048,0.57300000,4401.62000000,0.608
1749264048,0.57200000,9029.45000000,0.608
1749264048,0.57100000,26157.45000000,0.608
1749264048,0.57000000,87334.86000000,0.608
1749264048,0.56900000,1600.37000000,0.608
1749264048,0.56800000,8108.46000000,0.608
1749264048,0.56700000,3107.08000000,0.608
1749264048,0.56600000,89152.99000000,0.608
1749264048,0.56500000,3483.53000000,0.608
1749264048,0.56400000,789.79000000,0.608
1749264048,0.56300000,1293.52000000,0.608
1749264048,0.56200000,14480.17000000,0.608
1749264048,0.56100000,23541.85000000,0.608
1749264048,0.56000000,36394.27000000,0.608
1749264048,0.55900000,14774.14000000,0.608
1749264048,0.55800000,1395.93000000,0.608
1749264048,0.55700000,372.52000000,0.608
1749264048,0.55600000,5591.93000000,0.608
1749264048,0.55500000,19868.97000000,0.608
1749264048,0.55400000,467.41000000,0.608
1749264048,0.55300000,3641.20000000,0.608
1749264048,0.55200000,639.42000000,0.608
1749264048,0.55100000,27840.21000000,0.608
1749264048,0.55000000,98686.93000000,0.608
1749264048,0.54900000,2656.16000000,0.608
1749264048,0.54800000,2627.21000000,0.608
1749264048,0.54700000,10267.44000000,0.608
1749264048,0.54600000,41050.62000000,0.608
1749264048,0.54500000,48145.60000000,0.608
1749264048,0.54400000,370.43000000,0.608
1749264048,0.54300000,20692.29000000,0.608
1749264048,0.54200000,123.38000000,0.608
1749264048,0.54100000,1008.23000000,0.608
1749264048,0.54000000,22010.02000000,0.608
1749264048,0.53900000,1714.43000000,0.608
1749264048,0.53800000,454.78000000,0.608
1749264048,0.53700000,128.20000000,0.608
1749264048,0.53600000,1371.81000000,0.608
1749264048,0.53500000,2553.57000000,0.608
1749264048,0.53400000,124.69000000,0.608
1749264048,0.53300000,1117.55000000,0.608
1749264048,0.53200000,433.06000000,0.608
1749264048,0.53100000,267.71000000,0.608
1749264048,0.53000000,14521.41000000,0.608
1749264048,0.52900000,499.80000000,0.608
1749264048,0.52800000,1220.82000000,0.608
1749264048,0.52700000,82.80000000,0.608
1749264048,0.52600000,1546.84000000,0.608
1749264048,0.52500000,3114.08000000,0.608
1749264048,0.52400000,1253.91000000,0.608
1749264048,0.52300000,651.39000000,0.608
1749264048,0.52200000,112.23000000,0.608
1749264048,0.52100000,372.90000000,0.608
1749264048,0.52000000,16254.14000000,0.608
1749264048,0.51900000,203.19000000,0.608
1749264048,0.51800000,284.60000000,0.608
1749264048,0.51700000,306.99000000,0.608
1749264048,0.51600000,1021.48000000,0.608
1749264048,0.51500000,2796.75000000,0.608
1749264048,0.51400000,10985.05000000,0.608
1749264048,0.51300000,325.58000000,0.608
1749264048,0.51200000,35.61000000,0.608
1749264048,0.51100000,766.55000000,0.608
1749264048,0.51000000,25924.31000000,0.608
1749264048,0.50900000,71.86000000,0.608
1749264349,0.60700000,134287.42000000,0.608
1749264349,0.60600000,282725.86000000,0.608
1749264349,0.60500000,206886.43000000,0.608
1749264349,0.60400000,142877.23000000,0.608
1749264349,0.60300000,116850.52000000,0.608
1749264349,0.60200000,52012.64000000,0.608
1749264349,0.60100000,26082.68000000,0.608
1749264349,0.60000000,49565.88000000,0.608
1749264349,0.59900000,32677.87000000,0.608
1749264349,0.59800000,92661.68000000,0.608
1749264349,0.59700000,17827.26000000,0.608
1749264349,0.59600000,9086.92000000,0.608
1749264349,0.59500000,28159.32000000,0.608
1749264349,0.59400000,22917.55000000,0.608
1749264349,0.59300000,24042.28000000,0.608
1749264349,0.59200000,5890.94000000,0.608
1749264349,0.59100000,5797.11000000,0.608
1749264349,0.59000000,7604.86000000,0.608
1749264349,0.58900000,9451.85000000,0.608
1749264349,0.58800000,37122.22000000,0.608
1749264349,0.58700000,9239.22000000,0.608
1749264349,0.58600000,11788.35000000,0.608
1749264349,0.58500000,8273.70000000,0.608
1749264349,0.58400000,15774.79000000,0.608
1749264349,0.58300000,8421.93000000,0.608
1749264349,0.58200000,8204.39000000,0.608
1749264349,0.58100000,29338.06000000,0.608
1749264349,0.58000000,28648.32000000,0.608
1749264349,0.57900000,2460.43000000,0.608
1749264349,0.57800000,6586.17000000,0.608
1749264349,0.57700000,1597.09000000,0.608
1749264349,0.57600000,6723.99000000,0.608
1749264349,0.57500000,15594.28000000,0.608
1749264349,0.57400000,1480.34000000,0.608
1749264349,0.57300000,4401.62000000,0.608
1749264349,0.57200000,9029.45000000,0.608
1749264349,0.57100000,26157.45000000,0.608
1749264349,0.57000000,87334.86000000,0.608
1749264349,0.56900000,1600.37000000,0.608
1749264349,0.56800000,8108.46000000,0.608
1749264349,0.56700000,3107.08000000,0.608
1749264349,0.56600000,89152.99000000,0.608
1749264349,0.56500000,3483.53000000,0.608
1749264349,0.56400000,789.79000000,0.608
1749264349,0.56300000,1293.52000000,0.608
1749264349,0.56200000,14480.17000000,0.608
1749264349,0.56100000,23541.85000000,0.608
1749264349,0.56000000,36085.27000000,0.608
1749264349,0.55900000,14774.14000000,0.608
1749264349,0.55800000,1395.93000000,0.608
1749264349,0.55700000,372.52000000,0.608
1749264349,0.55600000,5591.93000000,0.608
1749264349,0.55500000,19868.97000000,0.608
1749264349,0.55400000,467.41000000,0.608
1749264349,0.55300000,3641.20000000,0.608
1749264349,0.55200000,639.42000000,0.608
1749264349,0.55100000,27840.21000000,0.608
1749264349,0.55000000,98824.60000000,0.608
1749264349,0.54900000,2656.16000000,0.608
1749264349,0.54800000,2627.21000000,0.608
1749264349,0.54700000,10267.44000000,0.608
1749264349,0.54600000,41067.05000000,0.608
1749264349,0.54500000,48145.60000000,0.608
1749264349,0.54400000,370.43000000,0.608
1749264349,0.54300000,20692.29000000,0.608
1749264349,0.54200000,123.38000000,0.608
1749264349,0.54100000,1008.23000000,0.608
1749264349,0.54000000,22010.02000000,0.608
1749264349,0.53900000,1714.43000000,0.608
1749264349,0.53800000,454.78000000,0.608
1749264349,0.53700000,128.20000000,0.608
1749264349,0.53600000,1371.81000000,0.608
1749264349,0.53500000,2553.57000000,0.608
1749264349,0.53400000,124.69000000,0.608
1749264349,0.53300000,1117.55000000,0.608
1749264349,0.53200000,433.06000000,0.608
1749264349,0.53100000,267.71000000,0.608
1749264349,0.53000000,14521.41000000,0.608
1749264349,0.52900000,499.80000000,0.608
1749264349,0.52800000,1220.82000000,0.608
1749264349,0.52700000,82.80000000,0.608
1749264349,0.52600000,1546.84000000,0.608
1749264349,0.52500000,3114.08000000,0.608
1749264349,0.52400000,1253.91000000,0.608
1749264349,0.52300000,651.39000000,0.608
1749264349,0.52200000,112.23000000,0.608
1749264349,0.52100000,372.90000000,0.608
1749264349,0.52000000,16254.14000000,0.608
1749264349,0.51900000,203.19000000,0.608
1749264349,0.51800000,284.60000000,0.608
1749264349,0.51700000,306.99000000,0.608
1749264349,0.51600000,1021.48000000,0.608
1749264349,0.51500000,2796.75000000,0.608
1749264349,0.51400000,10985.05000000,0.608
1749264349,0.51300000,325.58000000,0.608
1749264349,0.51200000,35.61000000,0.608
1749264349,0.51100000,766.55000000,0.608
1749264349,0.51000000,25924.31000000,0.608
1749264349,0.50900000,71.86000000,0.608
1749264349,0.50800000,2701.52000000,0.608
1749264652,0.60800000,48655.73000000,0.608
1749264652,0.60700000,240491.40000000,0.608
1749264652,0.60600000,303275.67000000,0.608
1749264652,0.60500000,134137.36000000,0.608
1749264652,0.60400000,50135.41000000,0.608
1749264652,0.60300000,117538.05000000,0.608
1749264652,0.60200000,54674.45000000,0.608
1749264652,0.60100000,42548.00000000,0.608
1749264652,0.60000000,33241.42000000,0.608
1749264652,0.59900000,41941.26000000,0.608
1749264652,0.59800000,66821.90000000,0.608
1749264652,0.59700000,9471.83000000,0.608
1749264652,0.59600000,17726.39000000,0.608
1749264652,0.59500000,27465.96000000,0.608
1749264652,0.59400000,14941.59000000,0.608
1749264652,0.59300000,24042.28000000,0.608
1749264652,0.59200000,6009.21000000,0.608
1749264652,0.59100000,5678.64000000,0.608
1749264652,0.59000000,7594.69000000,0.608
1749264652,0.58900000,9451.85000000,0.608
1749264652,0.58800000,37122.22000000,0.608
1749264652,0.58700000,10177.95000000,0.608
1749264652,0.58600000,10848.02000000,0.608
1749264652,0.58500000,8273.70000000,0.608
1749264652,0.58400000,15774.79000000,0.608
1749264652,0.58300000,8421.93000000,0.608
1749264652,0.58200000,8204.39000000,0.608
1749264652,0.58100000,25738.06000000,0.608
1749264652,0.58000000,28648.32000000,0.608
1749264652,0.57900000,2460.43000000,0.608
1749264652,0.57800000,6586.17000000,0.608
1749264652,0.57700000,1597.09000000,0.608
1749264652,0.57600000,6723.99000000,0.608
1749264652,0.57500000,15594.28000000,0.608
1749264652,0.57400000,1480.34000000,0.608
1749264652,0.57300000,4401.62000000,0.608
1749264652,0.57200000,9013.72000000,0.608
1749264652,0.57100000,26157.45000000,0.608
1749264652,0.57000000,87334.86000000,0.608
1749264652,0.56900000,1600.37000000,0.608
1749264652,0.56800000,8108.46000000,0.608
1749264652,0.56700000,3107.08000000,0.608
1749264652,0.56600000,89152.99000000,0.608
1749264652,0.56500000,3483.53000000,0.608
1749264652,0.56400000,789.79000000,0.608
1749264652,0.56300000,1293.52000000,0.608
1749264652,0.56200000,14480.17000000,0.608
1749264652,0.56100000,23541.85000000,0.608
1749264652,0.56000000,36085.27000000,0.608
1749264652,0.55900000,14774.14000000,0.608
1749264652,0.55800000,1395.93000000,0.608
1749264652,0.55700000,372.52000000,0.608
1749264652,0.55600000,5591.93000000,0.608
1749264652,0.55500000,19868.97000000,0.608
1749264652,0.55400000,467.41000000,0.608
1749264652,0.55300000,3619.50000000,0.608
1749264652,0.55200000,639.42000000,0.608
1749264652,0.55100000,27840.21000000,0.608
1749264652,0.55000000,98824.60000000,0.608
1749264652,0.54900000,2656.16000000,0.608
1749264652,0.54800000,2627.21000000,0.608
1749264652,0.54700000,10266.99000000,0.608
1749264652,0.54600000,41050.62000000,0.608
1749264652,0.54500000,48145.60000000,0.608
1749264652,0.54400000,370.43000000,0.608
1749264652,0.54300000,20692.29000000,0.608
1749264652,0.54200000,123.38000000,0.608
1749264652,0.54100000,1008.23000000,0.608
1749264652,0.54000000,22010.02000000,0.608
1749264652,0.53900000,1714.43000000,0.608
1749264652,0.53800000,454.78000000,0.608
1749264652,0.53700000,128.20000000,0.608
1749264652,0.53600000,1371.81000000,0.608
1749264652,0.53500000,2553.57000000,0.608
1749264652,0.53400000,124.69000000,0.608
1749264652,0.53300000,1117.55000000,0.608
1749264652,0.53200000,433.06000000,0.608
1749264652,0.53100000,267.71000000,0.608
1749264652,0.53000000,14521.41000000,0.608
1749264652,0.52900000,499.80000000,0.608
1749264652,0.52800000,1220.82000000,0.608
1749264652,0.52700000,82.80000000,0.608
1749264652,0.52600000,1546.84000000,0.608
1749264652,0.52500000,3114.08000000,0.608
1749264652,0.52400000,1253.91000000,0.608
1749264652,0.52300000,651.39000000,0.608
1749264652,0.52200000,112.23000000,0.608
1749264652,0.52100000,372.90000000,0.608
1749264652,0.52000000,16254.14000000,0.608
1749264652,0.51900000,203.19000000,0.608
1749264652,0.51800000,284.60000000,0.608
1749264652,0.51700000,306.99000000,0.608
1749264652,0.51600000,1021.48000000,0.608
1749264652,0.51500000,2796.75000000,0.608
1749264652,0.51400000,10985.05000000,0.608
1749264652,0.51300000,325.58000000,0.608
1749264652,0.51200000,35.61000000,0.608
1749264652,0.51100000,766.55000000,0.608
1749264652,0.51000000,25924.31000000,0.608
1749264652,0.50900000,71.86000000,0.608
1749264953,0.61100000,52019.33000000,0.612
1749264953,0.61000000,206909.89000000,0.612
1749264953,0.60900000,127193.46000000,0.612
1749264953,0.60800000,175993.98000000,0.612
1749264953,0.60700000,102111.02000000,0.612
1749264953,0.60600000,162795.60000000,0.612
1749264953,0.60500000,129690.11000000,0.612
1749264953,0.60400000,44472.23000000,0.612
1749264953,0.60300000,42123.86000000,0.612
1749264953,0.60200000,50350.33000000,0.612
1749264953,0.60100000,70639.37000000,0.612
1749264953,0.60000000,18262.34000000,0.612
1749264953,0.59900000,9713.78000000,0.612
1749264953,0.59800000,14262.92000000,0.612
1749264953,0.59700000,9471.83000000,0.612
1749264953,0.59600000,6005.20000000,0.612
1749264953,0.59500000,17478.59000000,0.612
1749264953,0.59400000,5735.66000000,0.612
1749264953,0.59300000,23975.95000000,0.612
1749264953,0.59200000,5890.94000000,0.612
1749264953,0.59100000,5678.64000000,0.612
1749264953,0.59000000,7618.67000000,0.612
1749264953,0.58900000,9641.87000000,0.612
1749264953,0.58800000,37122.22000000,0.612
1749264953,0.58700000,9239.22000000,0.612
1749264953,0.58600000,10838.90000000,0.612
1749264953,0.58500000,11692.50000000,0.612
1749264953,0.58400000,15774.79000000,0.612
1749264953,0.58300000,4617.30000000,0.612
1749264953,0.58200000,4604.39000000,0.612
1749264953,0.58100000,25738.06000000,0.612
1749264953,0.58000000,27393.87000000,0.612
1749264953,0.57900000,2494.97000000,0.612
1749264953,0.57800000,6586.17000000,0.612
1749264953,0.57700000,1597.09000000,0.612
1749264953,0.57600000,6737.48000000,0.612
1749264953,0.57500000,15343.28000000,0.612
1749264953,0.57400000,1462.92000000,0.612
1749264953,0.57300000,4401.62000000,0.612
1749264953,0.57200000,9013.72000000,0.612
1749264953,0.57100000,26139.94000000,0.612
1749264953,0.57000000,87334.86000000,0.612
1749264953,0.56900000,1600.37000000,0.612
1749264953,0.56800000,8108.46000000,0.612
1749264953,0.56700000,3107.08000000,0.612
1749264953,0.56600000,89152.99000000,0.612
1749264953,0.56500000,3483.53000000,0.612
1749264953,0.56400000,789.79000000,0.612
1749264953,0.56300000,1293.52000000,0.612
1749264953,0.56200000,14480.17000000,0.612
1749264953,0.56100000,23541.85000000,0.612
1749264953,0.56000000,36085.27000000,0.612
1749264953,0.55900000,14774.14000000,0.612
1749264953,0.55800000,1395.93000000,0.612
1749264953,0.55700000,372.52000000,0.612
1749264953,0.55600000,5591.93000000,0.612
1749264953,0.55500000,19868.97000000,0.612
1749264953,0.55400000,467.41000000,0.612
1749264953,0.55300000,3619.50000000,0.612
1749264953,0.55200000,639.42000000,0.612
1749264953,0.55100000,27840.21000000,0.612
1749264953,0.55000000,98903.96000000,0.612
1749264953,0.54900000,2639.31000000,0.612
1749264953,0.54800000,2650.16000000,0.612
1749264953,0.54700000,10250.59000000,0.612
1749264953,0.54600000,40930.86000000,0.612
1749264953,0.54500000,48145.60000000,0.612
1749264953,0.54400000,370.43000000,0.612
1749264953,0.54300000,20692.29000000,0.612
1749264953,0.54200000,106.59000000,0.612
1749264953,0.54100000,1008.23000000,0.612
1749264953,0.54000000,22010.02000000,0.612
1749264953,0.53900000,1714.43000000,0.612
1749264953,0.53800000,454.78000000,0.612
1749264953,0.53700000,128.20000000,0.612
1749264953,0.53600000,1371.81000000,0.612
1749264953,0.53500000,2553.57000000,0.612
1749264953,0.53400000,124.69000000,0.612
1749264953,0.53300000,1117.55000000,0.612
1749264953,0.53200000,433.06000000,0.612
1749264953,0.53100000,267.71000000,0.612
1749264953,0.53000000,14521.41000000,0.612
1749264953,0.52900000,499.80000000,0.612
1749264953,0.52800000,1220.82000000,0.612
1749264953,0.52700000,82.80000000,0.612
1749264953,0.52600000,1546.84000000,0.612
1749264953,0.52500000,3114.08000000,0.612
1749264953,0.52400000,1253.91000000,0.612
1749264953,0.52300000,651.39000000,0.612
1749264953,0.52200000,112.23000000,0.612
1749264953,0.52100000,372.90000000,0.612
1749264953,0.52000000,16254.14000000,0.612
1749264953,0.51900000,203.19000000,0.612
1749264953,0.51800000,284.60000000,0.612
1749264953,0.51700000,306.99000000,0.612
1749264953,0.51600000,1021.48000000,0.612
1749264953,0.51500000,2796.75000000,0.612
1749264953,0.51400000,10985.05000000,0.612
1749264953,0.51300000,325.58000000,0.612
1749264953,0.51200000,35.61000000,0.612
1749265255,0.61200000,58195.61000000,0.612
1749265255,0.61100000,248839.40000000,0.612
1749265255,0.61000000,205891.81000000,0.612
1749265255,0.60900000,116889.38000000,0.612
1749265255,0.60800000,158873.27000000,0.612
1749265255,0.60700000,119116.03000000,0.612
1749265255,0.60600000,69502.67000000,0.612
1749265255,0.60500000,60390.15000000,0.612
1749265255,0.60400000,50716.09000000,0.612
1749265255,0.60300000,56635.44000000,0.612
1749265255,0.60200000,21874.01000000,0.612
1749265255,0.60100000,69227.08000000,0.612
1749265255,0.60000000,10092.44000000,0.612
1749265255,0.59900000,9713.78000000,0.612
1749265255,0.59800000,32615.43000000,0.612
1749265255,0.59700000,9739.51000000,0.612
1749265255,0.59600000,6122.69000000,0.612
1749265255,0.59500000,16639.37000000,0.612
1749265255,0.59400000,6491.53000000,0.612
1749265255,0.59300000,5582.05000000,0.612
1749265255,0.59200000,5922.35000000,0.612
1749265255,0.59100000,5666.15000000,0.612
1749265255,0.59000000,7721.96000000,0.612
1749265255,0.58900000,7875.40000000,0.612
1749265255,0.58800000,37122.22000000,0.612
1749265255,0.58700000,9239.22000000,0.612
1749265255,0.58600000,10838.90000000,0.612
1749265255,0.58500000,11692.50000000,0.612
1749265255,0.58400000,12089.17000000,0.612
1749265255,0.58300000,4617.30000000,0.612
1749265255,0.58200000,4604.39000000,0.612
1749265255,0.58100000,25772.48000000,0.612
1749265255,0.58000000,26306.60000000,0.612
1749265255,0.57900000,2494.97000000,0.612
1749265255,0.57800000,6586.17000000,0.612
1749265255,0.57700000,1597.09000000,0.612
1749265255,0.57600000,6737.48000000,0.612
1749265255,0.57500000,15343.28000000,0.612
1749265255,0.57400000,1428.08000000,0.612
1749265255,0.57300000,4401.62000000,0.612
1749265255,0.57200000,9013.72000000,0.612
1749265255,0.57100000,26139.94000000,0.612
1749265255,0.57000000,87334.86000000,0.612
1749265255,0.56900000,1600.37000000,0.612
1749265255,0.56800000,8108.46000000,0.612
1749265255,0.56700000,3107.08000000,0.612
1749265255,0.56600000,89152.99000000,0.612
1749265255,0.56500000,3483.53000000,0.612
1749265255,0.56400000,789.79000000,0.612
1749265255,0.56300000,1293.52000000,0.612
1749265255,0.56200000,14480.17000000,0.612
1749265255,0.56100000,23541.85000000,0.612
1749265255,0.56000000,28942.42000000,0.612
1749265255,0.55900000,14774.14000000,0.612
1749265255,0.55800000,1395.93000000,0.612
1749265255,0.55700000,372.52000000,0.612
1749265255,0.55600000,5591.93000000,0.612
1749265255,0.55500000,19868.97000000,0.612
1749265255,0.55400000,467.41000000,0.612
1749265255,0.55300000,3619.50000000,0.612
1749265255,0.55200000,639.42000000,0.612
1749265255,0.55100000,27840.21000000,0.612
1749265255,0.55000000,98847.43000000,0.612
1749265255,0.54900000,2639.31000000,0.612
1749265255,0.54800000,2650.16000000,0.612
1749265255,0.54700000,10250.59000000,0.612
1749265255,0.54600000,40930.86000000,0.612
1749265255,0.54500000,48145.60000000,0.612
1749265255,0.54400000,370.43000000,0.612
1749265255,0.54300000,20692.29000000,0.612
1749265255,0.54200000,106.59000000,0.612
1749265255,0.54100000,1008.23000000,0.612
1749265255,0.54000000,22010.02000000,0.612
1749265255,0.53900000,1714.43000000,0.612
1749265255,0.53800000,454.78000000,0.612
1749265255,0.53700000,128.20000000,0.612
1749265255,0.53600000,1371.81000000,0.612
1749265255,0.53500000,2553.57000000,0.612
1749265255,0.53400000,124.69000000,0.612
1749265255,0.53300000,1117.55000000,0.612
1749265255,0.53200000,433.06000000,0.612
1749265255,0.53100000,267.71000000,0.612
1749265255,0.53000000,14521.41000000,0.612
1749265255,0.52900000,499.80000000,0.612
1749265255,0.52800000,1220.82000000,0.612
1749265255,0.52700000,82.80000000,0.612
1749265255,0.52600000,1546.84000000,0.612
1749265255,0.52500000,3114.08000000,0.612
1749265255,0.52400000,1253.91000000,0.612
1749265255,0.52300000,651.39000000,0.612
1749265255,0.52200000,112.23000000,0.612
1749265255,0.52100000,372.90000000,0.612
1749265255,0.52000000,16254.14000000,0.612
1749265255,0.51900000,203.19000000,0.612
1749265255,0.51800000,284.60000000,0.612
1749265255,0.51700000,306.99000000,0.612
1749265255,0.51600000,1021.48000000,0.612
1749265255,0.51500000,2796.75000000,0.612
1749265255,0.51400000,10985.05000000,0.612
1749265255,0.51300000,325.58000000,0.612
1749265556,0.61700000,33265.58000000,0.618
1749265556,0.61600000,184810.04000000,0.618
1749265556,0.61500000,177141.29000000,0.618
1749265556,0.61400000,61657.58000000,0.618
1749265556,0.61300000,38970.29000000,0.618
1749265556,0.61200000,219638.79000000,0.618
1749265556,0.61100000,143455.63000000,0.618
1749265556,0.61000000,39364.70000000,0.618
1749265556,0.60900000,120213.29000000,0.618
1749265556,0.60800000,35977.92000000,0.618
1749265556,0.60700000,87892.08000000,0.618
1749265556,0.60600000,49377.99000000,0.618
1749265556,0.60500000,7283.59000000,0.618
1749265556,0.60400000,75012.18000000,0.618
1749265556,0.60300000,6904.28000000,0.618
1749265556,0.60200000,5911.65000000,0.618
1749265556,0.60100000,14432.37000000,0.618
1749265556,0.60000000,17458.00000000,0.618
1749265556,0.59900000,7297.41000000,0.618
1749265556,0.59800000,35782.81000000,0.618
1749265556,0.59700000,9679.12000000,0.618
1749265556,0.59600000,6238.37000000,0.618
1749265556,0.59500000,27912.92000000,0.618
1749265556,0.59400000,5723.17000000,0.618
1749265556,0.59300000,6992.49000000,0.618
1749265556,0.59200000,5879.99000000,0.618
1749265556,0.59100000,5776.54000000,0.618
1749265556,0.59000000,47392.46000000,0.618
1749265556,0.58900000,4289.36000000,0.618
1749265556,0.58800000,16020.43000000,0.618
1749265556,0.58700000,5137.84000000,0.618
1749265556,0.58600000,5391.71000000,0.618
1749265556,0.58500000,6348.89000000,0.618
1749265556,0.58400000,10225.67000000,0.618
1749265556,0.58300000,2787.26000000,0.618
1749265556,0.58200000,2774.38000000,0.618
1749265556,0.58100000,23883.85000000,0.618
1749265556,0.58000000,26823.84000000,0.618
1749265556,0.57900000,2494.97000000,0.618
1749265556,0.57800000,6586.17000000,0.618
1749265556,0.57700000,1562.43000000,0.618
1749265556,0.57600000,6720.11000000,0.618
1749265556,0.57500000,15343.28000000,0.618
1749265556,0.57400000,1428.08000000,0.618
1749265556,0.57300000,4401.62000000,0.618
1749265556,0.57200000,9031.21000000,0.618
1749265556,0.57100000,26139.94000000,0.618
1749265556,0.57000000,87334.86000000,0.618
1749265556,0.56900000,1600.37000000,0.618
1749265556,0.56800000,8108.46000000,0.618
1749265556,0.56700000,3107.08000000,0.618
1749265556,0.56600000,89152.99000000,0.618
1749265556,0.56500000,3483.53000000,0.618
1749265556,0.56400000,789.79000000,0.618
1749265556,0.56300000,1293.52000000,0.618
1749265556,0.56200000,13986.17000000,0.618
1749265556,0.56100000,23541.85000000,0.618
1749265556,0.56000000,28942.42000000,0.618
1749265556,0.55900000,14774.14000000,0.618
1749265556,0.55800000,1395.93000000,0.618
1749265556,0.55700000,372.52000000,0.618
1749265556,0.55600000,5092.93000000,0.618
1749265556,0.55500000,19852.12000000,0.618
1749265556,0.55400000,489.88000000,0.618
1749265556,0.55300000,3602.65000000,0.618
1749265556,0.55200000,662.09000000,0.618
1749265556,0.55100000,27862.96000000,0.618
1749265556,0.55000000,98807.75000000,0.618
1749265556,0.54900000,2639.31000000,0.618
1749265556,0.54800000,2610.36000000,0.618
1749265556,0.54700000,10250.59000000,0.618
1749265556,0.54600000,40930.86000000,0.618
1749265556,0.54500000,48145.60000000,0.618
1749265556,0.54400000,370.43000000,0.618
1749265556,0.54300000,20692.29000000,0.618
1749265556,0.54200000,106.59000000,0.618
1749265556,0.54100000,1008.23000000,0.618
1749265556,0.54000000,22010.02000000,0.618
1749265556,0.53900000,1714.43000000,0.618
1749265556,0.53800000,454.78000000,0.618
1749265556,0.53700000,128.20000000,0.618
1749265556,0.53600000,1371.81000000,0.618
1749265556,0.53500000,2553.57000000,0.618
1749265556,0.53400000,124.69000000,0.618
1749265556,0.53300000,1117.55000000,0.618
1749265556,0.53200000,433.06000000,0.618
1749265556,0.53100000,267.71000000,0.618
1749265556,0.53000000,14521.41000000,0.618
1749265556,0.52900000,499.80000000,0.618
1749265556,0.52800000,1220.82000000,0.618
1749265556,0.52700000,82.80000000,0.618
1749265556,0.52600000,1546.84000000,0.618
1749265556,0.52500000,3114.08000000,0.618
1749265556,0.52400000,1253.91000000,0.618
1749265556,0.52300000,651.39000000,0.618
1749265556,0.52200000,112.23000000,0.618
1749265556,0.52100000,372.90000000,0.618
1749265556,0.52000000,16254.14000000,0.618
1749265556,0.51900000,203.19000000,0.618
1749265556,0.51800000,284.60000000,0.618
1749265858,0.61800000,39330.19000000,0.618
1749265858,0.61700000,231288.98000000,0.618
1749265858,0.61600000,179292.74000000,0.618
1749265858,0.61500000,178776.79000000,0.618
1749265858,0.61400000,133046.30000000,0.618
1749265858,0.61300000,33917.70000000,0.618
1749265858,0.61200000,57267.99000000,0.618
1749265858,0.61100000,119779.63000000,0.618
1749265858,0.61000000,55595.26000000,0.618
1749265858,0.60900000,35685.95000000,0.618
1749265858,0.60800000,55819.21000000,0.618
1749265858,0.60700000,70410.55000000,0.618
1749265858,0.60600000,37370.30000000,0.618
1749265858,0.60500000,6764.56000000,0.618
1749265858,0.60400000,5746.44000000,0.618
1749265858,0.60300000,24805.66000000,0.618
1749265858,0.60200000,25824.61000000,0.618
1749265858,0.60100000,14387.21000000,0.618
1749265858,0.60000000,17328.47000000,0.618
1749265858,0.59900000,7534.55000000,0.618
1749265858,0.59800000,17529.41000000,0.618
1749265858,0.59700000,9234.09000000,0.618
1749265858,0.59600000,7029.07000000,0.618
1749265858,0.59500000,35986.28000000,0.618
1749265858,0.59400000,5710.68000000,0.618
1749265858,0.59300000,14655.81000000,0.618
1749265858,0.59200000,6368.88000000,0.618
1749265858,0.59100000,5764.05000000,0.618
1749265858,0.59000000,47396.91000000,0.618
1749265858,0.58900000,3074.55000000,0.618
1749265858,0.58800000,13052.15000000,0.618
1749265858,0.58700000,3295.19000000,0.618
1749265858,0.58600000,5482.63000000,0.618
1749265858,0.58500000,6232.82000000,0.618
1749265858,0.58400000,1114.44000000,0.618
1749265858,0.58300000,2774.77000000,0.618
1749265858,0.58200000,2640.52000000,0.618
1749265858,0.58100000,23871.36000000,0.618
1749265858,0.58000000,26811.35000000,0.618
1749265858,0.57900000,2465.18000000,0.618
1749265858,0.57800000,6586.17000000,0.618
1749265858,0.57700000,1562.43000000,0.618
1749265858,0.57600000,6720.11000000,0.618
1749265858,0.57500000,15343.28000000,0.618
1749265858,0.57400000,1428.08000000,0.618
1749265858,0.57300000,4401.62000000,0.618
1749265858,0.57200000,9031.21000000,0.618
1749265858,0.57100000,26139.94000000,0.618
1749265858,0.57000000,87162.40000000,0.618
1749265858,0.56900000,1600.37000000,0.618
1749265858,0.56800000,8108.46000000,0.618
1749265858,0.56700000,3003.08000000,0.618
1749265858,0.56600000,89152.99000000,0.618
1749265858,0.56500000,3483.53000000,0.618
1749265858,0.56400000,597.79000000,0.618
1749265858,0.56300000,1293.52000000,0.618
1749265858,0.56200000,13815.50000000,0.618
1749265858,0.56100000,23436.85000000,0.618
1749265858,0.56000000,28942.42000000,0.618
1749265858,0.55900000,14774.14000000,0.618
1749265858,0.55800000,1395.93000000,0.618
1749265858,0.55700000,372.52000000,0.618
1749265858,0.55600000,5076.08000000,0.618
1749265858,0.55500000,19852.12000000,0.618
1749265858,0.55400000,489.88000000,0.618
1749265858,0.55300000,3602.65000000,0.618
1749265858,0.55200000,662.09000000,0.618
1749265858,0.55100000,27862.96000000,0.618
1749265858,0.55000000,98807.75000000,0.618
1749265858,0.54900000,2639.31000000,0.618
1749265858,0.54800000,2610.36000000,0.618
1749265858,0.54700000,10250.59000000,0.618
1749265858,0.54600000,40930.86000000,0.618
1749265858,0.54500000,48145.60000000,0.618
1749265858,0.54400000,370.43000000,0.618
1749265858,0.54300000,20692.29000000,0.618
1749265858,0.54200000,106.59000000,0.618
1749265858,0.54100000,1008.23000000,0.618
1749265858,0.54000000,22010.02000000,0.618
1749265858,0.53900000,1714.43000000,0.618
1749265858,0.53800000,454.78000000,0.618
1749265858,0.53700000,128.20000000,0.618
1749265858,0.53600000,1371.81000000,0.618
1749265858,0.53500000,2553.57000000,0.618
1749265858,0.53400000,124.69000000,0.618
1749265858,0.53300000,1117.55000000,0.618
1749265858,0.53200000,433.06000000,0.618
1749265858,0.53100000,267.71000000,0.618
1749265858,0.53000000,14521.41000000,0.618
1749265858,0.52900000,499.80000000,0.618
1749265858,0.52800000,1220.82000000,0.618
1749265858,0.52700000,82.80000000,0.618
1749265858,0.52600000,1546.84000000,0.618
1749265858,0.52500000,3114.08000000,0.618
1749265858,0.52400000,1253.91000000,0.618
1749265858,0.52300000,651.39000000,0.618
1749265858,0.52200000,112.23000000,0.618
1749265858,0.52100000,372.90000000,0.618
1749265858,0.52000000,16254.14000000,0.618
1749265858,0.51900000,203.19000000,0.618
1749266159,0.61900000,58211.50000000,0.619
1749266159,0.61800000,239140.51000000,0.619
1749266159,0.61700000,143211.39000000,0.619
1749266159,0.61600000,180191.94000000,0.619
1749266159,0.61500000,138041.08000000,0.619
1749266159,0.61400000,57686.18000000,0.619
1749266159,0.61300000,119551.20000000,0.619
1749266159,0.61200000,48307.28000000,0.619
1749266159,0.61100000,41367.84000000,0.619
1749266159,0.61000000,105736.35000000,0.619
1749266159,0.60900000,23529.52000000,0.619
1749266159,0.60800000,23525.64000000,0.619
1749266159,0.60700000,9785.51000000,0.619
1749266159,0.60600000,27308.73000000,0.619
1749266159,0.60500000,5948.06000000,0.619
1749266159,0.60400000,6341.75000000,0.619
1749266159,0.60300000,32848.22000000,0.619
1749266159,0.60200000,5924.18000000,0.619
1749266159,0.60100000,5620.04000000,0.619
1749266159,0.60000000,14675.79000000,0.619
1749266159,0.59900000,19436.13000000,0.619
1749266159,0.59800000,8589.86000000,0.619
1749266159,0.59700000,10157.09000000,0.619
1749266159,0.59600000,9461.99000000,0.619
1749266159,0.59500000,26255.43000000,0.619
1749266159,0.59400000,5701.62000000,0.619
1749266159,0.59300000,14639.51000000,0.619
1749266159,0.59200000,2267.50000000,0.619
1749266159,0.59100000,316.86000000,0.619
1749266159,0.59000000,45549.72000000,0.619
1749266159,0.58900000,3074.55000000,0.619
1749266159,0.58800000,13052.15000000,0.619
1749266159,0.58700000,3312.22000000,0.619
1749266159,0.58600000,5379.22000000,0.619
1749266159,0.58500000,6232.82000000,0.619
1749266159,0.58400000,1114.44000000,0.619
1749266159,0.58300000,2796.25000000,0.619
1749266159,0.58200000,2640.52000000,0.619
1749266159,0.58100000,23871.36000000,0.619
1749266159,0.58000000,26811.35000000,0.619
1749266159,0.57900000,2469.58000000,0.619
1749266159,0.57800000,6586.17000000,0.619
1749266159,0.57700000,1562.43000000,0.619
1749266159,0.57600000,6720.11000000,0.619
1749266159,0.57500000,15343.28000000,0.619
1749266159,0.57400000,1538.78000000,0.619
1749266159,0.57300000,4401.62000000,0.619
1749266159,0.57200000,9031.21000000,0.619
1749266159,0.57100000,26060.55000000,0.619
1749266159,0.57000000,87162.40000000,0.619
1749266159,0.56900000,1600.37000000,0.619
1749266159,0.56800000,8108.46000000,0.619
1749266159,0.56700000,3003.08000000,0.619
1749266159,0.56600000,89152.99000000,0.619
1749266159,0.56500000,3483.53000000,0.619
1749266159,0.56400000,597.79000000,0.619
1749266159,0.56300000,1293.52000000,0.619
1749266159,0.56200000,13815.50000000,0.619
1749266159,0.56100000,23436.85000000,0.619
1749266159,0.56000000,28942.42000000,0.619
1749266159,0.55900000,14774.14000000,0.619
1749266159,0.55800000,1395.93000000,0.619
1749266159,0.55700000,394.83000000,0.619
1749266159,0.55600000,5115.28000000,0.619
1749266159,0.55500000,19891.40000000,0.619
1749266159,0.55400000,450.56000000,0.619
1749266159,0.55300000,3588.59000000,0.619
1749266159,0.55200000,622.57000000,0.619
1749266159,0.55100000,27823.36000000,0.619
1749266159,0.55000000,98807.75000000,0.619
1749266159,0.54900000,2639.31000000,0.619
1749266159,0.54800000,2610.36000000,0.619
1749266159,0.54700000,10250.59000000,0.619
1749266159,0.54600000,40910.33000000,0.619
1749266159,0.54500000,48145.60000000,0.619
1749266159,0.54400000,370.43000000,0.619
1749266159,0.54300000,20692.29000000,0.619
1749266159,0.54200000,106.59000000,0.619
1749266159,0.54100000,1008.23000000,0.619
1749266159,0.54000000,22010.02000000,0.619
1749266159,0.53900000,1714.43000000,0.619
1749266159,0.53800000,454.78000000,0.619
1749266159,0.53700000,128.20000000,0.619
1749266159,0.53600000,1371.81000000,0.619
1749266159,0.53500000,2553.57000000,0.619
1749266159,0.53400000,124.69000000,0.619
1749266159,0.53300000,1117.55000000,0.619
1749266159,0.53200000,433.06000000,0.619
1749266159,0.53100000,267.71000000,0.619
1749266159,0.53000000,14521.41000000,0.619
1749266159,0.52900000,499.80000000,0.619
1749266159,0.52800000,1220.82000000,0.619
1749266159,0.52700000,71.24000000,0.619
1749266159,0.52600000,1546.84000000,0.619
1749266159,0.52500000,3114.08000000,0.619
1749266159,0.52400000,1253.91000000,0.619
1749266159,0.52300000,651.39000000,0.619
1749266159,0.52200000,112.23000000,0.619
1749266159,0.52100000,372.90000000,0.619
1749266159,0.52000000,16254.14000000,0.619
1749266461,0.61700000,48808.78000000,0.617
1749266461,0.61600000,262526.56000000,0.617
1749266461,0.61500000,273614.64000000,0.617
1749266461,0.61400000,137812.41000000,0.617
1749266461,0.61300000,122465.96000000,0.617
1749266461,0.61200000,42511.54000000,0.617
1749266461,0.61100000,63532.79000000,0.617
1749266461,0.61000000,102412.16000000,0.617
1749266461,0.60900000,16729.84000000,0.617
1749266461,0.60800000,5930.91000000,0.617
1749266461,0.60700000,7900.97000000,0.617
1749266461,0.60600000,24368.14000000,0.617
1749266461,0.60500000,8892.28000000,0.617
1749266461,0.60400000,22212.55000000,0.617
1749266461,0.60300000,32848.22000000,0.617
1749266461,0.60200000,9192.36000000,0.617
1749266461,0.60100000,5620.04000000,0.617
1749266461,0.60000000,14293.16000000,0.617
1749266461,0.59900000,19436.13000000,0.617
1749266461,0.59800000,6586.69000000,0.617
1749266461,0.59700000,9234.09000000,0.617
1749266461,0.59600000,7036.71000000,0.617
1749266461,0.59500000,26255.43000000,0.617
1749266461,0.59400000,5701.62000000,0.617
1749266461,0.59300000,14639.51000000,0.617
1749266461,0.59200000,420.31000000,0.617
1749266461,0.59100000,3916.86000000,0.617
1749266461,0.59000000,45549.72000000,0.617
1749266461,0.58900000,3074.55000000,0.617
1749266461,0.58800000,13086.15000000,0.617
1749266461,0.58700000,3312.22000000,0.617
1749266461,0.58600000,5379.22000000,0.617
1749266461,0.58500000,6232.82000000,0.617
1749266461,0.58400000,1114.44000000,0.617
1749266461,0.58300000,2796.25000000,0.617
1749266461,0.58200000,2640.52000000,0.617
1749266461,0.58100000,23836.94000000,0.617
1749266461,0.58000000,26535.79000000,0.617
1749266461,0.57900000,2469.58000000,0.617
1749266461,0.57800000,6586.17000000,0.617
1749266461,0.57700000,1562.43000000,0.617
1749266461,0.57600000,6720.11000000,0.617
1749266461,0.57500000,15343.28000000,0.617
1749266461,0.57400000,1538.78000000,0.617
1749266461,0.57300000,4366.72000000,0.617
1749266461,0.57200000,9013.72000000,0.617
1749266461,0.57100000,26060.55000000,0.617
1749266461,0.57000000,86987.74000000,0.617
1749266461,0.56900000,1600.37000000,0.617
1749266461,0.56800000,8108.46000000,0.617
1749266461,0.56700000,3003.08000000,0.617
1749266461,0.56600000,89170.66000000,0.617
1749266461,0.56500000,3483.53000000,0.617
1749266461,0.56400000,597.79000000,0.617
1749266461,0.56300000,1293.52000000,0.617
1749266461,0.56200000,13815.50000000,0.617
1749266461,0.56100000,23436.85000000,0.617
1749266461,0.56000000,28942.42000000,0.617
1749266461,0.55900000,14774.14000000,0.617
1749266461,0.55800000,1395.19000000,0.617
1749266461,0.55700000,410.97000000,0.617
1749266461,0.55600000,5131.47000000,0.617
1749266461,0.55500000,19891.40000000,0.617
1749266461,0.55400000,450.56000000,0.617
1749266461,0.55300000,3588.59000000,0.617
1749266461,0.55200000,622.57000000,0.617
1749266461,0.55100000,27823.36000000,0.617
1749266461,0.55000000,98807.75000000,0.617
1749266461,0.54900000,2639.31000000,0.617
1749266461,0.54800000,2610.36000000,0.617
1749266461,0.54700000,10250.59000000,0.617
1749266461,0.54600000,40910.33000000,0.617
1749266461,0.54500000,48145.60000000,0.617
1749266461,0.54400000,370.43000000,0.617
1749266461,0.54300000,20692.29000000,0.617
1749266461,0.54200000,106.59000000,0.617
1749266461,0.54100000,1008.23000000,0.617
1749266461,0.54000000,22010.02000000,0.617
1749266461,0.53900000,1714.43000000,0.617
1749266461,0.53800000,454.78000000,0.617
1749266461,0.53700000,128.20000000,0.617
1749266461,0.53600000,1371.81000000,0.617
1749266461,0.53500000,2553.57000000,0.617
1749266461,0.53400000,124.69000000,0.617
1749266461,0.53300000,1117.55000000,0.617
1749266461,0.53200000,433.06000000,0.617
1749266461,0.53100000,267.71000000,0.617
1749266461,0.53000000,14521.41000000,0.617
1749266461,0.52900000,499.80000000,0.617
1749266461,0.52800000,1220.82000000,0.617
1749266461,0.52700000,71.24000000,0.617
1749266461,0.52600000,1546.84000000,0.617
1749266461,0.52500000,3114.08000000,0.617
1749266461,0.52400000,1253.91000000,0.617
1749266461,0.52300000,651.39000000,0.617
1749266461,0.52200000,112.23000000,0.617
1749266461,0.52100000,372.90000000,0.617
1749266461,0.52000000,16254.14000000,0.617
1749266461,0.51900000,203.19000000,0.617
1749266461,0.51800000,284.60000000,0.617
1749266762,0.61900000,109642.13000000,0.62
1749266762,0.61800000,185153.23000000,0.62
1749266762,0.61700000,190962.12000000,0.62
1749266762,0.61600000,115264.37000000,0.62
1749266762,0.61500000,149875.86000000,0.62
1749266762,0.61400000,67458.70000000,0.62
1749266762,0.61300000,103656.74000000,0.62
1749266762,0.61200000,52301.94000000,0.62
1749266762,0.61100000,34976.32000000,0.62
1749266762,0.61000000,100726.48000000,0.62
1749266762,0.60900000,7050.03000000,0.62
1749266762,0.60800000,5757.18000000,0.62
1749266762,0.60700000,9500.51000000,0.62
1749266762,0.60600000,24368.14000000,0.62
1749266762,0.60500000,14285.77000000,0.62
1749266762,0.60400000,5845.94000000,0.62
1749266762,0.60300000,24425.18000000,0.62
1749266762,0.60200000,10195.58000000,0.62
1749266762,0.60100000,5620.04000000,0.62
1749266762,0.60000000,14800.55000000,0.62
1749266762,0.59900000,19436.13000000,0.62
1749266762,0.59800000,6132.94000000,0.62
1749266762,0.59700000,10157.09000000,0.62
1749266762,0.59600000,6447.14000000,0.62
1749266762,0.59500000,25919.89000000,0.62
1749266762,0.59400000,5701.62000000,0.62
1749266762,0.59300000,11039.51000000,0.62
1749266762,0.59200000,420.31000000,0.62
1749266762,0.59100000,316.86000000,0.62
1749266762,0.59000000,45549.72000000,0.62
1749266762,0.58900000,3091.52000000,0.62
1749266762,0.58800000,13086.15000000,0.62
1749266762,0.58700000,3312.22000000,0.62
1749266762,0.58600000,5379.22000000,0.62
1749266762,0.58500000,6232.82000000,0.62
1749266762,0.58400000,1114.44000000,0.62
1749266762,0.58300000,2796.25000000,0.62
1749266762,0.58200000,2623.34000000,0.62
1749266762,0.58100000,23836.94000000,0.62
1749266762,0.58000000,26535.79000000,0.62
1749266762,0.57900000,2469.58000000,0.62
1749266762,0.57800000,6586.17000000,0.62
1749266762,0.57700000,1562.43000000,0.62
1749266762,0.57600000,6720.11000000,0.62
1749266762,0.57500000,15343.28000000,0.62
1749266762,0.57400000,1538.78000000,0.62
1749266762,0.57300000,4366.72000000,0.62
1749266762,0.57200000,9013.72000000,0.62
1749266762,0.57100000,26060.55000000,0.62
1749266762,0.57000000,86987.74000000,0.62
1749266762,0.56900000,1600.37000000,0.62
1749266762,0.56800000,8108.46000000,0.62
1749266762,0.56700000,3003.08000000,0.62
1749266762,0.56600000,89170.66000000,0.62
1749266762,0.56500000,3483.53000000,0.62
1749266762,0.56400000,597.79000000,0.62
1749266762,0.56300000,1293.52000000,0.62
1749266762,0.56200000,13815.50000000,0.62
1749266762,0.56100000,23436.85000000,0.62
1749266762,0.56000000,28942.42000000,0.62
1749266762,0.55900000,14773.38000000,0.62
1749266762,0.55800000,1395.19000000,0.62
1749266762,0.55700000,433.99000000,0.62
1749266762,0.55600000,5115.28000000,0.62
1749266762,0.55500000,19852.12000000,0.62
1749266762,0.55400000,450.56000000,0.62
1749266762,0.55300000,3588.59000000,0.62
1749266762,0.55200000,622.57000000,0.62
1749266762,0.55100000,27823.36000000,0.62
1749266762,0.55000000,98807.75000000,0.62
1749266762,0.54900000,2639.31000000,0.62
1749266762,0.54800000,2610.36000000,0.62
1749266762,0.54700000,10250.59000000,0.62
1749266762,0.54600000,40910.33000000,0.62
1749266762,0.54500000,48145.60000000,0.62
1749266762,0.54400000,370.43000000,0.62
1749266762,0.54300000,20692.29000000,0.62
1749266762,0.54200000,106.59000000,0.62
1749266762,0.54100000,1008.23000000,0.62
1749266762,0.54000000,22010.02000000,0.62
1749266762,0.53900000,1714.43000000,0.62
1749266762,0.53800000,454.78000000,0.62
1749266762,0.53700000,128.20000000,0.62
1749266762,0.53600000,1371.81000000,0.62
1749266762,0.53500000,2553.57000000,0.62
1749266762,0.53400000,124.69000000,0.62
1749266762,0.53300000,1117.55000000,0.62
1749266762,0.53200000,433.06000000,0.62
1749266762,0.53100000,267.71000000,0.62
1749266762,0.53000000,14521.41000000,0.62
1749266762,0.52900000,499.80000000,0.62
1749266762,0.52800000,1220.82000000,0.62
1749266762,0.52700000,71.24000000,0.62
1749266762,0.52600000,1546.84000000,0.62
1749266762,0.52500000,3114.08000000,0.62
1749266762,0.52400000,1253.91000000,0.62
1749266762,0.52300000,651.39000000,0.62
1749266762,0.52200000,112.23000000,0.62
1749266762,0.52100000,372.90000000,0.62
1749266762,0.52000000,16254.14000000,0.62
1749267064,0.61700000,132873.42000000,0.618
1749267064,0.61600000,170793.94000000,0.618
1749267064,0.61500000,207853.94000000,0.618
1749267064,0.61400000,130650.61000000,0.618
1749267064,0.61300000,205010.84000000,0.618
1749267064,0.61200000,50447.79000000,0.618
1749267064,0.61100000,58485.52000000,0.618
1749267064,0.61000000,82312.52000000,0.618
1749267064,0.60900000,6002.56000000,0.618
1749267064,0.60800000,5930.91000000,0.618
1749267064,0.60700000,10716.88000000,0.618
1749267064,0.60600000,25012.61000000,0.618
1749267064,0.60500000,14335.30000000,0.618
1749267064,0.60400000,5721.65000000,0.618
1749267064,0.60300000,40665.48000000,0.618
1749267064,0.60200000,28726.04000000,0.618
1749267064,0.60100000,5736.33000000,0.618
1749267064,0.60000000,14279.91000000,0.618
1749267064,0.59900000,20089.18000000,0.618
1749267064,0.59800000,6132.94000000,0.618
1749267064,0.59700000,7157.09000000,0.618
1749267064,0.59600000,27924.24000000,0.618
1749267064,0.59500000,7724.97000000,0.618
1749267064,0.59400000,5701.62000000,0.618
1749267064,0.59300000,14639.51000000,0.618
1749267064,0.59200000,420.31000000,0.618
1749267064,0.59100000,25913.47000000,0.618
1749267064,0.59000000,46236.81000000,0.618
1749267064,0.58900000,3125.46000000,0.618
1749267064,0.58800000,13086.15000000,0.618
1749267064,0.58700000,3295.19000000,0.618
1749267064,0.58600000,27563.52000000,0.618
1749267064,0.58500000,6232.82000000,0.618
1749267064,0.58400000,1114.44000000,0.618
1749267064,0.58300000,2779.10000000,0.618
1749267064,0.58200000,2623.34000000,0.618
1749267064,0.58100000,23940.54000000,0.618
1749267064,0.58000000,26535.79000000,0.618
1749267064,0.57900000,2469.58000000,0.618
1749267064,0.57800000,6586.17000000,0.618
1749267064,0.57700000,1562.43000000,0.618
1749267064,0.57600000,6720.11000000,0.618
1749267064,0.57500000,15343.28000000,0.618
1749267064,0.57400000,1538.78000000,0.618
1749267064,0.57300000,5063.58000000,0.618
1749267064,0.57200000,9013.72000000,0.618
1749267064,0.57100000,3293.48000000,0.618
1749267064,0.57000000,86987.74000000,0.618
1749267064,0.56900000,1600.37000000,0.618
1749267064,0.56800000,8108.46000000,0.618
1749267064,0.56700000,3003.08000000,0.618
1749267064,0.56600000,89170.66000000,0.618
1749267064,0.56500000,3483.53000000,0.618
1749267064,0.56400000,597.79000000,0.618
1749267064,0.56300000,1293.52000000,0.618
1749267064,0.56200000,13815.50000000,0.618
1749267064,0.56100000,263.95000000,0.618
1749267064,0.56000000,29031.65000000,0.618
1749267064,0.55900000,14773.38000000,0.618
1749267064,0.55800000,1395.19000000,0.618
1749267064,0.55700000,450.13000000,0.618
1749267064,0.55600000,5131.44000000,0.618
1749267064,0.55500000,19852.12000000,0.618
1749267064,0.55400000,450.56000000,0.618
1749267064,0.55300000,3588.59000000,0.618
1749267064,0.55200000,622.57000000,0.618
1749267064,0.55100000,4120.64000000,0.618
1749267064,0.55000000,98807.75000000,0.618
1749267064,0.54900000,2639.31000000,0.618
1749267064,0.54800000,2610.36000000,0.618
1749267064,0.54700000,10250.59000000,0.618
1749267064,0.54600000,40910.33000000,0.618
1749267064,0.54500000,48145.60000000,0.618
1749267064,0.54400000,370.43000000,0.618
1749267064,0.54300000,20692.29000000,0.618
1749267064,0.54200000,106.59000000,0.618
1749267064,0.54100000,1008.23000000,0.618
1749267064,0.54000000,22010.02000000,0.618
1749267064,0.53900000,1714.43000000,0.618
1749267064,0.53800000,454.78000000,0.618
1749267064,0.53700000,128.20000000,0.618
1749267064,0.53600000,1371.81000000,0.618
1749267064,0.53500000,2553.57000000,0.618
1749267064,0.53400000,124.69000000,0.618
1749267064,0.53300000,1117.55000000,0.618
1749267064,0.53200000,433.06000000,0.618
1749267064,0.53100000,267.71000000,0.618
1749267064,0.53000000,14521.41000000,0.618
1749267064,0.52900000,499.80000000,0.618
1749267064,0.52800000,1220.82000000,0.618
1749267064,0.52700000,71.24000000,0.618
1749267064,0.52600000,1546.84000000,0.618
1749267064,0.52500000,3114.08000000,0.618
1749267064,0.52400000,1253.91000000,0.618
1749267064,0.52300000,651.39000000,0.618
1749267064,0.52200000,112.23000000,0.618
1749267064,0.52100000,372.90000000,0.618
1749267064,0.52000000,16254.14000000,0.618
1749267064,0.51900000,203.19000000,0.618
1749267064,0.51800000,284.60000000,0.618
1749267365,0.62000000,56099.80000000,0.621
1749267365,0.61900000,210581.28000000,0.621
1749267365,0.61800000,128486.91000000,0.621
1749267365,0.61700000,142612.40000000,0.621
1749267365,0.61600000,139482.59000000,0.621
1749267365,0.61500000,143352.78000000,0.621
1749267365,0.61400000,42026.78000000,0.621
1749267365,0.61300000,107982.84000000,0.621
1749267365,0.61200000,55061.05000000,0.621
1749267365,0.61100000,39070.05000000,0.621
1749267365,0.61000000,95272.11000000,0.621
1749267365,0.60900000,5596.16000000,0.621
1749267365,0.60800000,7238.95000000,0.621
1749267365,0.60700000,10159.73000000,0.621
1749267365,0.60600000,24368.14000000,0.621
1749267365,0.60500000,14285.77000000,0.621
1749267365,0.60400000,5680.67000000,0.621
1749267365,0.60300000,25443.13000000,0.621
1749267365,0.60200000,27722.82000000,0.621
1749267365,0.60100000,5620.04000000,0.621
1749267365,0.60000000,14813.05000000,0.621
1749267365,0.59900000,19436.13000000,0.621
1749267365,0.59800000,6132.94000000,0.621
1749267365,0.59700000,7491.51000000,0.621
1749267365,0.59600000,28081.14000000,0.621
1749267365,0.59500000,7389.43000000,0.621
1749267365,0.59400000,5701.62000000,0.621
1749267365,0.59300000,14639.51000000,0.621
1749267365,0.59200000,420.31000000,0.621
1749267365,0.59100000,25913.47000000,0.621
1749267365,0.59000000,47083.47000000,0.621
1749267365,0.58900000,3125.46000000,0.621
1749267365,0.58800000,13086.15000000,0.621
1749267365,0.58700000,3295.19000000,0.621
1749267365,0.58600000,27563.52000000,0.621
1749267365,0.58500000,6232.82000000,0.621
1749267365,0.58400000,1114.44000000,0.621
1749267365,0.58300000,2779.10000000,0.621
1749267365,0.58200000,2623.34000000,0.621
1749267365,0.58100000,23940.54000000,0.621
1749267365,0.58000000,26535.79000000,0.621
1749267365,0.57900000,2469.58000000,0.621
1749267365,0.57800000,6586.17000000,0.621
1749267365,0.57700000,1562.43000000,0.621
1749267365,0.57600000,6720.11000000,0.621
1749267365,0.57500000,15343.28000000,0.621
1749267365,0.57400000,1538.78000000,0.621
1749267365,0.57300000,4366.72000000,0.621
1749267365,0.57200000,9013.72000000,0.621
1749267365,0.57100000,3293.48000000,0.621
1749267365,0.57000000,86987.74000000,0.621
1749267365,0.56900000,1600.37000000,0.621
1749267365,0.56800000,8126.07000000,0.621
1749267365,0.56700000,3003.08000000,0.621
1749267365,0.56600000,89152.99000000,0.621
1749267365,0.56500000,3483.53000000,0.621
1749267365,0.56400000,597.79000000,0.621
1749267365,0.56300000,1293.52000000,0.621
1749267365,0.56200000,13815.50000000,0.621
1749267365,0.56100000,263.95000000,0.621
1749267365,0.56000000,29031.65000000,0.621
1749267365,0.55900000,14773.38000000,0.621
1749267365,0.55800000,1418.16000000,0.621
1749267365,0.55700000,355.67000000,0.621
1749267365,0.55600000,5154.48000000,0.621
1749267365,0.55500000,19852.12000000,0.621
1749267365,0.55400000,450.56000000,0.621
1749267365,0.55300000,3588.59000000,0.621
1749267365,0.55200000,622.57000000,0.621
1749267365,0.55100000,4120.64000000,0.621
1749267365,0.55000000,98807.75000000,0.621
1749267365,0.54900000,2639.31000000,0.621
1749267365,0.54800000,2610.36000000,0.621
1749267365,0.54700000,10250.59000000,0.621
1749267365,0.54600000,40910.33000000,0.621
1749267365,0.54500000,48145.60000000,0.621
1749267365,0.54400000,370.43000000,0.621
1749267365,0.54300000,20692.29000000,0.621
1749267365,0.54200000,106.59000000,0.621
1749267365,0.54100000,1008.23000000,0.621
1749267365,0.54000000,22010.02000000,0.621
1749267365,0.53900000,1714.43000000,0.621
1749267365,0.53800000,454.78000000,0.621
1749267365,0.53700000,128.20000000,0.621
1749267365,0.53600000,1371.81000000,0.621
1749267365,0.53500000,2553.57000000,0.621
1749267365,0.53400000,124.69000000,0.621
1749267365,0.53300000,1117.55000000,0.621
1749267365,0.53200000,433.06000000,0.621
1749267365,0.53100000,267.71000000,0.621
1749267365,0.53000000,14521.41000000,0.621
1749267365,0.52900000,499.80000000,0.621
1749267365,0.52800000,1220.82000000,0.621
1749267365,0.52700000,71.24000000,0.621
1749267365,0.52600000,1546.84000000,0.621
1749267365,0.52500000,3114.08000000,0.621
1749267365,0.52400000,1253.91000000,0.621
1749267365,0.52300000,651.39000000,0.621
1749267365,0.52200000,112.23000000,0.621
1749267365,0.52100000,372.90000000,0.621
1749267667,0.62000000,40032.59000000,0.62
1749267667,0.61900000,220220.31000000,0.62
1749267667,0.61800000,212185.30000000,0.62
1749267667,0.61700000,111371.89000000,0.62
1749267667,0.61600000,152253.93000000,0.62
1749267667,0.61500000,56009.34000000,0.62
1749267667,0.61400000,35019.99000000,0.62
1749267667,0.61300000,124305.01000000,0.62
1749267667,0.61200000,36886.46000000,0.62
1749267667,0.61100000,54600.21000000,0.62
1749267667,0.61000000,78914.39000000,0.62
1749267667,0.60900000,7075.49000000,0.62
1749267667,0.60800000,5987.53000000,0.62
1749267667,0.60700000,8886.45000000,0.62
1749267667,0.60600000,24368.14000000,0.62
