timestamp,price,volume,current_price
1749254525,3334.39000000,0.50610000,3334.4
1749254525,3334.32000000,0.08800000,3334.4
1749254525,3334.21000000,0.10500000,3334.4
1749254525,3334.20000000,0.03960000,3334.4
1749254525,3334.19000000,0.23120000,3334.4
1749254525,3334.12000000,0.08930000,3334.4
1749254525,3334.03000000,0.11170000,3334.4
1749254525,3334.01000000,0.10110000,3334.4
1749254525,3334.00000000,0.14300000,3334.4
1749254525,3333.97000000,0.00310000,3334.4
1749254525,3333.91000000,0.11890000,3334.4
1749254525,3333.90000000,0.39600000,3334.4
1749254525,3333.89000000,0.12240000,3334.4
1749254525,3333.88000000,0.38690000,3334.4
1749254525,3333.82000000,0.44530000,3334.4
1749254525,3333.80000000,0.13620000,3334.4
1749254525,3333.79000000,0.00310000,3334.4
1749254525,3333.71000000,0.09210000,3334.4
1749254525,3333.63000000,0.11530000,3334.4
1749254525,3333.61000000,0.19180000,3334.4
1749254525,3333.60000000,0.09630000,3334.4
1749254525,3333.55000000,0.02350000,3334.4
1749254525,3333.54000000,0.39600000,3334.4
1749254525,3333.49000000,0.19280000,3334.4
1749254525,3333.48000000,0.44840000,3334.4
1749254525,3333.45000000,0.33240000,3334.4
1749254525,3333.44000000,0.00450000,3334.4
1749254525,3333.40000000,0.11740000,3334.4
1749254525,3333.32000000,0.00310000,3334.4
1749254525,3333.28000000,0.09370000,3334.4
1749254525,3333.23000000,0.12210000,3334.4
1749254525,3333.18000000,0.00310000,3334.4
1749254525,3333.16000000,0.05990000,3334.4
1749254525,3333.15000000,0.09900000,3334.4
1749254525,3333.14000000,0.44530000,3334.4
1749254525,3333.11000000,1.20260000,3334.4
1749254525,3333.06000000,0.39910000,3334.4
1749254525,3333.00000000,0.33620000,3334.4
1749254525,3332.98000000,0.00310000,3334.4
1749254525,3332.88000000,0.00310000,3334.4
1749254525,3332.77000000,0.00310000,3334.4
1749254525,3332.67000000,0.00310000,3334.4
1749254525,3332.62000000,0.44530000,3334.4
1749254525,3332.57000000,0.00310000,3334.4
1749254525,3332.56000000,0.39600000,3334.4
1749254525,3332.41000000,0.00310000,3334.4
1749254525,3332.35000000,0.59380000,3334.4
1749254525,3332.32000000,0.00310000,3334.4
1749254525,3332.21000000,0.44530000,3334.4
1749254525,3332.20000000,0.00310000,3334.4
1749254525,3332.15000000,0.48590000,3334.4
1749254525,3332.06000000,0.00310000,3334.4
1749254525,3332.00000000,0.00300000,3334.4
1749254525,3331.90000000,0.00310000,3334.4
1749254525,3331.85000000,0.08990000,3334.4
1749254525,3331.81000000,0.00310000,3334.4
1749254525,3331.76000000,0.00300000,3334.4
1749254525,3331.75000000,0.44530000,3334.4
1749254525,3331.74000000,0.39600000,3334.4
1749254525,3331.68000000,0.00310000,3334.4
1749254525,3331.58000000,0.00310000,3334.4
1749254525,3331.55000000,5.35500000,3334.4
1749254525,3331.46000000,0.00310000,3334.4
1749254525,3331.41000000,2.67750000,3334.4
1749254525,3331.40000000,0.39600000,3334.4
1749254525,3331.35000000,0.00310000,3334.4
1749254525,3331.30000000,0.89250000,3334.4
1749254525,3331.29000000,2.67750000,3334.4
1749254525,3331.28000000,0.59380000,3334.4
1749254525,3331.19000000,0.00310000,3334.4
1749254525,3331.18000000,0.00600000,3334.4
1749254525,3331.11000000,1.78500000,3334.4
1749254525,3331.10000000,3.56980000,3334.4
1749254525,3331.09000000,0.44840000,3334.4
1749254525,3331.06000000,1.78490000,3334.4
1749254525,3331.05000000,0.39600000,3334.4
1749254525,3330.96000000,0.00310000,3334.4
1749254525,3330.87000000,0.00310000,3334.4
1749254525,3330.78000000,0.00310000,3334.4
1749254525,3330.76000000,2.43480000,3334.4
1749254525,3330.75000000,1.78500000,3334.4
1749254525,3330.74000000,2.67750000,3334.4
1749254525,3330.73000000,6.24730000,3334.4
1749254525,3330.72000000,0.44530000,3334.4
1749254525,3330.69000000,0.00310000,3334.4
1749254525,3330.67000000,1.21740000,3334.4
1749254525,3330.66000000,3.56990000,3334.4
1749254525,3330.65000000,0.39600000,3334.4
1749254525,3330.59000000,0.00310000,3334.4
1749254525,3330.57000000,0.00740000,3334.4
1749254525,3330.54000000,1.21740000,3334.4
1749254525,3330.53000000,0.89240000,3334.4
1749254525,3330.52000000,1.21740000,3334.4
1749254525,3330.50000000,0.00310000,3334.4
1749254525,3330.48000000,0.59980000,3334.4
1749254525,3330.46000000,0.06210000,3334.4
1749254525,3330.41000000,0.00310000,3334.4
1749254525,3330.25000000,0.00310000,3334.4
1749254525,3330.22000000,2.43480000,3334.4
1749254525,3330.21000000,0.44530000,3334.4
1749254831,3333.79000000,1.33000000,3333.8
1749254831,3333.78000000,0.01490000,3333.8
1749254831,3333.77000000,0.05960000,3333.8
1749254831,3333.74000000,0.01490000,3333.8
1749254831,3333.70000000,0.29970000,3333.8
1749254831,3333.67000000,0.10340000,3333.8
1749254831,3333.64000000,0.08910000,3333.8
1749254831,3333.63000000,0.09610000,3333.8
1749254831,3333.60000000,0.35420000,3333.8
1749254831,3333.59000000,0.32520000,3333.8
1749254831,3333.48000000,0.13560000,3333.8
1749254831,3333.45000000,0.39600000,3333.8
1749254831,3333.44000000,0.00450000,3333.8
1749254831,3333.41000000,0.07260000,3333.8
1749254831,3333.40000000,0.56270000,3333.8
1749254831,3333.32000000,0.07570000,3333.8
1749254831,3333.28000000,0.02980000,3333.8
1749254831,3333.23000000,0.12930000,3333.8
1749254831,3333.21000000,0.08480000,3333.8
1749254831,3333.20000000,0.11620000,3333.8
1749254831,3333.18000000,0.00310000,3333.8
1749254831,3333.16000000,0.07660000,3333.8
1749254831,3333.08000000,0.15170000,3333.8
1749254831,3333.07000000,0.09480000,3333.8
1749254831,3333.06000000,0.39910000,3333.8
1749254831,3333.05000000,0.32860000,3333.8
1749254831,3333.04000000,0.02980000,3333.8
1749254831,3333.02000000,0.44530000,3333.8
1749254831,3333.00000000,0.36590000,3333.8
1749254831,3332.99000000,0.04460000,3333.8
1749254831,3332.98000000,0.03290000,3333.8
1749254831,3332.91000000,0.02970000,3333.8
1749254831,3332.88000000,0.10570000,3333.8
1749254831,3332.83000000,0.02980000,3333.8
1749254831,3332.80000000,0.07780000,3333.8
1749254831,3332.79000000,0.02980000,3333.8
1749254831,3332.77000000,0.11600000,3333.8
1749254831,3332.69000000,0.09170000,3333.8
1749254831,3332.68000000,0.05990000,3333.8
1749254831,3332.67000000,0.13540000,3333.8
1749254831,3332.62000000,0.44530000,3333.8
1749254831,3332.57000000,0.00310000,3333.8
1749254831,3332.56000000,0.39600000,3333.8
1749254831,3332.51000000,0.14970000,3333.8
1749254831,3332.45000000,1.19360000,3333.8
1749254831,3332.44000000,1.20240000,3333.8
1749254831,3332.43000000,1.20240000,3333.8
1749254831,3332.42000000,3.61520000,3333.8
1749254831,3332.41000000,0.00310000,3333.8
1749254831,3332.36000000,1.19160000,3333.8
1749254831,3332.35000000,0.59380000,3333.8
1749254831,3332.32000000,0.00310000,3333.8
1749254831,3332.21000000,0.44530000,3333.8
1749254831,3332.20000000,0.00310000,3333.8
1749254831,3332.15000000,0.39600000,3333.8
1749254831,3332.06000000,0.00310000,3333.8
1749254831,3332.00000000,0.00300000,3333.8
1749254831,3331.90000000,0.00310000,3333.8
1749254831,3331.81000000,0.00310000,3333.8
1749254831,3331.79000000,0.00460000,3333.8
1749254831,3331.76000000,0.00300000,3333.8
1749254831,3331.75000000,0.44530000,3333.8
1749254831,3331.74000000,0.39600000,3333.8
1749254831,3331.68000000,0.00310000,3333.8
1749254831,3331.58000000,0.00310000,3333.8
1749254831,3331.46000000,1.77250000,3333.8
1749254831,3331.45000000,1.77120000,3333.8
1749254831,3331.41000000,0.88470000,3333.8
1749254831,3331.40000000,0.39600000,3333.8
1749254831,3331.35000000,0.00310000,3333.8
1749254831,3331.33000000,0.88470000,3333.8
1749254831,3331.32000000,0.97550000,3333.8
1749254831,3331.31000000,0.60570000,3333.8
1749254831,3331.29000000,0.08990000,3333.8
1749254831,3331.28000000,0.59380000,3333.8
1749254831,3331.19000000,0.00310000,3333.8
1749254831,3331.18000000,0.00600000,3333.8
1749254831,3331.14000000,0.88470000,3333.8
1749254831,3331.13000000,1.76920000,3333.8
1749254831,3331.12000000,0.88460000,3333.8
1749254831,3331.11000000,0.88560000,3333.8
1749254831,3331.09000000,0.44840000,3333.8
1749254831,3331.06000000,0.88460000,3333.8
1749254831,3331.05000000,1.28060000,3333.8
1749254831,3330.96000000,0.00310000,3333.8
1749254831,3330.87000000,0.00310000,3333.8
1749254831,3330.81000000,2.65410000,3333.8
1749254831,3330.80000000,2.65380000,3333.8
1749254831,3330.79000000,2.65380000,3333.8
1749254831,3330.78000000,3.54350000,3333.8
1749254831,3330.72000000,0.44530000,3333.8
1749254831,3330.69000000,0.00310000,3333.8
1749254831,3330.67000000,0.88460000,3333.8
1749254831,3330.66000000,0.88460000,3333.8
1749254831,3330.65000000,0.39600000,3333.8
1749254831,3330.59000000,0.00310000,3333.8
1749254831,3330.51000000,0.88460000,3333.8
1749254831,3330.50000000,3.54150000,3333.8
1749254831,3330.48000000,0.59980000,3333.8
1749254831,3330.46000000,0.06210000,3333.8
