timestamp,price,volume,current_price
1749260706,3332.44000000,0.28150000,3332.44
1749260706,3332.43000000,0.01780000,3332.44
1749260706,3332.40000000,0.12400000,3332.44
1749260706,3332.37000000,0.29980000,3332.44
1749260706,3332.35000000,0.33650000,3332.44
1749260706,3332.32000000,0.00310000,3332.44
1749260706,3332.24000000,0.20640000,3332.44
1749260706,3332.20000000,0.00310000,3332.44
1749260706,3332.10000000,0.15220000,3332.44
1749260706,3332.09000000,0.08890000,3332.44
1749260706,3332.08000000,0.39600000,3332.44
1749260706,3332.06000000,0.09780000,3332.44
1749260706,3332.00000000,0.20490000,3332.44
1749260706,3331.92000000,0.14040000,3332.44
1749260706,3331.91000000,0.13700000,3332.44
1749260706,3331.90000000,0.15450000,3332.44
1749260706,3331.81000000,0.00310000,3332.44
1749260706,3331.77000000,0.00300000,3332.44
1749260706,3331.74000000,0.39600000,3332.44
1749260706,3331.68000000,0.00310000,3332.44
1749260706,3331.59000000,1.20530000,3332.44
1749260706,3331.58000000,0.00310000,3332.44
1749260706,3331.49000000,0.00460000,3332.44
1749260706,3331.46000000,0.00310000,3332.44
1749260706,3331.41000000,1.16960000,3332.44
1749260706,3331.40000000,0.39600000,3332.44
1749260706,3331.39000000,0.05990000,3332.44
1749260706,3331.35000000,0.00310000,3332.44
1749260706,3331.28000000,0.59380000,3332.44
1749260706,3331.19000000,0.00310000,3332.44
1749260706,3331.18000000,0.00600000,3332.44
1749260706,3331.09000000,0.00310000,3332.44
1749260706,3331.05000000,0.39600000,3332.44
1749260706,3330.96000000,0.00310000,3332.44
1749260706,3330.88000000,0.09800000,3332.44
1749260706,3330.87000000,0.00310000,3332.44
1749260706,3330.78000000,0.00310000,3332.44
1749260706,3330.69000000,0.00310000,3332.44
1749260706,3330.65000000,0.45830000,3332.44
1749260706,3330.59000000,0.00310000,3332.44
1749260706,3330.58000000,0.44530000,3332.44
1749260706,3330.50000000,0.00310000,3332.44
1749260706,3330.41000000,0.00310000,3332.44
1749260706,3330.31000000,0.09000000,3332.44
1749260706,3330.25000000,0.00310000,3332.44
1749260706,3330.21000000,0.44530000,3332.44
1749260706,3330.19000000,0.39600000,3332.44
1749260706,3330.13000000,0.00310000,3332.44
1749260706,3330.05000000,0.88960000,3332.44
1749260706,3330.04000000,2.62700000,3332.44
1749260706,3330.03000000,0.60600000,3332.44
1749260706,3330.01000000,0.88960000,3332.44
1749260706,3330.00000000,1.04890000,3332.44
1749260706,3329.99000000,0.00310000,3332.44
1749260706,3329.95000000,2.64790000,3332.44
1749260706,3329.92000000,0.97760000,3332.44
1749260706,3329.91000000,2.66680000,3332.44
1749260706,3329.90000000,2.66990000,3332.44
1749260706,3329.89000000,0.89070000,3332.44
1749260706,3329.88000000,0.86870000,3332.44
1749260706,3329.87000000,0.86850000,3332.44
1749260706,3329.86000000,0.88760000,3332.44
1749260706,3329.85000000,0.59380000,3332.44
1749260706,3329.84000000,0.88960000,3332.44
1749260706,3329.83000000,0.89070000,3332.44
1749260706,3329.82000000,1.33800000,3332.44
1749260706,3329.81000000,0.88760000,3332.44
1749260706,3329.80000000,0.89070000,3332.44
1749260706,3329.79000000,1.28360000,3332.44
1749260706,3329.78000000,0.86870000,3332.44
1749260706,3329.70000000,0.00310000,3332.44
1749260706,3329.69000000,0.00170000,3332.44
1749260706,3329.65000000,0.88760000,3332.44
1749260706,3329.64000000,2.66680000,3332.44
1749260706,3329.63000000,1.77920000,3332.44
1749260706,3329.62000000,1.78030000,3332.44
1749260706,3329.59000000,2.37920000,3332.44
1749260706,3329.55000000,0.00310000,3332.44
1749260706,3329.47000000,0.00310000,3332.44
1749260706,3329.43000000,0.44530000,3332.44
1749260706,3329.37000000,0.39910000,3332.44
1749260706,3329.28000000,0.08980000,3332.44
1749260706,3329.21000000,0.00310000,3332.44
1749260706,3329.06000000,0.00310000,3332.44
1749260706,3328.96000000,0.44530000,3332.44
1749260706,3328.95000000,0.00310000,3332.44
1749260706,3328.89000000,0.24600000,3332.44
1749260706,3328.86000000,0.90000000,3332.44
1749260706,3328.83000000,0.00310000,3332.44
1749260706,3328.81000000,0.30010000,3332.44
1749260706,3328.76000000,0.49860000,3332.44
1749260706,3328.68000000,0.00310000,3332.44
1749260706,3328.65000000,1.20530000,3332.44
1749260706,3328.64000000,0.60620000,3332.44
1749260706,3328.63000000,0.59380000,3332.44
1749260706,3328.61000000,0.44530000,3332.44
1749260706,3328.57000000,0.02750000,3332.44
1749260706,3328.54000000,1.20560000,3332.44
1749260706,3328.53000000,1.20530000,3332.44
1749260706,3328.52000000,2.41400000,3332.44
1749261025,3332.43000000,0.49330000,3332.44
1749261025,3332.41000000,0.29980000,3332.44
1749261025,3332.40000000,0.16430000,3332.44
1749261025,3332.28000000,0.09140000,3332.44
1749261025,3332.27000000,0.54130000,3332.44
1749261025,3332.20000000,0.16430000,3332.44
1749261025,3332.12000000,0.18180000,3332.44
1749261025,3332.09000000,0.39600000,3332.44
1749261025,3332.06000000,0.12840000,3332.44
1749261025,3332.00000000,0.36120000,3332.44
1749261025,3331.96000000,0.12080000,3332.44
1749261025,3331.92000000,0.14040000,3332.44
1749261025,3331.90000000,0.15450000,3332.44
1749261025,3331.81000000,0.00310000,3332.44
1749261025,3331.77000000,0.14000000,3332.44
1749261025,3331.76000000,0.10780000,3332.44
1749261025,3331.75000000,0.08550000,3332.44
1749261025,3331.74000000,0.39600000,3332.44
1749261025,3331.68000000,0.00310000,3332.44
1749261025,3331.58000000,0.09300000,3332.44
1749261025,3331.49000000,0.11910000,3332.44
1749261025,3331.46000000,0.00310000,3332.44
1749261025,3331.41000000,0.11320000,3332.44
1749261025,3331.40000000,0.39600000,3332.44
1749261025,3331.39000000,0.05990000,3332.44
1749261025,3331.35000000,0.00310000,3332.44
1749261025,3331.28000000,0.59380000,3332.44
1749261025,3331.19000000,0.00310000,3332.44
1749261025,3331.18000000,0.00600000,3332.44
1749261025,3331.09000000,0.44840000,3332.44
1749261025,3331.05000000,0.39600000,3332.44
1749261025,3330.96000000,0.00310000,3332.44
1749261025,3330.88000000,0.09800000,3332.44
1749261025,3330.87000000,0.00310000,3332.44
1749261025,3330.78000000,0.00310000,3332.44
1749261025,3330.69000000,0.00310000,3332.44
1749261025,3330.65000000,0.39600000,3332.44
1749261025,3330.59000000,0.00310000,3332.44
1749261025,3330.58000000,0.44530000,3332.44
1749261025,3330.50000000,0.00310000,3332.44
1749261025,3330.43000000,0.00220000,3332.44
1749261025,3330.41000000,0.00310000,3332.44
1749261025,3330.25000000,0.00310000,3332.44
1749261025,3330.21000000,0.44530000,3332.44
1749261025,3330.19000000,0.39600000,3332.44
1749261025,3330.15000000,0.09000000,3332.44
1749261025,3330.13000000,0.09310000,3332.44
1749261025,3330.03000000,0.60600000,3332.44
1749261025,3330.00000000,0.15930000,3332.44
1749261025,3329.99000000,0.00310000,3332.44
1749261025,3329.90000000,0.00310000,3332.44
1749261025,3329.85000000,0.59380000,3332.44
1749261025,3329.82000000,0.44840000,3332.44
1749261025,3329.79000000,0.39600000,3332.44
1749261025,3329.70000000,1.77630000,3332.44
1749261025,3329.69000000,2.66180000,3332.44
1749261025,3329.67000000,1.77320000,3332.44
1749261025,3329.66000000,1.77320000,3332.44
1749261025,3329.64000000,0.88670000,3332.44
1749261025,3329.62000000,2.65990000,3332.44
1749261025,3329.61000000,0.88670000,3332.44
1749261025,3329.59000000,2.37220000,3332.44
1749261025,3329.55000000,0.00310000,3332.44
1749261025,3329.53000000,0.88660000,3332.44
1749261025,3329.52000000,0.88660000,3332.44
1749261025,3329.51000000,0.88660000,3332.44
1749261025,3329.50000000,0.88560000,3332.44
1749261025,3329.49000000,3.54670000,3332.44
1749261025,3329.48000000,0.88660000,3332.44
1749261025,3329.47000000,0.00310000,3332.44
1749261025,3329.46000000,1.77330000,3332.44
1749261025,3329.45000000,0.88670000,3332.44
1749261025,3329.44000000,1.77230000,3332.44
1749261025,3329.43000000,0.44530000,3332.44
1749261025,3329.42000000,0.88660000,3332.44
1749261025,3329.41000000,0.88660000,3332.44
1749261025,3329.40000000,0.88660000,3332.44
1749261025,3329.39000000,1.77220000,3332.44
1749261025,3329.38000000,0.88570000,3332.44
1749261025,3329.37000000,0.39910000,3332.44
1749261025,3329.28000000,0.08980000,3332.44
1749261025,3329.21000000,0.88870000,3332.44
1749261025,3329.20000000,0.06050000,3332.44
1749261025,3329.06000000,0.00310000,3332.44
1749261025,3328.96000000,0.44530000,3332.44
1749261025,3328.95000000,0.00310000,3332.44
1749261025,3328.86000000,0.90000000,3332.44
1749261025,3328.83000000,0.00310000,3332.44
1749261025,3328.81000000,0.30010000,3332.44
1749261025,3328.76000000,0.49860000,3332.44
1749261025,3328.68000000,0.00310000,3332.44
1749261025,3328.64000000,0.60620000,3332.44
1749261025,3328.63000000,0.59380000,3332.44
1749261025,3328.61000000,0.44530000,3332.44
1749261025,3328.57000000,0.02750000,3332.44
1749261025,3328.52000000,0.00310000,3332.44
1749261025,3328.44000000,0.00310000,3332.44
1749261025,3328.42000000,1.18350000,3332.44
1749261025,3328.41000000,0.39600000,3332.44
1749261025,3328.35000000,0.00310000,3332.44
1749261336,3332.54000000,1.28070000,3332.55
1749261336,3332.44000000,0.16760000,3332.55
1749261336,3332.41000000,0.16660000,3332.55
1749261336,3332.40000000,0.15580000,3332.55
1749261336,3332.39000000,0.16200000,3332.55
1749261336,3332.31000000,0.10050000,3332.55
1749261336,3332.27000000,0.11320000,3332.55
1749261336,3332.26000000,0.20360000,3332.55
1749261336,3332.21000000,0.08560000,3332.55
1749261336,3332.20000000,0.17760000,3332.55
1749261336,3332.06000000,0.17500000,3332.55
1749261336,3332.00000000,0.36120000,3332.55
1749261336,3331.96000000,0.12080000,3332.55
1749261336,3331.90000000,0.15450000,3332.55
1749261336,3331.84000000,0.33120000,3332.55
1749261336,3331.81000000,0.11630000,3332.55
1749261336,3331.80000000,0.16430000,3332.55
1749261336,3331.77000000,0.00300000,3332.55
1749261336,3331.76000000,0.10780000,3332.55
1749261336,3331.75000000,0.08550000,3332.55
1749261336,3331.74000000,0.39600000,3332.55
1749261336,3331.68000000,0.00310000,3332.55
1749261336,3331.58000000,0.09300000,3332.55
1749261336,3331.49000000,0.11910000,3332.55
1749261336,3331.46000000,0.00310000,3332.55
1749261336,3331.41000000,0.11320000,3332.55
1749261336,3331.40000000,0.39600000,3332.55
1749261336,3331.35000000,0.00310000,3332.55
1749261336,3331.29000000,0.10770000,3332.55
1749261336,3331.28000000,0.59380000,3332.55
1749261336,3331.27000000,0.24720000,3332.55
1749261336,3331.19000000,0.12280000,3332.55
1749261336,3331.18000000,0.00600000,3332.55
1749261336,3331.12000000,1.17550000,3332.55
1749261336,3331.11000000,1.19450000,3332.55
1749261336,3331.09000000,1.17460000,3332.55
1749261336,3331.08000000,1.17550000,3332.55
1749261336,3331.07000000,4.69800000,3332.55
1749261336,3331.06000000,0.44530000,3332.55
1749261336,3331.05000000,0.39600000,3332.55
1749261336,3330.96000000,0.00310000,3332.55
1749261336,3330.89000000,0.09100000,3332.55
1749261336,3330.87000000,0.00310000,3332.55
1749261336,3330.78000000,0.00310000,3332.55
1749261336,3330.69000000,0.00310000,3332.55
1749261336,3330.65000000,0.39600000,3332.55
1749261336,3330.59000000,0.00310000,3332.55
1749261336,3330.58000000,0.44530000,3332.55
1749261336,3330.50000000,0.00310000,3332.55
1749261336,3330.41000000,0.00310000,3332.55
1749261336,3330.25000000,0.09310000,3332.55
1749261336,3330.21000000,0.44530000,3332.55
1749261336,3330.19000000,0.39600000,3332.55
1749261336,3330.13000000,0.00310000,3332.55
1749261336,3330.01000000,3.55440000,3332.55
1749261336,3330.00000000,0.15930000,3332.55
1749261336,3329.99000000,0.00310000,3332.55
1749261336,3329.90000000,0.00310000,3332.55
1749261336,3329.86000000,2.66580000,3332.55
1749261336,3329.85000000,0.59380000,3332.55
1749261336,3329.84000000,0.97660000,3332.55
1749261336,3329.82000000,0.44840000,3332.55
1749261336,3329.80000000,1.77520000,3332.55
1749261336,3329.79000000,0.39600000,3332.55
1749261336,3329.75000000,0.88660000,3332.55
1749261336,3329.74000000,0.88660000,3332.55
1749261336,3329.73000000,1.77520000,3332.55
1749261336,3329.70000000,0.00310000,3332.55
1749261336,3329.69000000,1.77690000,3332.55
1749261336,3329.68000000,1.77510000,3332.55
1749261336,3329.67000000,0.88850000,3332.55
1749261336,3329.63000000,0.88760000,3332.55
1749261336,3329.62000000,0.88660000,3332.55
1749261336,3329.61000000,0.88960000,3332.55
1749261336,3329.60000000,0.88860000,3332.55
1749261336,3329.57000000,0.88760000,3332.55
1749261336,3329.56000000,0.88850000,3332.55
1749261336,3329.55000000,0.89160000,3332.55
1749261336,3329.49000000,0.88850000,3332.55
1749261336,3329.48000000,0.88850000,3332.55
1749261336,3329.47000000,0.00310000,3332.55
1749261336,3329.43000000,0.44530000,3332.55
1749261336,3329.39000000,0.88850000,3332.55
1749261336,3329.38000000,0.88850000,3332.55
1749261336,3329.37000000,0.39910000,3332.55
1749261336,3329.22000000,1.77700000,3332.55
1749261336,3329.21000000,1.78010000,3332.55
1749261336,3329.20000000,0.06050000,3332.55
1749261336,3329.16000000,1.77700000,3332.55
1749261336,3329.15000000,1.48860000,3332.55
1749261336,3329.06000000,0.00310000,3332.55
1749261336,3328.96000000,0.44530000,3332.55
1749261336,3328.95000000,0.00310000,3332.55
1749261336,3328.85000000,0.09190000,3332.55
1749261336,3328.83000000,0.00310000,3332.55
1749261336,3328.81000000,0.30010000,3332.55
1749261336,3328.76000000,0.49860000,3332.55
1749261336,3328.68000000,0.00310000,3332.55
1749261336,3328.64000000,0.60620000,3332.55
1749261336,3328.63000000,0.59380000,3332.55
1749261638,3333.14000000,0.32270000,3333.15
1749261638,3333.10000000,0.29970000,3333.15
1749261638,3333.03000000,0.16980000,3333.15
1749261638,3333.00000000,0.35280000,3333.15
1749261638,3332.89000000,0.15600000,3333.15
1749261638,3332.88000000,0.20670000,3333.15
1749261638,3332.83000000,0.09170000,3333.15
1749261638,3332.81000000,0.39600000,3333.15
1749261638,3332.80000000,0.14790000,3333.15
1749261638,3332.76000000,0.09170000,3333.15
1749261638,3332.75000000,0.00310000,3333.15
1749261638,3332.73000000,0.14420000,3333.15
1749261638,3332.63000000,0.14500000,3333.15
1749261638,3332.60000000,0.14790000,3333.15
1749261638,3332.59000000,0.11820000,3333.15
1749261638,3332.46000000,0.11400000,3333.15
1749261638,3332.43000000,0.00310000,3333.15
1749261638,3332.41000000,0.17540000,3333.15
1749261638,3332.40000000,0.15580000,3333.15
1749261638,3332.35000000,0.42080000,3333.15
1749261638,3332.31000000,0.00310000,3333.15
1749261638,3332.27000000,0.11320000,3333.15
1749261638,3332.21000000,0.08560000,3333.15
1749261638,3332.20000000,0.39600000,3333.15
1749261638,3332.19000000,0.00310000,3333.15
1749261638,3332.13000000,0.08790000,3333.15
1749261638,3332.06000000,0.17500000,3333.15
1749261638,3332.00000000,0.18140000,3333.15
1749261638,3331.96000000,0.12080000,3333.15
1749261638,3331.90000000,0.15450000,3333.15
1749261638,3331.87000000,0.23760000,3333.15
1749261638,3331.81000000,0.11630000,3333.15
1749261638,3331.80000000,0.16430000,3333.15
1749261638,3331.77000000,0.00300000,3333.15
1749261638,3331.76000000,0.10780000,3333.15
1749261638,3331.74000000,0.39600000,3333.15
1749261638,3331.68000000,0.00310000,3333.15
1749261638,3331.58000000,0.00310000,3333.15
1749261638,3331.49000000,0.00460000,3333.15
1749261638,3331.46000000,0.00310000,3333.15
1749261638,3331.42000000,1.20130000,3333.15
1749261638,3331.41000000,2.40060000,3333.15
1749261638,3331.40000000,1.59730000,3333.15
1749261638,3331.35000000,0.00310000,3333.15
1749261638,3331.30000000,0.44530000,3333.15
1749261638,3331.28000000,0.59380000,3333.15
1749261638,3331.19000000,0.00310000,3333.15
1749261638,3331.18000000,0.00600000,3333.15
1749261638,3331.09000000,0.00310000,3333.15
1749261638,3331.05000000,0.39600000,3333.15
1749261638,3331.00000000,0.09000000,3333.15
1749261638,3330.96000000,0.00310000,3333.15
1749261638,3330.93000000,0.44530000,3333.15
1749261638,3330.87000000,0.00310000,3333.15
1749261638,3330.78000000,0.00310000,3333.15
1749261638,3330.69000000,0.00310000,3333.15
1749261638,3330.65000000,0.39600000,3333.15
1749261638,3330.63000000,0.09000000,3333.15
1749261638,3330.59000000,0.00310000,3333.15
1749261638,3330.58000000,0.44530000,3333.15
1749261638,3330.50000000,0.00310000,3333.15
1749261638,3330.41000000,0.00310000,3333.15
1749261638,3330.25000000,0.00310000,3333.15
1749261638,3330.22000000,5.34840000,3333.15
1749261638,3330.21000000,0.44530000,3333.15
1749261638,3330.20000000,0.89140000,3333.15
1749261638,3330.19000000,0.39600000,3333.15
1749261638,3330.13000000,0.00310000,3333.15
1749261638,3330.05000000,1.73680000,3333.15
1749261638,3330.04000000,2.67420000,3333.15
1749261638,3330.03000000,0.88950000,3333.15
1749261638,3330.02000000,0.60600000,3333.15
1749261638,3330.01000000,1.77900000,3333.15
1749261638,3330.00000000,1.93830000,3333.15
1749261638,3329.99000000,0.89450000,3333.15
1749261638,3329.91000000,0.89040000,3333.15
1749261638,3329.90000000,1.78210000,3333.15
1749261638,3329.89000000,3.55800000,3333.15
1749261638,3329.88000000,0.88750000,3333.15
1749261638,3329.87000000,2.66450000,3333.15
1749261638,3329.85000000,1.48230000,3333.15
1749261638,3329.84000000,2.66850000,3333.15
1749261638,3329.83000000,0.88850000,3333.15
1749261638,3329.82000000,1.33590000,3333.15
1749261638,3329.80000000,0.88750000,3333.15
1749261638,3329.79000000,0.39600000,3333.15
1749261638,3329.77000000,0.88850000,3333.15
1749261638,3329.76000000,0.88960000,3333.15
1749261638,3329.70000000,0.00310000,3333.15
1749261638,3329.69000000,0.00170000,3333.15
1749261638,3329.55000000,0.00310000,3333.15
1749261638,3329.47000000,0.00310000,3333.15
1749261638,3329.43000000,0.44530000,3333.15
1749261638,3329.37000000,0.39910000,3333.15
1749261638,3329.21000000,0.00310000,3333.15
1749261638,3329.20000000,0.06050000,3333.15
1749261638,3329.06000000,0.00310000,3333.15
1749261638,3328.96000000,0.44530000,3333.15
1749261638,3328.95000000,0.00310000,3333.15
1749261638,3328.85000000,0.09190000,3333.15
1749261944,3334.19000000,0.49350000,3334.2
1749261944,3334.18000000,0.12170000,3334.2
1749261944,3334.14000000,0.02980000,3334.2
1749261944,3334.09000000,0.10130000,3334.2
1749261944,3334.08000000,0.13220000,3334.2
1749261944,3334.00000000,0.11880000,3334.2
1749261944,3333.99000000,0.13700000,3334.2
1749261944,3333.93000000,0.07150000,3334.2
1749261944,3333.87000000,0.27580000,3334.2
1749261944,3333.85000000,0.02980000,3334.2
1749261944,3333.82000000,0.13700000,3334.2
1749261944,3333.80000000,0.12510000,3334.2
1749261944,3333.78000000,0.00310000,3334.2
1749261944,3333.76000000,0.07150000,3334.2
1749261944,3333.70000000,0.08640000,3334.2
1749261944,3333.69000000,0.00310000,3334.2
1749261944,3333.68000000,0.01490000,3334.2
1749261944,3333.63000000,0.08340000,3334.2
1749261944,3333.61000000,0.44530000,3334.2
1749261944,3333.60000000,0.67300000,3334.2
1749261944,3333.59000000,0.00310000,3334.2
1749261944,3333.51000000,0.13700000,3334.2
1749261944,3333.43000000,0.42990000,3334.2
1749261944,3333.39000000,0.14140000,3334.2
1749261944,3333.35000000,0.00310000,3334.2
1749261944,3333.34000000,0.07030000,3334.2
1749261944,3333.31000000,0.06760000,3334.2
1749261944,3333.29000000,0.14140000,3334.2
1749261944,3333.26000000,0.44530000,3334.2
1749261944,3333.20000000,0.12820000,3334.2
1749261944,3333.19000000,0.14140000,3334.2
1749261944,3333.13000000,0.07410000,3334.2
1749261944,3333.11000000,0.14450000,3334.2
1749261944,3333.06000000,0.53820000,3334.2
1749261944,3333.05000000,0.05990000,3334.2
1749261944,3332.99000000,0.00310000,3334.2
1749261944,3332.90000000,0.44530000,3334.2
1749261944,3332.89000000,0.35180000,3334.2
1749261944,3332.83000000,0.00310000,3334.2
1749261944,3332.81000000,0.00270000,3334.2
1749261944,3332.80000000,0.13880000,3334.2
1749261944,3332.71000000,0.00310000,3334.2
1749261944,3332.64000000,0.04500000,3334.2
1749261944,3332.60000000,0.02270000,3334.2
1749261944,3332.59000000,0.00310000,3334.2
1749261944,3332.56000000,0.44530000,3334.2
1749261944,3332.54000000,0.39600000,3334.2
1749261944,3332.43000000,0.00310000,3334.2
1749261944,3332.40000000,0.15580000,3334.2
1749261944,3332.31000000,0.00310000,3334.2
1749261944,3332.23000000,1.18340000,3334.2
1749261944,3332.22000000,0.44530000,3334.2
1749261944,3332.20000000,0.56740000,3334.2
1749261944,3332.19000000,0.00530000,3334.2
1749261944,3332.06000000,0.00310000,3334.2
1749261944,3332.02000000,1.18340000,3334.2
1749261944,3332.01000000,2.37680000,3334.2
1749261944,3332.00000000,0.18140000,3334.2
1749261944,3331.90000000,0.00310000,3334.2
1749261944,3331.85000000,1.18340000,3334.2
1749261944,3331.84000000,1.18840000,3334.2
1749261944,3331.83000000,1.19140000,3334.2
1749261944,3331.82000000,1.63370000,3334.2
1749261944,3331.81000000,2.38080000,3334.2
1749261944,3331.78000000,1.18340000,3334.2
1749261944,3331.77000000,0.09300000,3334.2
1749261944,3331.75000000,1.18930000,3334.2
1749261944,3331.74000000,0.39600000,3334.2
1749261944,3331.68000000,1.19240000,3334.2
1749261944,3331.58000000,0.00310000,3334.2
1749261944,3331.50000000,0.09000000,3334.2
1749261944,3331.46000000,0.00310000,3334.2
1749261944,3331.43000000,0.44530000,3334.2
1749261944,3331.40000000,0.39600000,3334.2
1749261944,3331.35000000,0.00310000,3334.2
1749261944,3331.28000000,0.59380000,3334.2
1749261944,3331.23000000,0.60590000,3334.2
1749261944,3331.19000000,0.00310000,3334.2
1749261944,3331.18000000,0.00600000,3334.2
1749261944,3331.09000000,0.00310000,3334.2
1749261944,3331.05000000,0.39600000,3334.2
1749261944,3330.96000000,0.00310000,3334.2
1749261944,3330.93000000,0.44530000,3334.2
1749261944,3330.87000000,0.00310000,3334.2
1749261944,3330.78000000,0.00310000,3334.2
1749261944,3330.69000000,0.00310000,3334.2
1749261944,3330.67000000,0.88950000,3334.2
1749261944,3330.66000000,0.95290000,3334.2
1749261944,3330.65000000,0.39600000,3334.2
1749261944,3330.59000000,0.89460000,3334.2
1749261944,3330.58000000,1.33680000,3334.2
1749261944,3330.57000000,0.02490000,3334.2
1749261944,3330.50000000,1.78610000,3334.2
1749261944,3330.49000000,0.89150000,3334.2
1749261944,3330.44000000,0.07900000,3334.2
1749261944,3330.41000000,0.00310000,3334.2
1749261944,3330.35000000,2.66820000,3334.2
1749261944,3330.34000000,3.55760000,3334.2
1749261944,3330.33000000,2.66850000,3334.2
1749261944,3330.32000000,1.78100000,3334.2
1749262246,3334.22000000,0.12290000,3334.22
1749262246,3334.00000000,0.11880000,3334.22
1749262246,3333.96000000,0.29970000,3334.22
1749262246,3333.92000000,0.08180000,3334.22
1749262246,3333.90000000,0.05430000,3334.22
1749262246,3333.82000000,0.13700000,3334.22
1749262246,3333.80000000,0.12510000,3334.22
1749262246,3333.78000000,0.00310000,3334.22
1749262246,3333.76000000,0.07150000,3334.22
1749262246,3333.70000000,0.07150000,3334.22
1749262246,3333.69000000,0.00310000,3334.22
1749262246,3333.65000000,0.07130000,3334.22
1749262246,3333.64000000,0.23160000,3334.22
1749262246,3333.63000000,0.08340000,3334.22
1749262246,3333.60000000,0.65810000,3334.22
1749262246,3333.59000000,0.00310000,3334.22
1749262246,3333.51000000,0.13700000,3334.22
1749262246,3333.43000000,0.09760000,3334.22
1749262246,3333.39000000,0.14140000,3334.22
1749262246,3333.35000000,0.00310000,3334.22
1749262246,3333.34000000,0.07030000,3334.22
1749262246,3333.21000000,0.08270000,3334.22
1749262246,3333.20000000,0.12820000,3334.22
1749262246,3333.19000000,0.14140000,3334.22
1749262246,3333.13000000,0.07410000,3334.22
1749262246,3333.11000000,0.14450000,3334.22
1749262246,3333.06000000,0.39600000,3334.22
1749262246,3332.99000000,0.00310000,3334.22
1749262246,3332.95000000,0.05990000,3334.22
1749262246,3332.89000000,0.35180000,3334.22
1749262246,3332.83000000,0.00310000,3334.22
1749262246,3332.80000000,0.13880000,3334.22
1749262246,3332.71000000,0.00310000,3334.22
1749262246,3332.64000000,0.04500000,3334.22
1749262246,3332.60000000,0.02270000,3334.22
1749262246,3332.59000000,0.00310000,3334.22
1749262246,3332.54000000,0.39600000,3334.22
1749262246,3332.43000000,0.00310000,3334.22
1749262246,3332.40000000,0.15580000,3334.22
1749262246,3332.31000000,0.00310000,3334.22
1749262246,3332.24000000,1.19140000,3334.22
1749262246,3332.22000000,1.19360000,3334.22
1749262246,3332.20000000,0.56740000,3334.22
1749262246,3332.19000000,0.00310000,3334.22
1749262246,3332.14000000,1.19140000,3334.22
1749262246,3332.13000000,0.09500000,3334.22
1749262246,3332.06000000,0.00310000,3334.22
1749262246,3332.01000000,1.19140000,3334.22
1749262246,3332.00000000,0.02510000,3334.22
1749262246,3331.96000000,0.09000000,3334.22
1749262246,3331.90000000,0.00310000,3334.22
1749262246,3331.86000000,2.38280000,3334.22
1749262246,3331.85000000,1.19330000,3334.22
1749262246,3331.84000000,1.19330000,3334.22
1749262246,3331.83000000,3.57590000,3334.22
1749262246,3331.82000000,1.18540000,3334.22
1749262246,3331.81000000,1.19450000,3334.22
1749262246,3331.80000000,1.19330000,3334.22
1749262246,3331.79000000,2.37860000,3334.22
1749262246,3331.77000000,0.00300000,3334.22
1749262246,3331.74000000,0.39600000,3334.22
1749262246,3331.69000000,0.09000000,3334.22
1749262246,3331.68000000,0.00310000,3334.22
1749262246,3331.58000000,0.00310000,3334.22
1749262246,3331.46000000,0.00310000,3334.22
1749262246,3331.44000000,0.88850000,3334.22
1749262246,3331.43000000,0.44530000,3334.22
1749262246,3331.41000000,0.88850000,3334.22
1749262246,3331.40000000,0.39600000,3334.22
1749262246,3331.35000000,0.00310000,3334.22
1749262246,3331.29000000,0.88850000,3334.22
1749262246,3331.28000000,0.59380000,3334.22
1749262246,3331.24000000,0.88850000,3334.22
1749262246,3331.23000000,0.60590000,3334.22
1749262246,3331.19000000,0.00310000,3334.22
1749262246,3331.18000000,0.00600000,3334.22
1749262246,3331.09000000,0.00310000,3334.22
1749262246,3331.06000000,1.77700000,3334.22
1749262246,3331.05000000,1.28450000,3334.22
1749262246,3330.96000000,0.00310000,3334.22
1749262246,3330.94000000,0.88850000,3334.22
1749262246,3330.93000000,1.33180000,3334.22
1749262246,3330.87000000,0.00310000,3334.22
1749262246,3330.78000000,0.00310000,3334.22
1749262246,3330.74000000,1.77300000,3334.22
1749262246,3330.73000000,0.88650000,3334.22
1749262246,3330.72000000,2.65950000,3334.22
1749262246,3330.71000000,1.77700000,3334.22
1749262246,3330.70000000,1.77700000,3334.22
1749262246,3330.69000000,1.77810000,3334.22
1749262246,3330.67000000,3.54690000,3334.22
1749262246,3330.66000000,0.06140000,3334.22
1749262246,3330.65000000,0.39600000,3334.22
1749262246,3330.63000000,1.77290000,3334.22
1749262246,3330.62000000,0.88640000,3334.22
1749262246,3330.59000000,0.00310000,3334.22
1749262246,3330.58000000,0.44530000,3334.22
1749262246,3330.57000000,0.02490000,3334.22
1749262246,3330.56000000,0.88640000,3334.22
1749262246,3330.50000000,0.00310000,3334.22
1749262548,3333.46000000,0.31620000,3333.46
1749262548,3333.45000000,0.00550000,3333.46
1749262548,3333.41000000,0.06340000,3333.46
1749262548,3333.40000000,0.13050000,3333.46
1749262548,3333.34000000,0.06340000,3333.46
1749262548,3333.28000000,0.13160000,3333.46
1749262548,3333.21000000,0.08270000,3333.46
1749262548,3333.20000000,0.12820000,3333.46
1749262548,3333.19000000,0.35110000,3333.46
1749262548,3333.13000000,0.07410000,3333.46
1749262548,3333.11000000,0.14450000,3333.46
1749262548,3333.10000000,0.32500000,3333.46
1749262548,3333.06000000,0.39600000,3333.46
1749262548,3333.01000000,0.06440000,3333.46
1749262548,3333.00000000,0.13050000,3333.46
1749262548,3332.99000000,0.08180000,3333.46
1749262548,3332.90000000,0.11240000,3333.46
1749262548,3332.89000000,0.03000000,3333.46
1749262548,3332.83000000,0.07050000,3333.46
1749262548,3332.80000000,0.13880000,3333.46
1749262548,3332.71000000,0.13210000,3333.46
1749262548,3332.65000000,0.07740000,3333.46
1749262548,3332.64000000,0.04500000,3333.46
1749262548,3332.60000000,0.02270000,3333.46
1749262548,3332.59000000,0.07110000,3333.46
1749262548,3332.58000000,0.07740000,3333.46
1749262548,3332.54000000,0.39600000,3333.46
1749262548,3332.43000000,0.00310000,3333.46
1749262548,3332.40000000,0.15580000,3333.46
1749262548,3332.31000000,0.19440000,3333.46
1749262548,3332.25000000,0.44530000,3333.46
1749262548,3332.24000000,0.13700000,3333.46
1749262548,3332.23000000,0.07030000,3333.46
1749262548,3332.22000000,0.00220000,3333.46
1749262548,3332.20000000,0.56740000,3333.46
1749262548,3332.19000000,0.00310000,3333.46
1749262548,3332.06000000,0.00310000,3333.46
1749262548,3332.05000000,1.18540000,3333.46
1749262548,3332.04000000,1.18540000,3333.46
1749262548,3332.01000000,1.18840000,3333.46
1749262548,3332.00000000,0.02510000,3333.46
1749262548,3331.90000000,0.00310000,3333.46
1749262548,3331.81000000,0.00310000,3333.46
1749262548,3331.77000000,0.00300000,3333.46
1749262548,3331.74000000,0.39600000,3333.46
1749262548,3331.68000000,0.00310000,3333.46
1749262548,3331.58000000,0.00310000,3333.46
1749262548,3331.46000000,0.00310000,3333.46
1749262548,3331.40000000,0.39600000,3333.46
1749262548,3331.35000000,0.00310000,3333.46
1749262548,3331.30000000,0.44530000,3333.46
1749262548,3331.28000000,0.59380000,3333.46
1749262548,3331.24000000,0.60590000,3333.46
1749262548,3331.20000000,0.09000000,3333.46
1749262548,3331.19000000,0.00310000,3333.46
1749262548,3331.18000000,0.00600000,3333.46
1749262548,3331.09000000,0.00310000,3333.46
1749262548,3331.05000000,0.39600000,3333.46
1749262548,3330.96000000,0.00310000,3333.46
1749262548,3330.93000000,0.44530000,3333.46
1749262548,3330.88000000,0.09000000,3333.46
1749262548,3330.87000000,0.00310000,3333.46
1749262548,3330.78000000,0.00310000,3333.46
1749262548,3330.69000000,0.00310000,3333.46
1749262548,3330.66000000,0.06140000,3333.46
1749262548,3330.65000000,0.39600000,3333.46
1749262548,3330.59000000,0.88770000,3333.46
1749262548,3330.58000000,0.44530000,3333.46
1749262548,3330.50000000,0.00310000,3333.46
1749262548,3330.41000000,0.00310000,3333.46
1749262548,3330.33000000,2.65380000,3333.46
1749262548,3330.32000000,2.65380000,3333.46
1749262548,3330.31000000,1.76920000,3333.46
1749262548,3330.30000000,1.76920000,3333.46
1749262548,3330.29000000,3.54040000,3333.46
1749262548,3330.28000000,1.77520000,3333.46
1749262548,3330.27000000,1.77420000,3333.46
1749262548,3330.26000000,0.88760000,3333.46
1749262548,3330.25000000,0.00310000,3333.46
1749262548,3330.24000000,0.88460000,3333.46
1749262548,3330.23000000,0.60600000,3333.46
1749262548,3330.21000000,2.21450000,3333.46
1749262548,3330.20000000,0.88460000,3333.46
1749262548,3330.19000000,0.39600000,3333.46
1749262548,3330.13000000,0.00310000,3333.46
1749262548,3330.10000000,0.88460000,3333.46
1749262548,3330.09000000,0.88460000,3333.46
1749262548,3330.08000000,0.88460000,3333.46
1749262548,3330.07000000,1.77220000,3333.46
1749262548,3330.03000000,1.18460000,3333.46
1749262548,3330.01000000,0.88460000,3333.46
1749262548,3330.00000000,0.24930000,3333.46
1749262548,3329.99000000,0.00310000,3333.46
1749262548,3329.90000000,0.00310000,3333.46
1749262548,3329.89000000,0.88460000,3333.46
1749262548,3329.88000000,0.88460000,3333.46
1749262548,3329.87000000,0.88460000,3333.46
1749262548,3329.86000000,0.88460000,3333.46
1749262548,3329.85000000,1.47840000,3333.46
1749262548,3329.83000000,0.88460000,3333.46
1749262850,3334.19000000,0.31920000,3334.2
1749262850,3334.18000000,0.00510000,3334.2
1749262850,3334.15000000,0.29960000,3334.2
1749262850,3334.12000000,0.13480000,3334.2
1749262850,3334.06000000,0.08320000,3334.2
1749262850,3334.01000000,0.07130000,3334.2
1749262850,3334.00000000,0.11770000,3334.2
1749262850,3333.96000000,0.33600000,3334.2
1749262850,3333.95000000,0.16960000,3334.2
1749262850,3333.89000000,0.06980000,3334.2
1749262850,3333.81000000,0.13080000,3334.2
1749262850,3333.80000000,0.11770000,3334.2
1749262850,3333.79000000,0.12480000,3334.2
1749262850,3333.77000000,0.00310000,3334.2
1749262850,3333.74000000,0.06500000,3334.2
1749262850,3333.67000000,0.06500000,3334.2
1749262850,3333.61000000,0.47180000,3334.2
1749262850,3333.60000000,0.11770000,3334.2
1749262850,3333.59000000,0.12480000,3334.2
1749262850,3333.55000000,0.00310000,3334.2
1749262850,3333.53000000,0.06500000,3334.2
1749262850,3333.47000000,0.33980000,3334.2
1749262850,3333.46000000,0.12480000,3334.2
1749262850,3333.41000000,0.06340000,3334.2
1749262850,3333.40000000,0.13050000,3334.2
1749262850,3333.38000000,0.00310000,3334.2
1749262850,3333.34000000,0.06340000,3334.2
1749262850,3333.29000000,0.00310000,3334.2
1749262850,3333.28000000,0.13160000,3334.2
1749262850,3333.21000000,0.08270000,3334.2
1749262850,3333.20000000,0.12820000,3334.2
1749262850,3333.19000000,0.14140000,3334.2
1749262850,3333.13000000,0.07410000,3334.2
1749262850,3333.11000000,0.14450000,3334.2
1749262850,3333.06000000,0.39600000,3334.2
1749262850,3333.02000000,0.05990000,3334.2
1749262850,3333.01000000,0.20130000,3334.2
1749262850,3333.00000000,0.13050000,3334.2
1749262850,3332.99000000,0.08180000,3334.2
1749262850,3332.90000000,0.11240000,3334.2
1749262850,3332.89000000,0.03000000,3334.2
1749262850,3332.83000000,0.07050000,3334.2
1749262850,3332.80000000,0.13880000,3334.2
1749262850,3332.71000000,0.13210000,3334.2
1749262850,3332.65000000,0.07740000,3334.2
1749262850,3332.64000000,0.04500000,3334.2
1749262850,3332.60000000,0.02270000,3334.2
1749262850,3332.59000000,0.00310000,3334.2
1749262850,3332.54000000,0.39600000,3334.2
1749262850,3332.43000000,0.00310000,3334.2
1749262850,3332.40000000,0.15580000,3334.2
1749262850,3332.34000000,0.44530000,3334.2
1749262850,3332.33000000,0.59380000,3334.2
1749262850,3332.31000000,0.00310000,3334.2
1749262850,3332.28000000,0.07800000,3334.2
1749262850,3332.22000000,0.00220000,3334.2
1749262850,3332.20000000,0.56740000,3334.2
1749262850,3332.19000000,0.00310000,3334.2
1749262850,3332.06000000,0.00310000,3334.2
1749262850,3332.01000000,1.17850000,3334.2
1749262850,3332.00000000,0.11500000,3334.2
1749262850,3331.91000000,1.18450000,3334.2
1749262850,3331.90000000,1.18160000,3334.2
1749262850,3331.82000000,1.18450000,3334.2
1749262850,3331.81000000,1.18860000,3334.2
1749262850,3331.80000000,2.35700000,3334.2
1749262850,3331.79000000,2.36300000,3334.2
1749262850,3331.77000000,3.99080000,3334.2
1749262850,3331.76000000,1.17850000,3334.2
1749262850,3331.74000000,0.39600000,3334.2
1749262850,3331.68000000,0.00310000,3334.2
1749262850,3331.58000000,0.00310000,3334.2
1749262850,3331.46000000,0.00310000,3334.2
1749262850,3331.40000000,0.39600000,3334.2
1749262850,3331.39000000,0.08990000,3334.2
1749262850,3331.35000000,0.00310000,3334.2
1749262850,3331.34000000,1.18450000,3334.2
1749262850,3331.30000000,2.80230000,3334.2
1749262850,3331.29000000,0.60580000,3334.2
1749262850,3331.28000000,1.47740000,3334.2
1749262850,3331.23000000,0.60580000,3334.2
1749262850,3331.19000000,0.00310000,3334.2
1749262850,3331.18000000,0.00600000,3334.2
1749262850,3331.09000000,0.00310000,3334.2
1749262850,3331.06000000,2.65080000,3334.2
1749262850,3331.05000000,0.39600000,3334.2
1749262850,3330.96000000,0.00310000,3334.2
1749262850,3330.94000000,0.88360000,3334.2
1749262850,3330.93000000,1.32790000,3334.2
1749262850,3330.87000000,0.00310000,3334.2
1749262850,3330.78000000,0.00310000,3334.2
1749262850,3330.71000000,0.88360000,3334.2
1749262850,3330.70000000,2.65080000,3334.2
1749262850,3330.69000000,3.53750000,3334.2
1749262850,3330.68000000,3.53140000,3334.2
1749262850,3330.67000000,0.88250000,3334.2
1749262850,3330.66000000,0.06140000,3334.2
1749262850,3330.65000000,0.39600000,3334.2
1749262850,3330.62000000,0.88360000,3334.2
1749262850,3330.61000000,1.76510000,3334.2
1749263152,3333.95000000,0.16960000,3333.96
1749263152,3333.84000000,0.29970000,3333.96
1749263152,3333.77000000,0.15330000,3333.96
1749263152,3333.74000000,0.06500000,3333.96
1749263152,3333.71000000,0.07790000,3333.96
1749263152,3333.67000000,0.06500000,3333.96
1749263152,3333.61000000,0.47180000,3333.96
1749263152,3333.60000000,0.11770000,3333.96
1749263152,3333.59000000,0.12480000,3333.96
1749263152,3333.55000000,0.00310000,3333.96
1749263152,3333.53000000,0.06500000,3333.96
1749263152,3333.47000000,0.08280000,3333.96
1749263152,3333.46000000,0.12480000,3333.96
1749263152,3333.41000000,0.06340000,3333.96
1749263152,3333.40000000,0.13050000,3333.96
1749263152,3333.38000000,0.00310000,3333.96
1749263152,3333.34000000,0.06340000,3333.96
1749263152,3333.29000000,0.22450000,3333.96
1749263152,3333.28000000,0.13160000,3333.96
1749263152,3333.21000000,0.08270000,3333.96
1749263152,3333.20000000,0.12820000,3333.96
1749263152,3333.19000000,0.47190000,3333.96
1749263152,3333.13000000,0.07410000,3333.96
1749263152,3333.11000000,0.14450000,3333.96
1749263152,3333.08000000,0.00580000,3333.96
1749263152,3333.06000000,0.39600000,3333.96
1749263152,3333.01000000,0.06440000,3333.96
1749263152,3333.00000000,0.13050000,3333.96
1749263152,3332.99000000,0.08180000,3333.96
1749263152,3332.90000000,0.11240000,3333.96
1749263152,3332.89000000,0.03000000,3333.96
1749263152,3332.83000000,0.13040000,3333.96
1749263152,3332.80000000,0.13880000,3333.96
1749263152,3332.71000000,0.13210000,3333.96
1749263152,3332.65000000,0.07740000,3333.96
1749263152,3332.64000000,0.04500000,3333.96
1749263152,3332.60000000,0.02270000,3333.96
1749263152,3332.59000000,0.00310000,3333.96
1749263152,3332.55000000,0.13690000,3333.96
1749263152,3332.54000000,0.39600000,3333.96
1749263152,3332.43000000,0.00310000,3333.96
1749263152,3332.40000000,0.15580000,3333.96
1749263152,3332.33000000,0.59380000,3333.96
1749263152,3332.31000000,0.00310000,3333.96
1749263152,3332.22000000,0.00220000,3333.96
1749263152,3332.20000000,0.56740000,3333.96
1749263152,3332.19000000,0.00310000,3333.96
1749263152,3332.13000000,0.08990000,3333.96
1749263152,3332.06000000,0.00310000,3333.96
1749263152,3332.01000000,2.38080000,3333.96
1749263152,3332.00000000,1.21650000,3333.96
1749263152,3331.95000000,1.18940000,3333.96
1749263152,3331.94000000,1.19340000,3333.96
1749263152,3331.93000000,1.19340000,3333.96
1749263152,3331.92000000,1.18940000,3333.96
1749263152,3331.90000000,0.00310000,3333.96
1749263152,3331.87000000,1.19140000,3333.96
1749263152,3331.86000000,2.38280000,3333.96
1749263152,3331.85000000,1.19340000,3333.96
1749263152,3331.83000000,2.38180000,3333.96
1749263152,3331.82000000,1.19140000,3333.96
1749263152,3331.81000000,0.00310000,3333.96
1749263152,3331.77000000,0.00300000,3333.96
1749263152,3331.74000000,0.39600000,3333.96
1749263152,3331.68000000,0.00310000,3333.96
1749263152,3331.58000000,0.00310000,3333.96
1749263152,3331.53000000,0.08990000,3333.96
1749263152,3331.46000000,0.00310000,3333.96
1749263152,3331.40000000,0.39600000,3333.96
1749263152,3331.35000000,0.00310000,3333.96
1749263152,3331.29000000,1.05110000,3333.96
1749263152,3331.28000000,0.59380000,3333.96
1749263152,3331.24000000,0.88350000,3333.96
1749263152,3331.23000000,0.60580000,3333.96
1749263152,3331.19000000,0.00310000,3333.96
1749263152,3331.18000000,0.00600000,3333.96
1749263152,3331.10000000,1.76700000,3333.96
1749263152,3331.09000000,2.65360000,3333.96
1749263152,3331.08000000,0.88350000,3333.96
1749263152,3331.05000000,2.16300000,3333.96
1749263152,3330.99000000,0.88350000,3333.96
1749263152,3330.98000000,0.88350000,3333.96
1749263152,3330.97000000,0.88350000,3333.96
1749263152,3330.96000000,0.00310000,3333.96
1749263152,3330.94000000,0.88350000,3333.96
1749263152,3330.93000000,0.44530000,3333.96
1749263152,3330.87000000,0.00310000,3333.96
1749263152,3330.81000000,0.88250000,3333.96
1749263152,3330.80000000,0.88250000,3333.96
1749263152,3330.79000000,0.88250000,3333.96
1749263152,3330.78000000,1.77010000,3333.96
1749263152,3330.77000000,2.65050000,3333.96
1749263152,3330.76000000,2.65050000,3333.96
1749263152,3330.75000000,1.76700000,3333.96
1749263152,3330.73000000,2.65050000,3333.96
1749263152,3330.71000000,0.88350000,3333.96
1749263152,3330.69000000,0.00310000,3333.96
1749263152,3330.68000000,1.76700000,3333.96
1749263152,3330.66000000,0.94490000,3333.96
1749263152,3330.65000000,0.39600000,3333.96
1749263457,3333.53000000,0.51060000,3333.53
1749263457,3333.47000000,0.07970000,3333.53
1749263457,3333.46000000,0.12480000,3333.53
1749263457,3333.41000000,0.06340000,3333.53
1749263457,3333.40000000,0.13050000,3333.53
1749263457,3333.34000000,0.06340000,3333.53
1749263457,3333.29000000,0.00310000,3333.53
1749263457,3333.28000000,0.13160000,3333.53
1749263457,3333.23000000,0.07880000,3333.53
1749263457,3333.22000000,0.20460000,3333.53
1749263457,3333.21000000,0.08270000,3333.53
1749263457,3333.20000000,0.12820000,3333.53
1749263457,3333.19000000,0.14140000,3333.53
1749263457,3333.13000000,0.07410000,3333.53
1749263457,3333.11000000,0.14450000,3333.53
1749263457,3333.06000000,0.39600000,3333.53
1749263457,3333.01000000,0.06440000,3333.53
1749263457,3333.00000000,0.13350000,3333.53
1749263457,3332.99000000,0.08180000,3333.53
1749263457,3332.90000000,0.11240000,3333.53
1749263457,3332.89000000,0.35510000,3333.53
1749263457,3332.83000000,0.07050000,3333.53
1749263457,3332.80000000,0.13880000,3333.53
1749263457,3332.71000000,0.13210000,3333.53
1749263457,3332.65000000,0.07740000,3333.53
1749263457,3332.64000000,0.04500000,3333.53
1749263457,3332.60000000,0.02270000,3333.53
1749263457,3332.59000000,0.00310000,3333.53
1749263457,3332.54000000,0.39600000,3333.53
1749263457,3332.48000000,0.05990000,3333.53
1749263457,3332.43000000,0.00310000,3333.53
1749263457,3332.40000000,0.15580000,3333.53
1749263457,3332.31000000,0.00310000,3333.53
1749263457,3332.22000000,0.00220000,3333.53
1749263457,3332.21000000,0.13700000,3333.53
1749263457,3332.20000000,0.56740000,3333.53
1749263457,3332.19000000,0.00310000,3333.53
1749263457,3332.06000000,0.00310000,3333.53
1749263457,3332.00000000,1.22840000,3333.53
1749263457,3331.90000000,1.20640000,3333.53
1749263457,3331.89000000,2.40660000,3333.53
1749263457,3331.88000000,2.40660000,3333.53
1749263457,3331.81000000,0.00310000,3333.53
1749263457,3331.77000000,0.00300000,3333.53
1749263457,3331.76000000,0.08990000,3333.53
1749263457,3331.74000000,0.39600000,3333.53
1749263457,3331.68000000,0.00310000,3333.53
1749263457,3331.58000000,0.00310000,3333.53
1749263457,3331.46000000,0.00310000,3333.53
1749263457,3331.40000000,0.39600000,3333.53
1749263457,3331.35000000,0.00310000,3333.53
1749263457,3331.34000000,0.07600000,3333.53
1749263457,3331.28000000,0.59380000,3333.53
1749263457,3331.27000000,0.44530000,3333.53
1749263457,3331.20000000,0.08990000,3333.53
1749263457,3331.19000000,0.00310000,3333.53
1749263457,3331.18000000,0.00600000,3333.53
1749263457,3331.09000000,0.00310000,3333.53
1749263457,3331.05000000,0.39600000,3333.53
1749263457,3330.96000000,0.00310000,3333.53
1749263457,3330.94000000,0.88350000,3333.53
1749263457,3330.93000000,0.44530000,3333.53
1749263457,3330.87000000,0.00310000,3333.53
1749263457,3330.78000000,0.00310000,3333.53
1749263457,3330.69000000,0.00310000,3333.53
1749263457,3330.67000000,5.30100000,3333.53
1749263457,3330.66000000,0.06140000,3333.53
1749263457,3330.65000000,0.39600000,3333.53
1749263457,3330.60000000,1.76700000,3333.53
1749263457,3330.59000000,0.88660000,3333.53
1749263457,3330.58000000,0.44530000,3333.53
1749263457,3330.50000000,0.00310000,3333.53
1749263457,3330.41000000,0.00310000,3333.53
1749263457,3330.34000000,7.06800000,3333.53
1749263457,3330.33000000,3.53400000,3333.53
1749263457,3330.32000000,1.76700000,3333.53
1749263457,3330.31000000,2.36680000,3333.53
1749263457,3330.26000000,1.76700000,3333.53
1749263457,3330.25000000,1.77010000,3333.53
1749263457,3330.24000000,1.76700000,3333.53
1749263457,3330.23000000,1.48950000,3333.53
1749263457,3330.21000000,0.44530000,3333.53
1749263457,3330.19000000,0.39600000,3333.53
1749263457,3330.13000000,0.00310000,3333.53
1749263457,3330.06000000,1.76700000,3333.53
1749263457,3330.05000000,0.88350000,3333.53
1749263457,3330.04000000,0.88350000,3333.53
1749263457,3330.03000000,0.30000000,3333.53
1749263457,3330.00000000,0.26430000,3333.53
1749263457,3329.99000000,0.00310000,3333.53
1749263457,3329.90000000,0.00310000,3333.53
1749263457,3329.85000000,0.59380000,3333.53
1749263457,3329.82000000,0.44840000,3333.53
1749263457,3329.79000000,0.39600000,3333.53
1749263457,3329.72000000,0.08850000,3333.53
1749263457,3329.70000000,0.00310000,3333.53
1749263457,3329.69000000,0.00170000,3333.53
1749263457,3329.55000000,0.00310000,3333.53
1749263457,3329.47000000,0.00310000,3333.53
1749263457,3329.43000000,0.44530000,3333.53
1749263759,3333.60000000,1.55720000,3333.6
1749263759,3333.42000000,0.29970000,3333.6
1749263759,3333.40000000,0.13050000,3333.6
1749263759,3333.37000000,0.21690000,3333.6
1749263759,3333.31000000,0.14800000,3333.6
1749263759,3333.30000000,0.07500000,3333.6
1749263759,3333.29000000,0.15110000,3333.6
1749263759,3333.28000000,0.13160000,3333.6
1749263759,3333.23000000,0.07880000,3333.6
1749263759,3333.21000000,0.08270000,3333.6
1749263759,3333.20000000,0.12820000,3333.6
1749263759,3333.19000000,0.14140000,3333.6
1749263759,3333.13000000,0.07410000,3333.6
1749263759,3333.11000000,0.14450000,3333.6
1749263759,3333.06000000,0.72190000,3333.6
1749263759,3333.01000000,0.06440000,3333.6
1749263759,3333.00000000,0.13350000,3333.6
1749263759,3332.99000000,0.08180000,3333.6
1749263759,3332.90000000,0.11240000,3333.6
1749263759,3332.89000000,0.03000000,3333.6
1749263759,3332.83000000,0.07050000,3333.6
1749263759,3332.80000000,0.13880000,3333.6
1749263759,3332.71000000,0.13210000,3333.6
1749263759,3332.65000000,0.07740000,3333.6
1749263759,3332.64000000,0.04500000,3333.6
1749263759,3332.60000000,0.02270000,3333.6
1749263759,3332.59000000,0.08190000,3333.6
1749263759,3332.55000000,0.08620000,3333.6
1749263759,3332.54000000,0.39600000,3333.6
1749263759,3332.43000000,0.00310000,3333.6
1749263759,3332.40000000,0.21570000,3333.6
1749263759,3332.31000000,0.08280000,3333.6
1749263759,3332.25000000,0.13700000,3333.6
1749263759,3332.24000000,2.34500000,3333.6
1749263759,3332.22000000,0.00220000,3333.6
1749263759,3332.20000000,0.56740000,3333.6
1749263759,3332.19000000,0.00310000,3333.6
1749263759,3332.06000000,0.00310000,3333.6
1749263759,3332.00000000,0.02510000,3333.6
1749263759,3331.99000000,0.00460000,3333.6
1749263759,3331.90000000,0.00310000,3333.6
1749263759,3331.81000000,0.00310000,3333.6
1749263759,3331.77000000,0.00300000,3333.6
1749263759,3331.74000000,0.39600000,3333.6
1749263759,3331.68000000,0.09300000,3333.6
1749263759,3331.67000000,0.44530000,3333.6
1749263759,3331.58000000,0.00310000,3333.6
1749263759,3331.47000000,0.08990000,3333.6
1749263759,3331.46000000,0.00310000,3333.6
1749263759,3331.40000000,0.39600000,3333.6
1749263759,3331.35000000,0.00310000,3333.6
1749263759,3331.34000000,0.07600000,3333.6
1749263759,3331.28000000,0.59380000,3333.6
1749263759,3331.27000000,0.44530000,3333.6
1749263759,3331.23000000,0.60590000,3333.6
1749263759,3331.19000000,0.00310000,3333.6
1749263759,3331.18000000,0.00600000,3333.6
1749263759,3331.09000000,0.00310000,3333.6
1749263759,3331.05000000,0.39600000,3333.6
1749263759,3330.96000000,0.00310000,3333.6
1749263759,3330.93000000,0.44530000,3333.6
1749263759,3330.87000000,0.00310000,3333.6
1749263759,3330.78000000,0.00310000,3333.6
1749263759,3330.69000000,0.00310000,3333.6
1749263759,3330.66000000,0.06140000,3333.6
1749263759,3330.65000000,0.39600000,3333.6
1749263759,3330.60000000,0.87850000,3333.6
1749263759,3330.59000000,0.88160000,3333.6
1749263759,3330.58000000,0.44530000,3333.6
1749263759,3330.50000000,0.00310000,3333.6
1749263759,3330.43000000,1.75700000,3333.6
1749263759,3330.42000000,1.75700000,3333.6
1749263759,3330.41000000,0.00310000,3333.6
1749263759,3330.33000000,0.87850000,3333.6
1749263759,3330.32000000,0.87850000,3333.6
1749263759,3330.25000000,1.76010000,3333.6
1749263759,3330.24000000,1.75700000,3333.6
1749263759,3330.23000000,0.60600000,3333.6
1749263759,3330.22000000,1.75700000,3333.6
1749263759,3330.21000000,0.44530000,3333.6
1749263759,3330.20000000,0.87850000,3333.6
1749263759,3330.19000000,0.39600000,3333.6
1749263759,3330.13000000,0.00310000,3333.6
1749263759,3330.09000000,0.59990000,3333.6
1749263759,3330.06000000,0.87850000,3333.6
1749263759,3330.05000000,0.87850000,3333.6
1749263759,3330.04000000,3.51400000,3333.6
1749263759,3330.03000000,0.30000000,3333.6
1749263759,3330.01000000,0.87850000,3333.6
1749263759,3330.00000000,0.26430000,3333.6
1749263759,3329.99000000,0.00310000,3333.6
1749263759,3329.90000000,0.88160000,3333.6
1749263759,3329.89000000,0.87850000,3333.6
1749263759,3329.88000000,0.87850000,3333.6
1749263759,3329.87000000,0.87850000,3333.6
1749263759,3329.86000000,0.87850000,3333.6
1749263759,3329.85000000,0.59380000,3333.6
1749263759,3329.84000000,0.87850000,3333.6
1749263759,3329.83000000,0.87850000,3333.6
1749263759,3329.82000000,0.44840000,3333.6
1749264061,3334.19000000,0.22320000,3333.91
1749264061,3334.17000000,0.01490000,3333.91
1749264061,3334.15000000,0.02980000,3333.91
1749264061,3334.14000000,0.02980000,3333.91
1749264061,3334.13000000,0.08200000,3333.91
1749264061,3334.11000000,0.39600000,3333.91
1749264061,3334.07000000,0.08200000,3333.91
1749264061,3334.01000000,0.09570000,3333.91
1749264061,3334.00000000,0.13570000,3333.91
1749264061,3333.99000000,0.20830000,3333.91
1749264061,3333.96000000,0.36140000,3333.91
1749264061,3333.92000000,0.01490000,3333.91
1749264061,3333.90000000,0.08200000,3333.91
1749264061,3333.84000000,0.08200000,3333.91
1749264061,3333.80000000,0.13570000,3333.91
1749264061,3333.78000000,0.08200000,3333.91
1749264061,3333.75000000,0.01490000,3333.91
1749264061,3333.74000000,0.01490000,3333.91
1749264061,3333.73000000,0.04780000,3333.91
1749264061,3333.72000000,0.09680000,3333.91
1749264061,3333.70000000,0.01490000,3333.91
1749264061,3333.66000000,0.08200000,3333.91
1749264061,3333.61000000,0.32750000,3333.91
1749264061,3333.60000000,0.21770000,3333.91
1749264061,3333.57000000,0.00310000,3333.91
1749264061,3333.55000000,0.08200000,3333.91
1749264061,3333.53000000,0.23430000,3333.91
1749264061,3333.52000000,0.54660000,3333.91
1749264061,3333.51000000,0.01490000,3333.91
1749264061,3333.50000000,0.01490000,3333.91
1749264061,3333.48000000,0.11030000,3333.91
1749264061,3333.43000000,0.08050000,3333.91
1749264061,3333.42000000,0.00310000,3333.91
1749264061,3333.40000000,0.13050000,3333.91
1749264061,3333.34000000,0.07780000,3333.91
1749264061,3333.31000000,0.14800000,3333.91
1749264061,3333.29000000,0.15110000,3333.91
1749264061,3333.28000000,0.13160000,3333.91
1749264061,3333.23000000,0.07880000,3333.91
1749264061,3333.21000000,0.08270000,3333.91
1749264061,3333.20000000,0.12820000,3333.91
1749264061,3333.19000000,0.14140000,3333.91
1749264061,3333.13000000,0.07410000,3333.91
1749264061,3333.11000000,0.14450000,3333.91
1749264061,3333.06000000,0.39600000,3333.91
1749264061,3333.01000000,0.12430000,3333.91
1749264061,3333.00000000,0.13350000,3333.91
1749264061,3332.99000000,0.08180000,3333.91
1749264061,3332.90000000,0.11240000,3333.91
1749264061,3332.89000000,0.03000000,3333.91
1749264061,3332.83000000,0.07050000,3333.91
1749264061,3332.81000000,0.44530000,3333.91
1749264061,3332.80000000,0.13880000,3333.91
1749264061,3332.77000000,0.32660000,3333.91
1749264061,3332.71000000,0.00310000,3333.91
1749264061,3332.64000000,0.04500000,3333.91
1749264061,3332.60000000,0.15960000,3333.91
1749264061,3332.59000000,0.00310000,3333.91
1749264061,3332.54000000,0.39600000,3333.91
1749264061,3332.43000000,0.00310000,3333.91
1749264061,3332.41000000,2.36300000,3333.91
1749264061,3332.40000000,0.15580000,3333.91
1749264061,3332.36000000,0.44530000,3333.91
1749264061,3332.31000000,0.00310000,3333.91
1749264061,3332.22000000,2.36520000,3333.91
1749264061,3332.20000000,0.56740000,3333.91
1749264061,3332.19000000,0.00310000,3333.91
1749264061,3332.06000000,0.00310000,3333.91
1749264061,3332.04000000,1.18230000,3333.91
1749264061,3332.02000000,1.62760000,3333.91
1749264061,3332.00000000,0.02510000,3333.91
1749264061,3331.99000000,0.00460000,3333.91
1749264061,3331.90000000,0.00310000,3333.91
1749264061,3331.81000000,0.00310000,3333.91
1749264061,3331.77000000,0.00300000,3333.91
1749264061,3331.74000000,0.39600000,3333.91
1749264061,3331.71000000,0.08990000,3333.91
1749264061,3331.68000000,0.00310000,3333.91
1749264061,3331.67000000,0.44530000,3333.91
1749264061,3331.58000000,0.00310000,3333.91
1749264061,3331.46000000,0.00310000,3333.91
1749264061,3331.40000000,0.39600000,3333.91
1749264061,3331.35000000,0.00310000,3333.91
1749264061,3331.28000000,0.59380000,3333.91
1749264061,3331.27000000,0.44530000,3333.91
1749264061,3331.23000000,0.60590000,3333.91
1749264061,3331.19000000,0.00310000,3333.91
1749264061,3331.18000000,0.00600000,3333.91
1749264061,3331.17000000,0.08990000,3333.91
1749264061,3331.09000000,0.00310000,3333.91
1749264061,3331.06000000,1.76100000,3333.91
1749264061,3331.05000000,0.39600000,3333.91
1749264061,3330.96000000,0.00310000,3333.91
1749264061,3330.94000000,0.88050000,3333.91
1749264061,3330.93000000,2.20630000,3333.91
1749264061,3330.87000000,0.00310000,3333.91
1749264061,3330.78000000,0.00310000,3333.91
1749264061,3330.69000000,0.00310000,3333.91
1749264061,3330.68000000,1.76100000,3333.91
1749264061,3330.67000000,1.76100000,3333.91
1749264367,3334.31000000,0.05610000,3334.32
1749264367,3334.25000000,0.29960000,3334.32
1749264367,3334.22000000,0.01830000,3334.32
1749264367,3334.20000000,0.60670000,3334.32
1749264367,3334.19000000,0.01510000,3334.32
1749264367,3334.13000000,0.47240000,3334.32
1749264367,3334.07000000,0.19870000,3334.32
1749264367,3334.01000000,0.33080000,3334.32
1749264367,3334.00000000,0.47940000,3334.32
1749264367,3333.95000000,0.20810000,3334.32
1749264367,3333.93000000,0.21800000,3334.32
1749264367,3333.92000000,0.33080000,3334.32
1749264367,3333.91000000,0.33390000,3334.32
1749264367,3333.90000000,0.33080000,3334.32
1749264367,3333.88000000,0.39600000,3334.32
1749264367,3333.84000000,0.08200000,3334.32
1749264367,3333.82000000,0.00310000,3334.32
1749264367,3333.80000000,0.13570000,3334.32
1749264367,3333.78000000,0.08200000,3334.32
1749264367,3333.73000000,0.14310000,3334.32
1749264367,3333.72000000,0.08200000,3334.32
1749264367,3333.66000000,0.08200000,3334.32
1749264367,3333.60000000,0.21770000,3334.32
1749264367,3333.57000000,0.00310000,3334.32
1749264367,3333.55000000,0.08200000,3334.32
1749264367,3333.52000000,0.54660000,3334.32
1749264367,3333.48000000,0.08050000,3334.32
1749264367,3333.43000000,0.08050000,3334.32
1749264367,3333.42000000,0.00310000,3334.32
1749264367,3333.40000000,0.13050000,3334.32
1749264367,3333.36000000,0.07380000,3334.32
1749264367,3333.34000000,0.07780000,3334.32
1749264367,3333.31000000,0.14800000,3334.32
1749264367,3333.29000000,0.48780000,3334.32
1749264367,3333.28000000,0.13160000,3334.32
1749264367,3333.23000000,0.07880000,3334.32
1749264367,3333.21000000,0.08270000,3334.32
1749264367,3333.20000000,0.12820000,3334.32
1749264367,3333.19000000,0.20130000,3334.32
1749264367,3333.13000000,0.07410000,3334.32
1749264367,3333.11000000,0.14450000,3334.32
1749264367,3333.07000000,0.13690000,3334.32
1749264367,3333.06000000,0.39600000,3334.32
1749264367,3333.01000000,0.50970000,3334.32
1749264367,3333.00000000,1.15360000,3334.32
1749264367,3332.99000000,0.00310000,3334.32
1749264367,3332.91000000,0.41600000,3334.32
1749264367,3332.89000000,0.48940000,3334.32
1749264367,3332.83000000,0.25370000,3334.32
1749264367,3332.80000000,0.13880000,3334.32
1749264367,3332.71000000,0.00310000,3334.32
1749264367,3332.60000000,0.02270000,3334.32
1749264367,3332.59000000,0.00310000,3334.32
1749264367,3332.54000000,0.39600000,3334.32
1749264367,3332.43000000,0.00310000,3334.32
1749264367,3332.42000000,0.59380000,3334.32
1749264367,3332.40000000,0.15580000,3334.32
1749264367,3332.38000000,0.44530000,3334.32
1749264367,3332.31000000,0.00770000,3334.32
1749264367,3332.28000000,1.18140000,3334.32
1749264367,3332.27000000,1.17830000,3334.32
1749264367,3332.26000000,2.38670000,3334.32
1749264367,3332.25000000,1.17830000,3334.32
1749264367,3332.24000000,1.18140000,3334.32
1749264367,3332.20000000,0.56740000,3334.32
1749264367,3332.19000000,0.00310000,3334.32
1749264367,3332.06000000,0.00310000,3334.32
1749264367,3332.02000000,0.44530000,3334.32
1749264367,3332.01000000,0.08990000,3334.32
1749264367,3332.00000000,3.58600000,3334.32
1749264367,3331.91000000,2.38660000,3334.32
1749264367,3331.90000000,3.56500000,3334.32
1749264367,3331.81000000,0.00310000,3334.32
1749264367,3331.79000000,0.08990000,3334.32
1749264367,3331.77000000,0.00300000,3334.32
1749264367,3331.74000000,0.39600000,3334.32
1749264367,3331.68000000,0.00310000,3334.32
1749264367,3331.67000000,0.44530000,3334.32
1749264367,3331.58000000,0.00310000,3334.32
1749264367,3331.46000000,0.00310000,3334.32
1749264367,3331.44000000,0.88140000,3334.32
1749264367,3331.41000000,0.88150000,3334.32
1749264367,3331.40000000,0.39600000,3334.32
1749264367,3331.35000000,0.00310000,3334.32
1749264367,3331.33000000,0.88140000,3334.32
1749264367,3331.29000000,1.76300000,3334.32
1749264367,3331.28000000,1.47520000,3334.32
1749264367,3331.27000000,0.44530000,3334.32
1749264367,3331.23000000,0.60590000,3334.32
1749264367,3331.19000000,0.00310000,3334.32
1749264367,3331.18000000,0.00600000,3334.32
1749264367,3331.14000000,0.88140000,3334.32
1749264367,3331.13000000,0.88150000,3334.32
1749264367,3331.12000000,0.88150000,3334.32
1749264367,3331.11000000,0.88050000,3334.32
1749264367,3331.09000000,1.76500000,3334.32
1749264367,3331.08000000,0.88150000,3334.32
1749264367,3331.06000000,0.88150000,3334.32
1749264367,3331.05000000,0.39600000,3334.32
1749264367,3331.02000000,0.88140000,3334.32
1749264669,3334.77000000,0.30380000,3334.71
1749264669,3334.74000000,0.46760000,3334.71
1749264669,3334.72000000,0.23750000,3334.71
1749264669,3334.71000000,0.23010000,3334.71
1749264669,3334.70000000,0.46760000,3334.71
1749264669,3334.61000000,0.46760000,3334.71
1749264669,3334.60000000,0.17290000,3334.71
1749264669,3334.56000000,0.46960000,3334.71
1749264669,3334.55000000,0.46960000,3334.71
1749264669,3334.54000000,0.46960000,3334.71
1749264669,3334.53000000,0.45640000,3334.71
1749264669,3334.51000000,0.43820000,3334.71
1749264669,3334.45000000,0.25020000,3334.71
1749264669,3334.44000000,0.47100000,3334.71
1749264669,3334.42000000,0.39600000,3334.71
1749264669,3334.40000000,0.20240000,3334.71
1749264669,3334.39000000,0.23460000,3334.71
1749264669,3334.38000000,0.68490000,3334.71
1749264669,3334.36000000,0.00310000,3334.71
1749264669,3334.33000000,0.47100000,3334.71
1749264669,3334.31000000,0.47100000,3334.71
1749264669,3334.27000000,0.00310000,3334.71
1749264669,3334.26000000,0.47100000,3334.71
1749264669,3334.22000000,0.01830000,3334.71
1749264669,3334.20000000,0.13570000,3334.71
1749264669,3334.19000000,0.01510000,3334.71
1749264669,3334.13000000,0.47240000,3334.71
1749264669,3334.11000000,0.00310000,3334.71
1749264669,3334.07000000,0.19870000,3334.71
1749264669,3334.02000000,0.44530000,3334.71
1749264669,3334.01000000,0.33080000,3334.71
1749264669,3334.00000000,0.81830000,3334.71
1749264669,3333.96000000,0.00420000,3334.71
1749264669,3333.95000000,0.20810000,3334.71
1749264669,3333.92000000,0.33080000,3334.71
1749264669,3333.91000000,0.33390000,3334.71
1749264669,3333.88000000,0.39600000,3334.71
1749264669,3333.82000000,0.00310000,3334.71
1749264669,3333.80000000,0.13570000,3334.71
1749264669,3333.73000000,0.00310000,3334.71
1749264669,3333.60000000,0.13570000,3334.71
1749264669,3333.57000000,0.06300000,3334.71
1749264669,3333.56000000,0.13690000,3334.71
1749264669,3333.53000000,0.44530000,3334.71
1749264669,3333.52000000,0.39600000,3334.71
1749264669,3333.42000000,0.00310000,3334.71
1749264669,3333.40000000,0.13050000,3334.71
1749264669,3333.29000000,0.00310000,3334.71
1749264669,3333.20000000,0.12820000,3334.71
1749264669,3333.11000000,0.00310000,3334.71
1749264669,3333.06000000,0.39600000,3334.71
1749264669,3333.01000000,0.44530000,3334.71
1749264669,3333.00000000,1.15360000,3334.71
1749264669,3332.99000000,0.00310000,3334.71
1749264669,3332.89000000,0.03000000,3334.71
1749264669,3332.83000000,0.00310000,3334.71
1749264669,3332.80000000,0.13880000,3334.71
1749264669,3332.78000000,0.00220000,3334.71
1749264669,3332.71000000,0.00310000,3334.71
1749264669,3332.60000000,0.02270000,3334.71
1749264669,3332.59000000,0.00310000,3334.71
1749264669,3332.54000000,0.39600000,3334.71
1749264669,3332.44000000,1.18940000,3334.71
1749264669,3332.43000000,0.09300000,3334.71
1749264669,3332.42000000,1.78410000,3334.71
1749264669,3332.40000000,2.37880000,3334.71
1749264669,3332.39000000,1.18940000,3334.71
1749264669,3332.38000000,4.01520000,3334.71
1749264669,3332.31000000,0.00310000,3334.71
1749264669,3332.29000000,0.08990000,3334.71
1749264669,3332.20000000,0.39600000,3334.71
1749264669,3332.19000000,0.00310000,3334.71
1749264669,3332.09000000,0.09800000,3334.71
1749264669,3332.06000000,0.00310000,3334.71
1749264669,3332.04000000,1.19930000,3334.71
1749264669,3332.02000000,0.44530000,3334.71
1749264669,3332.01000000,0.87850000,3334.71
1749264669,3332.00000000,0.02510000,3334.71
1749264669,3331.95000000,0.87850000,3334.71
1749264669,3331.92000000,0.87850000,3334.71
1749264669,3331.90000000,0.00310000,3334.71
1749264669,3331.89000000,2.07690000,3334.71
1749264669,3331.81000000,0.00310000,3334.71
1749264669,3331.77000000,0.00300000,3334.71
1749264669,3331.76000000,0.87850000,3334.71
1749264669,3331.75000000,1.75700000,3334.71
1749264669,3331.74000000,0.39600000,3334.71
1749264669,3331.69000000,0.87850000,3334.71
1749264669,3331.68000000,1.76010000,3334.71
1749264669,3331.67000000,1.32380000,3334.71
1749264669,3331.58000000,0.00310000,3334.71
1749264669,3331.50000000,1.75700000,3334.71
1749264669,3331.49000000,1.75700000,3334.71
1749264669,3331.48000000,2.63550000,3334.71
1749264669,3331.47000000,0.87850000,3334.71
1749264669,3331.46000000,0.00310000,3334.71
1749264669,3331.41000000,0.87850000,3334.71
1749264669,3331.40000000,1.27450000,3334.71
1749264669,3331.35000000,0.00310000,3334.71
1749264669,3331.34000000,0.87850000,3334.71
1749264971,3334.99000000,0.58800000,3334.99
1749264971,3334.98000000,0.76280000,3334.99
1749264971,3334.92000000,0.46320000,3334.99
1749264971,3334.82000000,0.46320000,3334.99
1749264971,3334.80000000,0.20060000,3334.99
1749264971,3334.74000000,0.46760000,3334.99
1749264971,3334.72000000,0.23750000,3334.99
1749264971,3334.64000000,0.24250000,3334.99
1749264971,3334.63000000,0.44530000,3334.99
1749264971,3334.60000000,0.17290000,3334.99
1749264971,3334.58000000,0.25280000,3334.99
1749264971,3334.56000000,0.46960000,3334.99
1749264971,3334.54000000,0.46960000,3334.99
1749264971,3334.47000000,0.00310000,3334.99
1749264971,3334.45000000,0.25020000,3334.99
1749264971,3334.42000000,0.39600000,3334.99
1749264971,3334.40000000,0.20240000,3334.99
1749264971,3334.36000000,0.00310000,3334.99
1749264971,3334.27000000,0.42840000,3334.99
1749264971,3334.26000000,0.47100000,3334.99
1749264971,3334.22000000,0.01830000,3334.99
1749264971,3334.20000000,0.13570000,3334.99
1749264971,3334.19000000,0.01510000,3334.99
1749264971,3334.13000000,0.47240000,3334.99
1749264971,3334.11000000,0.00310000,3334.99
1749264971,3334.07000000,0.19870000,3334.99
1749264971,3334.02000000,0.44530000,3334.99
1749264971,3334.01000000,0.33080000,3334.99
1749264971,3334.00000000,0.80830000,3334.99
1749264971,3333.95000000,0.20810000,3334.99
1749264971,3333.91000000,0.00310000,3334.99
1749264971,3333.89000000,0.29130000,3334.99
1749264971,3333.88000000,0.39600000,3334.99
1749264971,3333.82000000,0.25280000,3334.99
1749264971,3333.81000000,0.13690000,3334.99
1749264971,3333.80000000,0.13570000,3334.99
1749264971,3333.76000000,0.05990000,3334.99
1749264971,3333.73000000,0.00310000,3334.99
1749264971,3333.60000000,0.13570000,3334.99
1749264971,3333.57000000,0.00310000,3334.99
1749264971,3333.53000000,0.44530000,3334.99
1749264971,3333.52000000,0.39600000,3334.99
1749264971,3333.42000000,0.00310000,3334.99
1749264971,3333.40000000,0.13050000,3334.99
1749264971,3333.29000000,0.00310000,3334.99
1749264971,3333.20000000,1.30470000,3334.99
1749264971,3333.11000000,0.00310000,3334.99
1749264971,3333.06000000,0.39600000,3334.99
1749264971,3333.01000000,0.44530000,3334.99
1749264971,3333.00000000,1.15360000,3334.99
1749264971,3332.99000000,0.00770000,3334.99
1749264971,3332.89000000,0.03000000,3334.99
1749264971,3332.88000000,0.08990000,3334.99
1749264971,3332.83000000,0.00310000,3334.99
1749264971,3332.82000000,0.87660000,3334.99
1749264971,3332.80000000,0.13880000,3334.99
1749264971,3332.71000000,0.00310000,3334.99
1749264971,3332.59000000,0.00310000,3334.99
1749264971,3332.56000000,2.62980000,3334.99
1749264971,3332.55000000,1.75320000,3334.99
1749264971,3332.54000000,0.39600000,3334.99
1749264971,3332.45000000,0.87660000,3334.99
1749264971,3332.43000000,0.00310000,3334.99
1749264971,3332.42000000,2.34700000,3334.99
1749264971,3332.38000000,0.44530000,3334.99
1749264971,3332.37000000,0.08990000,3334.99
1749264971,3332.36000000,0.87660000,3334.99
1749264971,3332.35000000,0.87660000,3334.99
1749264971,3332.34000000,0.87660000,3334.99
1749264971,3332.33000000,1.75320000,3334.99
1749264971,3332.31000000,0.00310000,3334.99
1749264971,3332.23000000,1.75320000,3334.99
1749264971,3332.22000000,0.87660000,3334.99
1749264971,3332.21000000,0.87660000,3334.99
1749264971,3332.20000000,0.39600000,3334.99
1749264971,3332.19000000,0.00310000,3334.99
1749264971,3332.12000000,1.75320000,3334.99
1749264971,3332.11000000,0.87660000,3334.99
1749264971,3332.10000000,0.87660000,3334.99
1749264971,3332.09000000,0.09800000,3334.99
1749264971,3332.06000000,1.75630000,3334.99
1749264971,3332.05000000,0.87660000,3334.99
1749264971,3332.04000000,0.87660000,3334.99
1749264971,3332.03000000,1.75410000,3334.99
1749264971,3332.02000000,0.44530000,3334.99
1749264971,3332.00000000,0.90260000,3334.99
1749264971,3331.96000000,5.25960000,3334.99
1749264971,3331.91000000,0.87550000,3334.99
1749264971,3331.90000000,0.88060000,3334.99
1749264971,3331.81000000,0.00310000,3334.99
1749264971,3331.77000000,0.00300000,3334.99
1749264971,3331.74000000,0.39600000,3334.99
1749264971,3331.71000000,0.09050000,3334.99
1749264971,3331.68000000,0.00310000,3334.99
1749264971,3331.67000000,0.44530000,3334.99
1749264971,3331.58000000,0.00310000,3334.99
1749264971,3331.56000000,0.59970000,3334.99
1749264971,3331.46000000,0.00310000,3334.99
1749264971,3331.40000000,0.39600000,3334.99
1749264971,3331.35000000,0.00310000,3334.99
1749265272,3335.21000000,0.38120000,3335.21
1749265272,3335.20000000,0.29960000,3335.21
1749265272,3335.11000000,0.35390000,3335.21
1749265272,3335.08000000,0.25520000,3335.21
1749265272,3335.02000000,0.23810000,3335.21
1749265272,3335.01000000,0.23190000,3335.21
1749265272,3335.00000000,1.89110000,3335.21
1749265272,3334.93000000,0.00310000,3335.21
1749265272,3334.92000000,0.25140000,3335.21
1749265272,3334.87000000,0.39600000,3335.21
1749265272,3334.86000000,0.23710000,3335.21
1749265272,3334.82000000,0.46320000,3335.21
1749265272,3334.80000000,0.20370000,3335.21
1749265272,3334.77000000,0.25140000,3335.21
1749265272,3334.76000000,0.24500000,3335.21
1749265272,3334.74000000,0.46760000,3335.21
1749265272,3334.72000000,0.23750000,3335.21
1749265272,3334.70000000,0.00310000,3335.21
1749265272,3334.60000000,0.17290000,3335.21
1749265272,3334.58000000,0.00310000,3335.21
1749265272,3334.49000000,0.32170000,3335.21
1749265272,3334.47000000,0.00310000,3335.21
1749265272,3334.42000000,0.39600000,3335.21
1749265272,3334.40000000,0.20240000,3335.21
1749265272,3334.36000000,0.00310000,3335.21
1749265272,3334.27000000,0.00310000,3335.21
1749265272,3334.22000000,0.01830000,3335.21
1749265272,3334.20000000,0.13570000,3335.21
1749265272,3334.19000000,0.01510000,3335.21
1749265272,3334.11000000,0.00310000,3335.21
1749265272,3334.01000000,0.13690000,3335.21
1749265272,3334.00000000,0.48250000,3335.21
1749265272,3333.91000000,0.00310000,3335.21
1749265272,3333.88000000,0.39600000,3335.21
1749265272,3333.82000000,0.00310000,3335.21
1749265272,3333.80000000,0.13570000,3335.21
1749265272,3333.73000000,0.00310000,3335.21
1749265272,3333.61000000,1.18950000,3335.21
1749265272,3333.60000000,0.13570000,3335.21
1749265272,3333.57000000,0.00310000,3335.21
1749265272,3333.55000000,1.19410000,3335.21
1749265272,3333.54000000,0.59380000,3335.21
1749265272,3333.53000000,0.44530000,3335.21
1749265272,3333.52000000,2.78460000,3335.21
1749265272,3333.42000000,0.00310000,3335.21
1749265272,3333.40000000,0.13050000,3335.21
1749265272,3333.29000000,0.00310000,3335.21
1749265272,3333.20000000,0.00310000,3335.21
1749265272,3333.11000000,2.40970000,3335.21
1749265272,3333.10000000,3.70080000,3335.21
1749265272,3333.06000000,0.39600000,3335.21
1749265272,3333.01000000,0.44530000,3335.21
1749265272,3333.00000000,1.02310000,3335.21
1749265272,3332.99000000,0.00310000,3335.21
1749265272,3332.89000000,0.03000000,3335.21
1749265272,3332.87000000,0.08990000,3335.21
1749265272,3332.83000000,0.00310000,3335.21
1749265272,3332.71000000,0.00310000,3335.21
1749265272,3332.59000000,0.00310000,3335.21
1749265272,3332.54000000,0.39600000,3335.21
1749265272,3332.44000000,0.87350000,3335.21
1749265272,3332.43000000,0.87750000,3335.21
1749265272,3332.42000000,0.59380000,3335.21
1749265272,3332.39000000,0.87350000,3335.21
1749265272,3332.38000000,0.44530000,3335.21
1749265272,3332.31000000,0.00310000,3335.21
1749265272,3332.29000000,1.74880000,3335.21
1749265272,3332.28000000,0.87350000,3335.21
1749265272,3332.27000000,1.74700000,3335.21
1749265272,3332.26000000,2.62050000,3335.21
1749265272,3332.23000000,0.93480000,3335.21
1749265272,3332.22000000,0.60560000,3335.21
1749265272,3332.21000000,1.74710000,3335.21
1749265272,3332.20000000,2.14390000,3335.21
1749265272,3332.19000000,0.00310000,3335.21
1749265272,3332.17000000,0.00160000,3335.21
1749265272,3332.16000000,0.87350000,3335.21
1749265272,3332.15000000,0.87350000,3335.21
1749265272,3332.10000000,0.87440000,3335.21
1749265272,3332.09000000,1.84600000,3335.21
1749265272,3332.06000000,0.87750000,3335.21
1749265272,3332.05000000,0.87350000,3335.21
1749265272,3332.03000000,0.87440000,3335.21
1749265272,3332.02000000,1.31880000,3335.21
1749265272,3332.01000000,1.74890000,3335.21
1749265272,3332.00000000,0.89960000,3335.21
1749265272,3331.96000000,0.87350000,3335.21
1749265272,3331.95000000,0.87440000,3335.21
1749265272,3331.92000000,0.87350000,3335.21
1749265272,3331.90000000,0.00310000,3335.21
1749265272,3331.83000000,1.74880000,3335.21
1749265272,3331.82000000,1.74790000,3335.21
1749265272,3331.81000000,0.00310000,3335.21
1749265272,3331.77000000,0.00300000,3335.21
1749265272,3331.75000000,1.74880000,3335.21
1749265272,3331.74000000,0.39600000,3335.21
1749265272,3331.68000000,0.00310000,3335.21
1749265272,3331.67000000,0.44530000,3335.21
1749265272,3331.61000000,0.09070000,3335.21
1749265272,3331.58000000,0.00310000,3335.21
1749265579,3335.45000000,0.79130000,3335.46
1749265579,3335.40000000,0.44950000,3335.46
1749265579,3335.39000000,0.29950000,3335.46
1749265579,3335.28000000,0.28920000,3335.46
1749265579,3335.27000000,0.29740000,3335.46
1749265579,3335.24000000,0.52680000,3335.46
1749265579,3335.21000000,0.37810000,3335.46
1749265579,3335.20000000,0.61530000,3335.46
1749265579,3335.15000000,0.17060000,3335.46
1749265579,3335.11000000,0.35390000,3335.46
1749265579,3335.08000000,0.25520000,3335.46
1749265579,3335.05000000,0.00310000,3335.46
1749265579,3335.02000000,0.23810000,3335.46
1749265579,3335.01000000,0.23190000,3335.46
1749265579,3335.00000000,1.89410000,3335.46
1749265579,3334.93000000,0.00310000,3335.46
1749265579,3334.92000000,0.25140000,3335.46
1749265579,3334.88000000,0.32510000,3335.46
1749265579,3334.87000000,0.39600000,3335.46
1749265579,3334.86000000,0.23710000,3335.46
1749265579,3334.82000000,0.46320000,3335.46
1749265579,3334.80000000,0.20370000,3335.46
1749265579,3334.77000000,0.25140000,3335.46
1749265579,3334.72000000,0.23750000,3335.46
1749265579,3334.70000000,0.00310000,3335.46
1749265579,3334.60000000,0.17290000,3335.46
1749265579,3334.58000000,0.00310000,3335.46
1749265579,3334.54000000,0.44530000,3335.46
1749265579,3334.47000000,0.00310000,3335.46
1749265579,3334.42000000,0.39600000,3335.46
1749265579,3334.40000000,0.20240000,3335.46
1749265579,3334.36000000,0.00310000,3335.46
1749265579,3334.27000000,0.00310000,3335.46
1749265579,3334.22000000,0.01830000,3335.46
1749265579,3334.21000000,0.13690000,3335.46
1749265579,3334.20000000,0.13570000,3335.46
1749265579,3334.13000000,0.01660000,3335.46
1749265579,3334.11000000,0.00310000,3335.46
1749265579,3334.00000000,0.48250000,3335.46
1749265579,3333.91000000,0.00310000,3335.46
1749265579,3333.90000000,1.16840000,3335.46
1749265579,3333.89000000,0.44530000,3335.46
1749265579,3333.88000000,0.39600000,3335.46
1749265579,3333.82000000,0.00310000,3335.46
1749265579,3333.80000000,0.13570000,3335.46
1749265579,3333.73000000,0.00310000,3335.46
1749265579,3333.60000000,0.13570000,3335.46
1749265579,3333.57000000,0.00310000,3335.46
1749265579,3333.55000000,1.17300000,3335.46
1749265579,3333.54000000,0.59380000,3335.46
1749265579,3333.53000000,0.44530000,3335.46
1749265579,3333.52000000,1.56440000,3335.46
1749265579,3333.42000000,0.00310000,3335.46
1749265579,3333.40000000,0.13050000,3335.46
1749265579,3333.29000000,0.00310000,3335.46
1749265579,3333.22000000,0.08990000,3335.46
1749265579,3333.20000000,0.00310000,3335.46
1749265579,3333.11000000,0.00310000,3335.46
1749265579,3333.06000000,0.39600000,3335.46
1749265579,3333.01000000,0.44530000,3335.46
1749265579,3333.00000000,1.02010000,3335.46
1749265579,3332.99000000,0.00310000,3335.46
1749265579,3332.96000000,0.08990000,3335.46
1749265579,3332.89000000,0.03000000,3335.46
1749265579,3332.83000000,0.00310000,3335.46
1749265579,3332.71000000,0.00310000,3335.46
1749265579,3332.59000000,0.00310000,3335.46
1749265579,3332.55000000,1.74720000,3335.46
1749265579,3332.54000000,0.39600000,3335.46
1749265579,3332.48000000,0.87360000,3335.46
1749265579,3332.47000000,1.74720000,3335.46
1749265579,3332.46000000,0.87360000,3335.46
1749265579,3332.43000000,0.00310000,3335.46
1749265579,3332.42000000,0.59380000,3335.46
1749265579,3332.40000000,0.87360000,3335.46
1749265579,3332.39000000,1.74720000,3335.46
1749265579,3332.38000000,0.44530000,3335.46
1749265579,3332.34000000,0.87360000,3335.46
1749265579,3332.33000000,1.74720000,3335.46
1749265579,3332.31000000,0.00310000,3335.46
1749265579,3332.30000000,0.87360000,3335.46
1749265579,3332.26000000,0.87360000,3335.46
1749265579,3332.25000000,0.87360000,3335.46
1749265579,3332.23000000,0.06130000,3335.46
1749265579,3332.22000000,1.47920000,3335.46
1749265579,3332.20000000,3.01680000,3335.46
1749265579,3332.19000000,0.00310000,3335.46
1749265579,3332.15000000,1.74720000,3335.46
1749265579,3332.14000000,1.74720000,3335.46
1749265579,3332.11000000,1.74720000,3335.46
1749265579,3332.10000000,3.49440000,3335.46
1749265579,3332.09000000,0.09800000,3335.46
1749265579,3332.06000000,0.00310000,3335.46
1749265579,3332.04000000,2.62080000,3335.46
1749265579,3332.03000000,2.62080000,3335.46
1749265579,3332.02000000,2.19250000,3335.46
1749265579,3332.00000000,0.02510000,3335.46
1749265579,3331.90000000,0.00310000,3335.46
1749265579,3331.81000000,0.00310000,3335.46
1749265579,3331.77000000,0.00300000,3335.46
1749265880,3335.26000000,1.16430000,3335.27
1749265880,3335.23000000,0.13420000,3335.27
1749265880,3335.20000000,0.19490000,3335.27
1749265880,3335.18000000,0.29960000,3335.27
1749265880,3335.12000000,0.12940000,3335.27
1749265880,3335.05000000,0.27920000,3335.27
1749265880,3335.01000000,0.08240000,3335.27
1749265880,3335.00000000,0.19490000,3335.27
1749265880,3334.94000000,0.07120000,3335.27
1749265880,3334.93000000,0.07120000,3335.27
1749265880,3334.92000000,0.46720000,3335.27
1749265880,3334.91000000,0.06500000,3335.27
1749265880,3334.90000000,0.13820000,3335.27
1749265880,3334.86000000,0.00310000,3335.27
1749265880,3334.84000000,0.07350000,3335.27
1749265880,3334.80000000,0.20520000,3335.27
1749265880,3334.78000000,0.07350000,3335.27
1749265880,3334.71000000,0.09650000,3335.27
1749265880,3334.69000000,0.00310000,3335.27
1749265880,3334.63000000,0.15020000,3335.27
1749265880,3334.61000000,0.11530000,3335.27
1749265880,3334.60000000,0.28560000,3335.27
1749265880,3334.54000000,0.08040000,3335.27
1749265880,3334.50000000,0.00310000,3335.27
1749265880,3334.48000000,0.08040000,3335.27
1749265880,3334.42000000,0.08040000,3335.27
1749265880,3334.40000000,0.20520000,3335.27
1749265880,3334.37000000,0.00310000,3335.27
1749265880,3334.36000000,0.08040000,3335.27
1749265880,3334.30000000,0.08040000,3335.27
1749265880,3334.28000000,0.00310000,3335.27
1749265880,3334.24000000,0.08040000,3335.27
1749265880,3334.23000000,0.32500000,3335.27
1749265880,3334.18000000,0.08040000,3335.27
1749265880,3334.12000000,0.08350000,3335.27
1749265880,3334.07000000,0.13690000,3335.27
1749265880,3334.06000000,0.08040000,3335.27
1749265880,3334.05000000,0.36770000,3335.27
1749265880,3334.01000000,0.08040000,3335.27
1749265880,3334.00000000,1.40110000,3335.27
1749265880,3333.97000000,0.00310000,3335.27
1749265880,3333.88000000,0.15120000,3335.27
1749265880,3333.81000000,0.11030000,3335.27
1749265880,3333.80000000,0.13570000,3335.27
1749265880,3333.74000000,0.08040000,3335.27
1749265880,3333.70000000,0.00310000,3335.27
1749265880,3333.68000000,0.08040000,3335.27
1749265880,3333.63000000,0.44530000,3335.27
1749265880,3333.60000000,0.13570000,3335.27
1749265880,3333.57000000,0.00310000,3335.27
1749265880,3333.55000000,0.00460000,3335.27
1749265880,3333.52000000,0.39600000,3335.27
1749265880,3333.42000000,0.00310000,3335.27
1749265880,3333.40000000,0.13050000,3335.27
1749265880,3333.29000000,0.00310000,3335.27
1749265880,3333.28000000,0.87740000,3335.27
1749265880,3333.27000000,0.03000000,3335.27
1749265880,3333.26000000,0.00460000,3335.27
1749265880,3333.24000000,0.87740000,3335.27
1749265880,3333.23000000,1.75480000,3335.27
1749265880,3333.22000000,2.63220000,3335.27
1749265880,3333.21000000,0.44530000,3335.27
1749265880,3333.20000000,0.00310000,3335.27
1749265880,3333.11000000,2.63530000,3335.27
1749265880,3333.10000000,2.63220000,3335.27
1749265880,3333.09000000,5.26440000,3335.27
1749265880,3333.08000000,2.63220000,3335.27
1749265880,3333.07000000,0.87740000,3335.27
1749265880,3333.06000000,0.39600000,3335.27
1749265880,3333.05000000,0.87740000,3335.27
1749265880,3333.04000000,0.87740000,3335.27
1749265880,3333.03000000,1.75480000,3335.27
1749265880,3333.01000000,0.87740000,3335.27
1749265880,3333.00000000,1.89750000,3335.27
1749265880,3332.99000000,0.00310000,3335.27
1749265880,3332.96000000,0.87740000,3335.27
1749265880,3332.95000000,0.87740000,3335.27
1749265880,3332.94000000,0.87740000,3335.27
1749265880,3332.93000000,2.63220000,3335.27
1749265880,3332.92000000,1.75480000,3335.27
1749265880,3332.91000000,1.19120000,3335.27
1749265880,3332.89000000,0.03000000,3335.27
1749265880,3332.86000000,0.07800000,3335.27
1749265880,3332.83000000,0.00310000,3335.27
1749265880,3332.79000000,0.08990000,3335.27
1749265880,3332.71000000,0.00310000,3335.27
1749265880,3332.59000000,0.00310000,3335.27
1749265880,3332.54000000,0.39600000,3335.27
1749265880,3332.43000000,0.44840000,3335.27
1749265880,3332.42000000,0.59380000,3335.27
1749265880,3332.31000000,0.00310000,3335.27
1749265880,3332.20000000,0.39600000,3335.27
1749265880,3332.19000000,0.00310000,3335.27
1749265880,3332.07000000,0.08990000,3335.27
1749265880,3332.06000000,0.00310000,3335.27
1749265880,3332.03000000,2.35840000,3335.27
1749265880,3332.02000000,0.44530000,3335.27
1749265880,3332.00000000,0.02510000,3335.27
1749265880,3331.95000000,2.35840000,3335.27
1749265880,3331.90000000,0.00310000,3335.27
1749266182,3335.34000000,0.91350000,3335.28
1749266182,3335.33000000,0.02970000,3335.28
1749266182,3335.32000000,0.01490000,3335.28
1749266182,3335.28000000,0.11640000,3335.28
1749266182,3335.27000000,0.11880000,3335.28
1749266182,3335.20000000,0.46170000,3335.28
1749266182,3335.17000000,0.29960000,3335.28
1749266182,3335.02000000,0.08590000,3335.28
1749266182,3335.01000000,0.02980000,3335.28
1749266182,3335.00000000,0.11630000,3335.28
1749266182,3334.94000000,0.16010000,3335.28
1749266182,3334.92000000,0.09570000,3335.28
1749266182,3334.91000000,0.01490000,3335.28
1749266182,3334.86000000,0.39600000,3335.28
1749266182,3334.83000000,0.10390000,3335.28
1749266182,3334.80000000,0.12550000,3335.28
1749266182,3334.79000000,0.08410000,3335.28
1749266182,3334.71000000,0.07960000,3335.28
1749266182,3334.69000000,0.07570000,3335.28
1749266182,3334.65000000,0.08140000,3335.28
1749266182,3334.61000000,0.00310000,3335.28
1749266182,3334.60000000,0.20520000,3335.28
1749266182,3334.52000000,0.08990000,3335.28
1749266182,3334.50000000,0.11710000,3335.28
1749266182,3334.44000000,0.39600000,3335.28
1749266182,3334.42000000,0.06470000,3335.28
1749266182,3334.41000000,0.06730000,3335.28
1749266182,3334.40000000,0.20520000,3335.28
1749266182,3334.37000000,0.00310000,3335.28
1749266182,3334.34000000,0.44530000,3335.28
1749266182,3334.28000000,0.00310000,3335.28
1749266182,3334.26000000,0.07130000,3335.28
1749266182,3334.25000000,1.19440000,3335.28
1749266182,3334.24000000,1.19440000,3335.28
1749266182,3334.23000000,0.32500000,3335.28
1749266182,3334.12000000,0.00310000,3335.28
1749266182,3334.08000000,2.38960000,3335.28
1749266182,3334.03000000,0.00460000,3335.28
1749266182,3334.01000000,1.19440000,3335.28
1749266182,3334.00000000,1.40110000,3335.28
1749266182,3333.97000000,0.00310000,3335.28
1749266182,3333.83000000,0.13690000,3335.28
1749266182,3333.82000000,1.19520000,3335.28
1749266182,3333.81000000,1.19830000,3335.28
1749266182,3333.79000000,1.19520000,3335.28
1749266182,3333.70000000,0.00310000,3335.28
1749266182,3333.64000000,1.75500000,3335.28
1749266182,3333.63000000,0.44530000,3335.28
1749266182,3333.57000000,0.00310000,3335.28
1749266182,3333.54000000,1.75500000,3335.28
1749266182,3333.53000000,1.75400000,3335.28
1749266182,3333.52000000,0.39600000,3335.28
1749266182,3333.51000000,0.00220000,3335.28
1749266182,3333.42000000,0.00310000,3335.28
1749266182,3333.32000000,1.75100000,3335.28
1749266182,3333.31000000,2.62950000,3335.28
1749266182,3333.30000000,2.63250000,3335.28
1749266182,3333.29000000,2.63560000,3335.28
1749266182,3333.27000000,0.90550000,3335.28
1749266182,3333.25000000,0.87650000,3335.28
1749266182,3333.24000000,0.87750000,3335.28
1749266182,3333.22000000,1.75300000,3335.28
1749266182,3333.21000000,0.44530000,3335.28
1749266182,3333.20000000,0.00310000,3335.28
1749266182,3333.15000000,0.87550000,3335.28
1749266182,3333.11000000,0.00310000,3335.28
1749266182,3333.06000000,0.39600000,3335.28
1749266182,3333.02000000,0.87550000,3335.28
1749266182,3333.01000000,0.87650000,3335.28
1749266182,3333.00000000,1.89760000,3335.28
1749266182,3332.99000000,0.00310000,3335.28
1749266182,3332.97000000,0.60550000,3335.28
1749266182,3332.89000000,0.03000000,3335.28
1749266182,3332.83000000,0.00310000,3335.28
1749266182,3332.71000000,0.00310000,3335.28
1749266182,3332.62000000,0.08990000,3335.28
1749266182,3332.59000000,0.00310000,3335.28
1749266182,3332.55000000,0.06050000,3335.28
1749266182,3332.54000000,0.39600000,3335.28
1749266182,3332.43000000,0.44840000,3335.28
1749266182,3332.42000000,0.59380000,3335.28
1749266182,3332.33000000,1.74880000,3335.28
1749266182,3332.32000000,0.29980000,3335.28
1749266182,3332.31000000,0.00310000,3335.28
1749266182,3332.26000000,0.08990000,3335.28
1749266182,3332.21000000,0.87440000,3335.28
1749266182,3332.20000000,0.39600000,3335.28
1749266182,3332.19000000,0.00310000,3335.28
1749266182,3332.06000000,0.00310000,3335.28
1749266182,3332.03000000,1.74930000,3335.28
1749266182,3332.02000000,0.44530000,3335.28
1749266182,3332.00000000,0.02510000,3335.28
1749266182,3331.90000000,0.00310000,3335.28
1749266182,3331.81000000,0.00310000,3335.28
1749266182,3331.77000000,0.00300000,3335.28
1749266182,3331.76000000,0.87450000,3335.28
1749266182,3331.75000000,2.62370000,3335.28
1749266182,3331.74000000,0.39600000,3335.28
1749266182,3331.68000000,1.75230000,3335.28
1749266182,3331.67000000,0.44530000,3335.28
1749266484,3334.33000000,1.64440000,3334.26
1749266484,3334.32000000,0.07450000,3334.26
1749266484,3334.26000000,0.08910000,3334.26
1749266484,3334.25000000,0.09810000,3334.26
1749266484,3334.21000000,0.20390000,3334.26
1749266484,3334.20000000,0.13450000,3334.26
1749266484,3334.04000000,0.11280000,3334.26
1749266484,3334.01000000,0.09660000,3334.26
1749266484,3334.00000000,0.14260000,3334.26
1749266484,3333.97000000,0.21460000,3334.26
1749266484,3333.96000000,0.10410000,3334.26
1749266484,3333.95000000,0.15480000,3334.26
1749266484,3333.93000000,0.00310000,3334.26
1749266484,3333.92000000,0.01480000,3334.26
1749266484,3333.86000000,0.07670000,3334.26
1749266484,3333.85000000,0.02980000,3334.26
1749266484,3333.81000000,0.44530000,3334.26
1749266484,3333.80000000,0.26770000,3334.26
1749266484,3333.79000000,0.00310000,3334.26
1749266484,3333.77000000,0.39600000,3334.26
1749266484,3333.68000000,0.07770000,3334.26
1749266484,3333.63000000,0.00310000,3334.26
1749266484,3333.60000000,0.11560000,3334.26
1749266484,3333.54000000,0.00310000,3334.26
1749266484,3333.47000000,0.44530000,3334.26
1749266484,3333.40000000,0.39250000,3334.26
1749266484,3333.38000000,0.00310000,3334.26
1749266484,3333.29000000,0.00310000,3334.26
1749266484,3333.27000000,0.03000000,3334.26
1749266484,3333.20000000,0.11900000,3334.26
1749266484,3333.11000000,0.00310000,3334.26
1749266484,3333.07000000,0.13690000,3334.26
1749266484,3333.06000000,0.39600000,3334.26
1749266484,3333.01000000,0.44530000,3334.26
1749266484,3333.00000000,1.02010000,3334.26
1749266484,3332.99000000,0.00310000,3334.26
1749266484,3332.89000000,0.03000000,3334.26
1749266484,3332.83000000,0.00310000,3334.26
1749266484,3332.71000000,0.00310000,3334.26
1749266484,3332.59000000,0.00310000,3334.26
1749266484,3332.54000000,0.39600000,3334.26
1749266484,3332.44000000,1.18250000,3334.26
1749266484,3332.43000000,0.44840000,3334.26
1749266484,3332.36000000,1.18250000,3334.26
1749266484,3332.35000000,0.59380000,3334.26
1749266484,3332.34000000,2.36460000,3334.26
1749266484,3332.33000000,3.54730000,3334.26
1749266484,3332.32000000,3.53890000,3334.26
1749266484,3332.31000000,2.36270000,3334.26
1749266484,3332.20000000,0.39600000,3334.26
1749266484,3332.19000000,0.00310000,3334.26
1749266484,3332.06000000,0.00310000,3334.26
1749266484,3332.02000000,0.44530000,3334.26
1749266484,3332.00000000,0.02510000,3334.26
1749266484,3331.90000000,0.00310000,3334.26
1749266484,3331.81000000,0.00310000,3334.26
1749266484,3331.77000000,0.00300000,3334.26
1749266484,3331.74000000,0.39600000,3334.26
1749266484,3331.68000000,0.00310000,3334.26
1749266484,3331.67000000,0.44530000,3334.26
1749266484,3331.65000000,0.08990000,3334.26
1749266484,3331.58000000,0.00310000,3334.26
1749266484,3331.46000000,0.00310000,3334.26
1749266484,3331.41000000,0.87250000,3334.26
1749266484,3331.40000000,0.39600000,3334.26
1749266484,3331.35000000,0.00310000,3334.26
1749266484,3331.33000000,0.87250000,3334.26
1749266484,3331.30000000,0.60580000,3334.26
1749266484,3331.29000000,0.87250000,3334.26
1749266484,3331.28000000,0.59380000,3334.26
1749266484,3331.27000000,0.44530000,3334.26
1749266484,3331.25000000,1.47840000,3334.26
1749266484,3331.19000000,0.00310000,3334.26
1749266484,3331.18000000,0.00600000,3334.26
1749266484,3331.09000000,0.00310000,3334.26
1749266484,3331.07000000,1.74500000,3334.26
1749266484,3331.06000000,4.36250000,3334.26
1749266484,3331.05000000,0.39600000,3334.26
1749266484,3331.04000000,0.29990000,3334.26
1749266484,3330.96000000,0.00310000,3334.26
1749266484,3330.95000000,1.74500000,3334.26
1749266484,3330.94000000,3.49000000,3334.26
1749266484,3330.93000000,1.31780000,3334.26
1749266484,3330.91000000,0.08990000,3334.26
1749266484,3330.87000000,0.00310000,3334.26
1749266484,3330.78000000,0.00310000,3334.26
1749266484,3330.69000000,0.00310000,3334.26
1749266484,3330.67000000,5.23500000,3334.26
1749266484,3330.66000000,6.98000000,3334.26
1749266484,3330.65000000,0.39600000,3334.26
1749266484,3330.60000000,1.74500000,3334.26
1749266484,3330.59000000,1.74810000,3334.26
1749266484,3330.58000000,0.44530000,3334.26
1749266484,3330.51000000,0.87250000,3334.26
1749266484,3330.50000000,0.00310000,3334.26
1749266484,3330.43000000,0.59980000,3334.26
1749266484,3330.41000000,0.00310000,3334.26
1749266484,3330.25000000,0.00310000,3334.26
1749266484,3330.23000000,0.60600000,3334.26
1749266484,3330.21000000,0.44530000,3334.26
1749266785,3334.25000000,0.78040000,3334.26
1749266785,3334.03000000,0.29970000,3334.26
1749266785,3334.00000000,0.12770000,3334.26
1749266785,3333.93000000,0.09500000,3334.26
1749266785,3333.87000000,0.07230000,3334.26
1749266785,3333.86000000,0.33710000,3334.26
1749266785,3333.84000000,0.20940000,3334.26
1749266785,3333.82000000,0.08530000,3334.26
1749266785,3333.80000000,0.12770000,3334.26
1749266785,3333.79000000,0.00310000,3334.26
1749266785,3333.77000000,0.39600000,3334.26
1749266785,3333.70000000,0.07460000,3334.26
1749266785,3333.63000000,0.07770000,3334.26
1749266785,3333.60000000,0.11560000,3334.26
1749266785,3333.54000000,0.09900000,3334.26
1749266785,3333.48000000,0.07460000,3334.26
1749266785,3333.47000000,0.44530000,3334.26
1749266785,3333.44000000,0.13690000,3334.26
1749266785,3333.43000000,0.39600000,3334.26
1749266785,3333.40000000,0.06640000,3334.26
1749266785,3333.38000000,0.00310000,3334.26
1749266785,3333.29000000,0.00310000,3334.26
1749266785,3333.27000000,0.03000000,3334.26
1749266785,3333.20000000,0.11900000,3334.26
1749266785,3333.11000000,0.00310000,3334.26
1749266785,3333.06000000,0.39600000,3334.26
1749266785,3333.01000000,0.44530000,3334.26
1749266785,3333.00000000,1.02010000,3334.26
1749266785,3332.99000000,0.00310000,3334.26
1749266785,3332.89000000,0.03000000,3334.26
1749266785,3332.83000000,0.00310000,3334.26
1749266785,3332.82000000,0.09200000,3334.26
1749266785,3332.71000000,0.00310000,3334.26
1749266785,3332.59000000,0.00310000,3334.26
1749266785,3332.54000000,0.39600000,3334.26
1749266785,3332.46000000,1.18450000,3334.26
1749266785,3332.45000000,1.18450000,3334.26
1749266785,3332.43000000,0.44840000,3334.26
1749266785,3332.39000000,1.18350000,3334.26
1749266785,3332.38000000,1.18450000,3334.26
1749266785,3332.36000000,1.18450000,3334.26
1749266785,3332.35000000,2.96180000,3334.26
1749266785,3332.34000000,4.73700000,3334.26
1749266785,3332.33000000,1.18450000,3334.26
1749266785,3332.31000000,0.00310000,3334.26
1749266785,3332.20000000,0.39600000,3334.26
1749266785,3332.19000000,0.00310000,3334.26
1749266785,3332.06000000,0.00310000,3334.26
1749266785,3332.02000000,0.44530000,3334.26
1749266785,3332.00000000,0.02510000,3334.26
1749266785,3331.90000000,0.00310000,3334.26
1749266785,3331.89000000,0.08990000,3334.26
1749266785,3331.81000000,0.00310000,3334.26
1749266785,3331.80000000,0.86860000,3334.26
1749266785,3331.79000000,1.73720000,3334.26
1749266785,3331.77000000,0.00300000,3334.26
1749266785,3331.75000000,0.86860000,3334.26
1749266785,3331.74000000,0.39600000,3334.26
1749266785,3331.68000000,0.87170000,3334.26
1749266785,3331.67000000,1.31390000,3334.26
1749266785,3331.66000000,0.86860000,3334.26
1749266785,3331.58000000,0.00310000,3334.26
1749266785,3331.46000000,0.00310000,3334.26
1749266785,3331.44000000,2.60580000,3334.26
1749266785,3331.43000000,3.47440000,3334.26
1749266785,3331.42000000,4.34300000,3334.26
1749266785,3331.40000000,1.26460000,3334.26
1749266785,3331.35000000,0.00310000,3334.26
1749266785,3331.33000000,0.86860000,3334.26
1749266785,3331.32000000,0.86860000,3334.26
1749266785,3331.31000000,0.86860000,3334.26
1749266785,3331.30000000,2.34300000,3334.26
1749266785,3331.28000000,0.59380000,3334.26
1749266785,3331.27000000,0.44530000,3334.26
1749266785,3331.26000000,0.86860000,3334.26
1749266785,3331.25000000,1.47450000,3334.26
1749266785,3331.22000000,0.08990000,3334.26
1749266785,3331.21000000,0.59980000,3334.26
1749266785,3331.19000000,0.00310000,3334.26
1749266785,3331.18000000,0.00600000,3334.26
1749266785,3331.11000000,1.73720000,3334.26
1749266785,3331.10000000,2.60580000,3334.26
1749266785,3331.09000000,0.87170000,3334.26
1749266785,3331.08000000,1.73720000,3334.26
1749266785,3331.06000000,0.86860000,3334.26
1749266785,3331.05000000,0.39600000,3334.26
1749266785,3331.04000000,0.29990000,3334.26
1749266785,3330.96000000,0.00310000,3334.26
1749266785,3330.93000000,0.44530000,3334.26
1749266785,3330.87000000,0.00310000,3334.26
1749266785,3330.78000000,0.00310000,3334.26
1749266785,3330.69000000,0.00310000,3334.26
1749266785,3330.65000000,0.39600000,3334.26
1749266785,3330.59000000,0.00310000,3334.26
1749266785,3330.58000000,0.44530000,3334.26
1749266785,3330.50000000,0.00310000,3334.26
1749266785,3330.41000000,0.00310000,3334.26
1749266785,3330.25000000,0.00310000,3334.26
1749266785,3330.24000000,0.86860000,3334.26
1749266785,3330.23000000,0.60600000,3334.26
1749267087,3334.25000000,0.96690000,3334.25
1749267087,3334.21000000,0.29960000,3334.25
1749267087,3334.20000000,0.16370000,3334.25
1749267087,3334.12000000,0.23950000,3334.25
1749267087,3334.01000000,0.16040000,3334.25
1749267087,3334.00000000,0.63750000,3334.25
1749267087,3333.93000000,0.10330000,3334.25
1749267087,3333.87000000,0.07230000,3334.25
1749267087,3333.82000000,0.08530000,3334.25
1749267087,3333.80000000,0.12770000,3334.25
1749267087,3333.79000000,0.00310000,3334.25
1749267087,3333.77000000,0.39600000,3334.25
1749267087,3333.70000000,0.07460000,3334.25
1749267087,3333.63000000,0.07770000,3334.25
1749267087,3333.60000000,0.11560000,3334.25
1749267087,3333.54000000,0.09900000,3334.25
1749267087,3333.48000000,0.07460000,3334.25
1749267087,3333.47000000,0.44530000,3334.25
1749267087,3333.44000000,0.08080000,3334.25
1749267087,3333.43000000,0.39600000,3334.25
1749267087,3333.40000000,0.06640000,3334.25
1749267087,3333.38000000,0.00310000,3334.25
1749267087,3333.29000000,0.09890000,3334.25
1749267087,3333.27000000,0.03000000,3334.25
1749267087,3333.22000000,0.13690000,3334.25
1749267087,3333.21000000,0.09190000,3334.25
1749267087,3333.20000000,0.11900000,3334.25
1749267087,3333.11000000,0.00310000,3334.25
1749267087,3333.06000000,0.39600000,3334.25
1749267087,3333.01000000,0.44530000,3334.25
1749267087,3333.00000000,1.02010000,3334.25
1749267087,3332.99000000,0.00310000,3334.25
1749267087,3332.89000000,0.03000000,3334.25
1749267087,3332.83000000,0.00310000,3334.25
1749267087,3332.78000000,0.09300000,3334.25
1749267087,3332.71000000,0.00310000,3334.25
1749267087,3332.59000000,0.00310000,3334.25
1749267087,3332.56000000,1.18040000,3334.25
1749267087,3332.55000000,2.38880000,3334.25
1749267087,3332.54000000,0.39600000,3334.25
1749267087,3332.44000000,1.19440000,3334.25
1749267087,3332.43000000,0.44840000,3334.25
1749267087,3332.39000000,2.36080000,3334.25
1749267087,3332.38000000,1.19440000,3334.25
1749267087,3332.37000000,1.18040000,3334.25
1749267087,3332.35000000,0.59380000,3334.25
1749267087,3332.34000000,2.35280000,3334.25
1749267087,3332.31000000,0.00310000,3334.25
1749267087,3332.20000000,0.39600000,3334.25
1749267087,3332.19000000,0.00310000,3334.25
1749267087,3332.16000000,0.08990000,3334.25
1749267087,3332.06000000,0.00310000,3334.25
1749267087,3332.02000000,0.44530000,3334.25
1749267087,3332.00000000,0.02510000,3334.25
1749267087,3331.90000000,0.00310000,3334.25
1749267087,3331.81000000,0.00310000,3334.25
1749267087,3331.77000000,0.00300000,3334.25
1749267087,3331.75000000,2.60550000,3334.25
1749267087,3331.74000000,0.39600000,3334.25
1749267087,3331.73000000,2.60550000,3334.25
1749267087,3331.68000000,0.00310000,3334.25
1749267087,3331.67000000,0.44530000,3334.25
1749267087,3331.58000000,0.00310000,3334.25
1749267087,3331.49000000,2.60550000,3334.25
1749267087,3331.48000000,5.21100000,3334.25
1749267087,3331.46000000,0.00310000,3334.25
1749267087,3331.44000000,0.08990000,3334.25
1749267087,3331.43000000,0.86850000,3334.25
1749267087,3331.42000000,1.73700000,3334.25
1749267087,3331.40000000,3.00150000,3334.25
1749267087,3331.35000000,0.00310000,3334.25
1749267087,3331.34000000,2.60550000,3334.25
1749267087,3331.32000000,0.60580000,3334.25
1749267087,3331.28000000,0.59380000,3334.25
1749267087,3331.27000000,0.44530000,3334.25
1749267087,3331.25000000,2.34280000,3334.25
1749267087,3331.24000000,0.86850000,3334.25
1749267087,3331.21000000,0.59980000,3334.25
1749267087,3331.19000000,0.00310000,3334.25
1749267087,3331.18000000,0.00600000,3334.25
1749267087,3331.17000000,0.86850000,3334.25
1749267087,3331.16000000,0.86850000,3334.25
1749267087,3331.15000000,1.73700000,3334.25
1749267087,3331.09000000,0.00310000,3334.25
1749267087,3331.05000000,1.26550000,3334.25
1749267087,3331.04000000,0.29990000,3334.25
1749267087,3331.00000000,0.86850000,3334.25
1749267087,3330.99000000,0.86850000,3334.25
1749267087,3330.98000000,1.73700000,3334.25
1749267087,3330.96000000,0.00310000,3334.25
1749267087,3330.93000000,0.44530000,3334.25
1749267087,3330.92000000,0.86850000,3334.25
1749267087,3330.87000000,0.00310000,3334.25
1749267087,3330.78000000,0.00310000,3334.25
1749267087,3330.69000000,0.00310000,3334.25
1749267087,3330.65000000,0.39600000,3334.25
1749267087,3330.59000000,0.00310000,3334.25
1749267087,3330.58000000,0.44530000,3334.25
1749267087,3330.50000000,0.00310000,3334.25
1749267087,3330.41000000,0.00310000,3334.25
1749267388,3334.25000000,0.68140000,3334.26
1749267388,3334.21000000,0.29960000,3334.26
1749267388,3334.00000000,0.63750000,3334.26
1749267388,3333.93000000,0.00310000,3334.26
1749267388,3333.87000000,0.07230000,3334.26
1749267388,3333.82000000,0.08530000,3334.26
1749267388,3333.80000000,0.12770000,3334.26
1749267388,3333.79000000,0.00310000,3334.26
1749267388,3333.77000000,0.63550000,3334.26
1749267388,3333.70000000,0.07460000,3334.26
1749267388,3333.63000000,0.07770000,3334.26
1749267388,3333.60000000,0.11560000,3334.26
1749267388,3333.54000000,0.09900000,3334.26
1749267388,3333.48000000,0.07460000,3334.26
1749267388,3333.44000000,0.08080000,3334.26
1749267388,3333.43000000,0.39600000,3334.26
1749267388,3333.40000000,0.06640000,3334.26
1749267388,3333.38000000,0.00310000,3334.26
1749267388,3333.37000000,0.09120000,3334.26
1749267388,3333.36000000,0.32290000,3334.26
1749267388,3333.29000000,0.09890000,3334.26
1749267388,3333.27000000,0.03000000,3334.26
1749267388,3333.21000000,0.09190000,3334.26
1749267388,3333.20000000,0.11900000,3334.26
1749267388,3333.11000000,0.00310000,3334.26
1749267388,3333.07000000,0.13690000,3334.26
1749267388,3333.06000000,0.39600000,3334.26
1749267388,3333.00000000,1.02010000,3334.26
