timestamp,price,volume,current_price
1749254558,4.00000000,186.80000000,4.0
1749254558,3.99900000,791.70000000,4.0
1749254558,3.99800000,600.70000000,4.0
1749254558,3.99700000,1786.10000000,4.0
1749254558,3.99600000,2625.40000000,4.0
1749254558,3.99500000,3007.80000000,4.0
1749254558,3.99400000,2227.30000000,4.0
1749254558,3.99300000,2259.70000000,4.0
1749254558,3.99200000,4004.70000000,4.0
1749254558,3.99100000,1462.40000000,4.0
1749254558,3.99000000,1995.30000000,4.0
1749254558,3.98900000,2398.80000000,4.0
1749254558,3.98800000,623.20000000,4.0
1749254558,3.98700000,283.30000000,4.0
1749254558,3.98600000,319.10000000,4.0
1749254558,3.98500000,1350.80000000,4.0
1749254558,3.98400000,750.80000000,4.0
1749254558,3.98300000,590.50000000,4.0
1749254558,3.98200000,2013.10000000,4.0
1749254558,3.98100000,348.10000000,4.0
1749254558,3.98000000,3239.40000000,4.0
1749254558,3.97900000,342.80000000,4.0
1749254558,3.97800000,476.90000000,4.0
1749254558,3.97700000,1724.90000000,4.0
1749254558,3.97600000,1230.00000000,4.0
1749254558,3.97500000,287.30000000,4.0
1749254558,3.97400000,311.70000000,4.0
1749254558,3.97300000,415.60000000,4.0
1749254558,3.97200000,2647.70000000,4.0
1749254558,3.97100000,17310.50000000,4.0
1749254558,3.97000000,462.20000000,4.0
1749254558,3.96900000,683.20000000,4.0
1749254558,3.96800000,686.90000000,4.0
1749254558,3.96700000,161.90000000,4.0
1749254558,3.96600000,248.10000000,4.0
1749254558,3.96500000,257.70000000,4.0
1749254558,3.96400000,163.50000000,4.0
1749254558,3.96300000,544.70000000,4.0
1749254558,3.96200000,162.20000000,4.0
1749254558,3.96100000,285.60000000,4.0
1749254558,3.96000000,97.30000000,4.0
1749254558,3.95900000,440.50000000,4.0
1749254558,3.95800000,2.50000000,4.0
1749254558,3.95700000,1519.70000000,4.0
1749254558,3.95600000,141.40000000,4.0
1749254558,3.95500000,679.90000000,4.0
1749254558,3.95400000,2.50000000,4.0
1749254558,3.95300000,18.70000000,4.0
1749254558,3.95200000,138.20000000,4.0
1749254558,3.95100000,4.40000000,4.0
1749254558,3.95000000,1856.70000000,4.0
1749254558,3.94900000,4.40000000,4.0
1749254558,3.94800000,2.50000000,4.0
1749254558,3.94700000,6.90000000,4.0
1749254558,3.94600000,2273.30000000,4.0
1749254558,3.94500000,6.10000000,4.0
1749254558,3.94400000,1322.20000000,4.0
1749254558,3.94300000,29.40000000,4.0
1749254558,3.94200000,13.20000000,4.0
1749254558,3.94100000,4.40000000,4.0
1749254558,3.94000000,33.20000000,4.0
1749254558,3.93900000,10.20000000,4.0
1749254558,3.93800000,776.90000000,4.0
1749254558,3.93700000,3.90000000,4.0
1749254558,3.93600000,2.60000000,4.0
1749254558,3.93500000,743.70000000,4.0
1749254558,3.93400000,11.30000000,4.0
1749254558,3.93300000,2.60000000,4.0
1749254558,3.93200000,14.10000000,4.0
1749254558,3.93100000,16918.80000000,4.0
1749254558,3.93000000,41.50000000,4.0
1749254558,3.92900000,548.70000000,4.0
1749254558,3.92800000,261.40000000,4.0
1749254558,3.92700000,22.00000000,4.0
1749254558,3.92600000,5.20000000,4.0
1749254558,3.92500000,780.40000000,4.0
1749254558,3.92400000,46.30000000,4.0
1749254558,3.92100000,771.30000000,4.0
1749254558,3.92000000,39.70000000,4.0
1749254558,3.91900000,1.30000000,4.0
1749254558,3.91800000,31.10000000,4.0
1749254558,3.91500000,4.60000000,4.0
1749254558,3.91400000,2.60000000,4.0
1749254558,3.91200000,1.50000000,4.0
1749254558,3.91100000,686.10000000,4.0
1749254558,3.91000000,24.80000000,4.0
1749254558,3.90900000,6.30000000,4.0
1749254558,3.90600000,46.10000000,4.0
1749254558,3.90400000,1.60000000,4.0
1749254558,3.90100000,3.90000000,4.0
1749254558,3.90000000,935.00000000,4.0
1749254558,3.89900000,564.50000000,4.0
1749254558,3.89800000,20.30000000,4.0
1749254558,3.89700000,11.70000000,4.0
1749254558,3.89600000,1.50000000,4.0
1749254558,3.89500000,38.80000000,4.0
1749254558,3.89300000,729.30000000,4.0
1749254558,3.89100000,22545.90000000,4.0
1749254558,3.89000000,57.00000000,4.0
1749254558,3.88900000,10.80000000,4.0
1749254869,4.00100000,498.20000000,4.001
1749254869,4.00000000,833.60000000,4.001
1749254869,3.99900000,415.20000000,4.001
1749254869,3.99800000,720.00000000,4.001
1749254869,3.99700000,2209.60000000,4.001
1749254869,3.99600000,1059.20000000,4.001
1749254869,3.99500000,1470.30000000,4.001
1749254869,3.99400000,1961.80000000,4.001
1749254869,3.99300000,783.90000000,4.001
1749254869,3.99200000,565.80000000,4.001
1749254869,3.99100000,1234.80000000,4.001
1749254869,3.99000000,1765.60000000,4.001
1749254869,3.98900000,288.70000000,4.001
1749254869,3.98800000,4257.20000000,4.001
1749254869,3.98700000,1294.40000000,4.001
1749254869,3.98600000,1932.30000000,4.001
1749254869,3.98500000,2145.80000000,4.001
1749254869,3.98400000,3034.50000000,4.001
1749254869,3.98300000,766.60000000,4.001
1749254869,3.98200000,324.80000000,4.001
1749254869,3.98100000,238.30000000,4.001
1749254869,3.98000000,1058.70000000,4.001
1749254869,3.97900000,992.40000000,4.001
1749254869,3.97800000,1912.30000000,4.001
1749254869,3.97700000,340.20000000,4.001
1749254869,3.97600000,392.00000000,4.001
1749254869,3.97500000,531.80000000,4.001
1749254869,3.97400000,599.20000000,4.001
1749254869,3.97300000,3139.60000000,4.001
1749254869,3.97200000,418.00000000,4.001
1749254869,3.97100000,11250.90000000,4.001
1749254869,3.97000000,462.20000000,4.001
1749254869,3.96900000,173.30000000,4.001
1749254869,3.96800000,511.70000000,4.001
1749254869,3.96700000,405.50000000,4.001
1749254869,3.96600000,918.80000000,4.001
1749254869,3.96500000,6197.60000000,4.001
1749254869,3.96400000,163.50000000,4.001
1749254869,3.96300000,544.70000000,4.001
1749254869,3.96200000,2226.00000000,4.001
1749254869,3.96100000,378.40000000,4.001
1749254869,3.96000000,98.70000000,4.001
1749254869,3.95900000,265.70000000,4.001
1749254869,3.95800000,181.40000000,4.001
1749254869,3.95700000,1519.70000000,4.001
1749254869,3.95600000,15.40000000,4.001
1749254869,3.95500000,679.90000000,4.001
1749254869,3.95400000,253.20000000,4.001
1749254869,3.95300000,18.70000000,4.001
1749254869,3.95200000,40.40000000,4.001
1749254869,3.95100000,4.40000000,4.001
1749254869,3.95000000,1856.70000000,4.001
1749254869,3.94900000,430.30000000,4.001
1749254869,3.94800000,2.50000000,4.001
1749254869,3.94700000,6.90000000,4.001
1749254869,3.94600000,1891.60000000,4.001
1749254869,3.94500000,8.00000000,4.001
1749254869,3.94400000,1322.20000000,4.001
1749254869,3.94300000,792.20000000,4.001
1749254869,3.94200000,143.90000000,4.001
1749254869,3.94100000,255.10000000,4.001
1749254869,3.94000000,33.20000000,4.001
1749254869,3.93900000,10.20000000,4.001
1749254869,3.93800000,776.90000000,4.001
1749254869,3.93700000,3.90000000,4.001
1749254869,3.93600000,253.30000000,4.001
1749254869,3.93500000,743.70000000,4.001
1749254869,3.93400000,11.30000000,4.001
1749254869,3.93300000,2.60000000,4.001
1749254869,3.93200000,274.70000000,4.001
1749254869,3.93100000,11296.60000000,4.001
1749254869,3.93000000,41.50000000,4.001
1749254869,3.92900000,548.70000000,4.001
1749254869,3.92800000,261.40000000,4.001
1749254869,3.92700000,749.20000000,4.001
1749254869,3.92600000,36.60000000,4.001
1749254869,3.92500000,5687.40000000,4.001
1749254869,3.92400000,46.30000000,4.001
1749254869,3.92100000,771.30000000,4.001
1749254869,3.92000000,39.70000000,4.001
1749254869,3.91900000,1.30000000,4.001
1749254869,3.91800000,31.10000000,4.001
1749254869,3.91500000,4.60000000,4.001
1749254869,3.91400000,2.60000000,4.001
1749254869,3.91200000,1.50000000,4.001
1749254869,3.91100000,686.10000000,4.001
1749254869,3.91000000,24.80000000,4.001
1749254869,3.90900000,6.30000000,4.001
1749254869,3.90600000,46.10000000,4.001
1749254869,3.90400000,1.60000000,4.001
1749254869,3.90100000,3.90000000,4.001
1749254869,3.90000000,935.00000000,4.001
1749254869,3.89900000,564.50000000,4.001
1749254869,3.89700000,11.70000000,4.001
1749254869,3.89600000,1.50000000,4.001
1749254869,3.89500000,38.80000000,4.001
1749254869,3.89300000,729.30000000,4.001
1749254869,3.89200000,21.40000000,4.001
1749254869,3.89100000,11300.80000000,4.001
1749254869,3.89000000,57.00000000,4.001
