timestamp,price,volume,current_price
1749260732,4.00700000,32.70000000,4.008
1749260732,4.00600000,580.70000000,4.008
1749260732,4.00500000,421.70000000,4.008
1749260732,4.00400000,495.80000000,4.008
1749260732,4.00300000,1047.70000000,4.008
1749260732,4.00200000,856.80000000,4.008
1749260732,4.00100000,1039.00000000,4.008
1749260732,4.00000000,1151.40000000,4.008
1749260732,3.99900000,722.00000000,4.008
1749260732,3.99800000,560.40000000,4.008
1749260732,3.99700000,1381.80000000,4.008
1749260732,3.99600000,3505.20000000,4.008
1749260732,3.99500000,1170.10000000,4.008
1749260732,3.99400000,660.50000000,4.008
1749260732,3.99300000,1166.80000000,4.008
1749260732,3.99200000,597.70000000,4.008
1749260732,3.99100000,567.60000000,4.008
1749260732,3.99000000,1121.80000000,4.008
1749260732,3.98900000,674.00000000,4.008
1749260732,3.98800000,2564.50000000,4.008
1749260732,3.98700000,315.60000000,4.008
1749260732,3.98600000,1629.50000000,4.008
1749260732,3.98500000,369.10000000,4.008
1749260732,3.98400000,550.10000000,4.008
1749260732,3.98300000,2310.10000000,4.008
1749260732,3.98200000,1615.50000000,4.008
1749260732,3.98100000,658.70000000,4.008
1749260732,3.98000000,173.40000000,4.008
1749260732,3.97900000,2708.60000000,4.008
1749260732,3.97800000,755.80000000,4.008
1749260732,3.97700000,189.90000000,4.008
1749260732,3.97600000,506.80000000,4.008
1749260732,3.97500000,2983.10000000,4.008
1749260732,3.97400000,503.90000000,4.008
1749260732,3.97300000,17025.80000000,4.008
1749260732,3.97200000,433.50000000,4.008
1749260732,3.97100000,414.40000000,4.008
1749260732,3.97000000,558.00000000,4.008
1749260732,3.96900000,484.10000000,4.008
1749260732,3.96800000,261.00000000,4.008
1749260732,3.96700000,161.90000000,4.008
1749260732,3.96600000,380.10000000,4.008
1749260732,3.96500000,257.70000000,4.008
1749260732,3.96400000,3.90000000,4.008
1749260732,3.96300000,294.00000000,4.008
1749260732,3.96200000,2367.50000000,4.008
1749260732,3.96100000,288.80000000,4.008
1749260732,3.96000000,195.10000000,4.008
1749260732,3.95900000,265.70000000,4.008
1749260732,3.95800000,724.00000000,4.008
1749260732,3.95700000,1519.70000000,4.008
1749260732,3.95600000,141.40000000,4.008
1749260732,3.95500000,679.90000000,4.008
1749260732,3.95400000,253.20000000,4.008
1749260732,3.95300000,84.50000000,4.008
1749260732,3.95200000,1516.30000000,4.008
1749260732,3.95100000,4.40000000,4.008
1749260732,3.95000000,1854.20000000,4.008
1749260732,3.94900000,764.10000000,4.008
1749260732,3.94800000,2.50000000,4.008
1749260732,3.94700000,6.90000000,4.008
1749260732,3.94600000,1390.60000000,4.008
1749260732,3.94500000,8.00000000,4.008
1749260732,3.94400000,4.10000000,4.008
1749260732,3.94300000,31.30000000,4.008
1749260732,3.94200000,13.20000000,4.008
1749260732,3.94100000,4.40000000,4.008
1749260732,3.94000000,33.20000000,4.008
1749260732,3.93900000,5.20000000,4.008
1749260732,3.93800000,5620.40000000,4.008
1749260732,3.93700000,3.90000000,4.008
1749260732,3.93600000,2.60000000,4.008
1749260732,3.93500000,6300.10000000,4.008
1749260732,3.93400000,1528.30000000,4.008
1749260732,3.93300000,5623.40000000,4.008
1749260732,3.93200000,553.30000000,4.008
1749260732,3.93100000,47.50000000,4.008
1749260732,3.93000000,38.90000000,4.008
1749260732,3.92900000,7.40000000,4.008
1749260732,3.92800000,258.80000000,4.008
1749260732,3.92700000,19.40000000,4.008
1749260732,3.92600000,2.60000000,4.008
1749260732,3.92500000,56.00000000,4.008
1749260732,3.92400000,774.10000000,4.008
1749260732,3.92100000,771.30000000,4.008
1749260732,3.92000000,90.70000000,4.008
1749260732,3.91900000,1.30000000,4.008
1749260732,3.91800000,31.10000000,4.008
1749260732,3.91500000,4.60000000,4.008
1749260732,3.91400000,2.60000000,4.008
1749260732,3.91200000,1.50000000,4.008
1749260732,3.91100000,259.70000000,4.008
1749260732,3.91000000,24.80000000,4.008
1749260732,3.90900000,6.30000000,4.008
1749260732,3.90700000,16.70000000,4.008
1749260732,3.90600000,46.10000000,4.008
1749260732,3.90400000,1.60000000,4.008
1749260732,3.90200000,532.70000000,4.008
1749260732,3.90100000,3.90000000,4.008
1749260732,3.90000000,937.50000000,4.008
1749261052,4.00400000,446.40000000,4.004
1749261052,4.00300000,528.80000000,4.004
1749261052,4.00200000,543.90000000,4.004
1749261052,4.00100000,1437.20000000,4.004
1749261052,4.00000000,572.60000000,4.004
1749261052,3.99900000,794.70000000,4.004
1749261052,3.99800000,344.00000000,4.004
1749261052,3.99700000,1538.20000000,4.004
1749261052,3.99600000,3521.00000000,4.004
1749261052,3.99500000,1821.10000000,4.004
1749261052,3.99400000,1706.80000000,4.004
1749261052,3.99300000,768.00000000,4.004
1749261052,3.99200000,1896.80000000,4.004
1749261052,3.99100000,565.70000000,4.004
1749261052,3.99000000,2610.90000000,4.004
1749261052,3.98900000,988.20000000,4.004
1749261052,3.98800000,222.40000000,4.004
1749261052,3.98700000,2094.10000000,4.004
1749261052,3.98600000,550.80000000,4.004
1749261052,3.98500000,417.50000000,4.004
1749261052,3.98400000,494.30000000,4.004
1749261052,3.98300000,1699.00000000,4.004
1749261052,3.98200000,406.30000000,4.004
1749261052,3.98100000,580.80000000,4.004
1749261052,3.98000000,3104.60000000,4.004
1749261052,3.97900000,313.70000000,4.004
1749261052,3.97800000,1442.30000000,4.004
1749261052,3.97700000,189.90000000,4.004
1749261052,3.97600000,506.80000000,4.004
1749261052,3.97500000,824.50000000,4.004
1749261052,3.97400000,6122.60000000,4.004
1749261052,3.97300000,11402.20000000,4.004
1749261052,3.97200000,417.60000000,4.004
1749261052,3.97100000,990.60000000,4.004
1749261052,3.97000000,496.10000000,4.004
1749261052,3.96900000,173.20000000,4.004
1749261052,3.96800000,2481.60000000,4.004
1749261052,3.96700000,2.50000000,4.004
1749261052,3.96600000,4.20000000,4.004
1749261052,3.96500000,257.70000000,4.004
1749261052,3.96400000,2.50000000,4.004
1749261052,3.96300000,468.70000000,4.004
1749261052,3.96200000,132.50000000,4.004
1749261052,3.96100000,288.80000000,4.004
1749261052,3.96000000,19.00000000,4.004
1749261052,3.95900000,265.70000000,4.004
1749261052,3.95800000,2.50000000,4.004
1749261052,3.95700000,1519.70000000,4.004
1749261052,3.95600000,141.40000000,4.004
1749261052,3.95500000,679.90000000,4.004
1749261052,3.95400000,253.20000000,4.004
1749261052,3.95300000,46.70000000,4.004
1749261052,3.95200000,7.90000000,4.004
1749261052,3.95100000,1513.80000000,4.004
1749261052,3.95000000,1854.20000000,4.004
1749261052,3.94900000,764.10000000,4.004
1749261052,3.94800000,1357.10000000,4.004
1749261052,3.94700000,778.80000000,4.004
1749261052,3.94600000,7.00000000,4.004
1749261052,3.94500000,8.00000000,4.004
1749261052,3.94400000,4.10000000,4.004
1749261052,3.94300000,43.60000000,4.004
1749261052,3.94200000,13.20000000,4.004
1749261052,3.94100000,4.40000000,4.004
1749261052,3.94000000,94.10000000,4.004
1749261052,3.93900000,730.20000000,4.004
1749261052,3.93800000,5620.40000000,4.004
1749261052,3.93700000,3.90000000,4.004
1749261052,3.93600000,2.60000000,4.004
1749261052,3.93500000,5953.40000000,4.004
1749261052,3.93400000,6362.30000000,4.004
1749261052,3.93300000,2.60000000,4.004
1749261052,3.93200000,14.10000000,4.004
1749261052,3.93100000,50.10000000,4.004
1749261052,3.93000000,41.50000000,4.004
1749261052,3.92900000,10.00000000,4.004
1749261052,3.92800000,258.80000000,4.004
1749261052,3.92700000,19.40000000,4.004
1749261052,3.92600000,2.60000000,4.004
1749261052,3.92500000,56.00000000,4.004
1749261052,3.92400000,46.30000000,4.004
1749261052,3.92100000,771.30000000,4.004
1749261052,3.92000000,90.70000000,4.004
1749261052,3.91900000,1.30000000,4.004
1749261052,3.91800000,559.30000000,4.004
1749261052,3.91500000,4.60000000,4.004
1749261052,3.91400000,2.60000000,4.004
1749261052,3.91200000,1.50000000,4.004
1749261052,3.91100000,259.70000000,4.004
1749261052,3.91000000,24.80000000,4.004
1749261052,3.90900000,6.30000000,4.004
1749261052,3.90700000,16.70000000,4.004
1749261052,3.90600000,46.10000000,4.004
1749261052,3.90400000,1.60000000,4.004
1749261052,3.90100000,24.40000000,4.004
1749261052,3.90000000,937.50000000,4.004
1749261052,3.89900000,5627.00000000,4.004
1749261052,3.89800000,1.50000000,4.004
1749261052,3.89700000,11.70000000,4.004
1749261052,3.89600000,1.50000000,4.004
1749261357,4.00400000,944.50000000,4.004
1749261357,4.00300000,645.80000000,4.004
1749261357,4.00200000,552.70000000,4.004
1749261357,4.00100000,625.10000000,4.004
1749261357,4.00000000,1030.40000000,4.004
1749261357,3.99900000,580.70000000,4.004
1749261357,3.99800000,370.40000000,4.004
1749261357,3.99700000,1447.00000000,4.004
1749261357,3.99600000,2849.50000000,4.004
1749261357,3.99500000,1047.00000000,4.004
1749261357,3.99400000,2036.20000000,4.004
1749261357,3.99300000,1026.20000000,4.004
1749261357,3.99200000,656.00000000,4.004
1749261357,3.99100000,1293.60000000,4.004
1749261357,3.99000000,354.10000000,4.004
1749261357,3.98900000,2410.30000000,4.004
1749261357,3.98800000,222.40000000,4.004
1749261357,3.98700000,905.90000000,4.004
1749261357,3.98600000,2674.70000000,4.004
1749261357,3.98500000,2094.10000000,4.004
1749261357,3.98400000,1081.20000000,4.004
1749261357,3.98300000,321.30000000,4.004
1749261357,3.98200000,233.00000000,4.004
1749261357,3.98100000,2044.10000000,4.004
1749261357,3.98000000,3038.40000000,4.004
1749261357,3.97900000,313.70000000,4.004
1749261357,3.97800000,1442.20000000,4.004
1749261357,3.97700000,248.40000000,4.004
1749261357,3.97600000,565.30000000,4.004
1749261357,3.97500000,510.00000000,4.004
1749261357,3.97400000,6122.60000000,4.004
1749261357,3.97300000,11402.20000000,4.004
1749261357,3.97200000,592.70000000,4.004
1749261357,3.97100000,255.10000000,4.004
1749261357,3.97000000,496.10000000,4.004
1749261357,3.96900000,607.00000000,4.004
1749261357,3.96800000,2481.60000000,4.004
1749261357,3.96700000,2.50000000,4.004
1749261357,3.96600000,4.20000000,4.004
1749261357,3.96500000,257.70000000,4.004
1749261357,3.96400000,3.90000000,4.004
1749261357,3.96300000,628.30000000,4.004
1749261357,3.96200000,292.10000000,4.004
1749261357,3.96100000,305.10000000,4.004
1749261357,3.96000000,19.00000000,4.004
1749261357,3.95900000,987.00000000,4.004
1749261357,3.95800000,2.50000000,4.004
1749261357,3.95700000,1519.70000000,4.004
1749261357,3.95600000,141.40000000,4.004
1749261357,3.95500000,679.90000000,4.004
1749261357,3.95400000,253.20000000,4.004
1749261357,3.95300000,46.70000000,4.004
1749261357,3.95200000,7.90000000,4.004
1749261357,3.95100000,16.70000000,4.004
1749261357,3.95000000,1854.20000000,4.004
1749261357,3.94900000,1514.80000000,4.004
1749261357,3.94800000,1357.10000000,4.004
1749261357,3.94700000,6.90000000,4.004
1749261357,3.94600000,7.00000000,4.004
1749261357,3.94500000,768.50000000,4.004
1749261357,3.94400000,4.10000000,4.004
1749261357,3.94300000,31.30000000,4.004
1749261357,3.94200000,13.20000000,4.004
1749261357,3.94100000,4.40000000,4.004
1749261357,3.94000000,33.20000000,4.004
1749261357,3.93900000,5.20000000,4.004
1749261357,3.93800000,6.60000000,4.004
1749261357,3.93700000,3.90000000,4.004
1749261357,3.93600000,2.60000000,4.004
1749261357,3.93500000,6298.70000000,4.004
1749261357,3.93400000,7148.90000000,4.004
1749261357,3.93300000,2.60000000,4.004
1749261357,3.93200000,14.10000000,4.004
1749261357,3.93100000,5671.60000000,4.004
1749261357,3.93000000,768.20000000,4.004
1749261357,3.92900000,10.00000000,4.004
1749261357,3.92800000,258.80000000,4.004
1749261357,3.92700000,19.40000000,4.004
1749261357,3.92600000,2.60000000,4.004
1749261357,3.92500000,56.00000000,4.004
1749261357,3.92400000,46.30000000,4.004
1749261357,3.92100000,771.30000000,4.004
1749261357,3.92000000,90.70000000,4.004
1749261357,3.91900000,1.30000000,4.004
1749261357,3.91800000,559.30000000,4.004
1749261357,3.91500000,4.60000000,4.004
1749261357,3.91400000,2.60000000,4.004
1749261357,3.91200000,1.50000000,4.004
1749261357,3.91100000,259.70000000,4.004
1749261357,3.91000000,24.80000000,4.004
1749261357,3.90900000,6.30000000,4.004
1749261357,3.90700000,16.70000000,4.004
1749261357,3.90600000,46.10000000,4.004
1749261357,3.90400000,1.60000000,4.004
1749261357,3.90100000,24.40000000,4.004
1749261357,3.90000000,932.50000000,4.004
1749261357,3.89900000,15.30000000,4.004
1749261357,3.89800000,1.50000000,4.004
1749261357,3.89700000,11.70000000,4.004
1749261357,3.89600000,1.50000000,4.004
1749261659,3.99700000,370.20000000,3.997
1749261659,3.99600000,495.90000000,3.997
1749261659,3.99500000,452.80000000,3.997
1749261659,3.99400000,683.80000000,3.997
1749261659,3.99300000,1091.80000000,3.997
1749261659,3.99200000,615.90000000,3.997
1749261659,3.99100000,908.70000000,3.997
1749261659,3.99000000,474.30000000,3.997
1749261659,3.98900000,5205.00000000,3.997
1749261659,3.98800000,1769.70000000,3.997
1749261659,3.98700000,720.10000000,3.997
1749261659,3.98600000,4237.40000000,3.997
1749261659,3.98500000,313.70000000,3.997
1749261659,3.98400000,601.90000000,3.997
1749261659,3.98300000,697.50000000,3.997
1749261659,3.98200000,826.60000000,3.997
1749261659,3.98100000,2361.20000000,3.997
1749261659,3.98000000,2934.60000000,3.997
1749261659,3.97900000,473.10000000,3.997
1749261659,3.97800000,815.70000000,3.997
1749261659,3.97700000,352.70000000,3.997
1749261659,3.97600000,2027.90000000,3.997
1749261659,3.97500000,568.80000000,3.997
1749261659,3.97400000,896.90000000,3.997
1749261659,3.97300000,11243.10000000,3.997
1749261659,3.97200000,316.90000000,3.997
1749261659,3.97100000,1101.90000000,3.997
1749261659,3.97000000,496.10000000,3.997
1749261659,3.96900000,607.10000000,3.997
1749261659,3.96800000,2481.60000000,3.997
1749261659,3.96700000,5789.40000000,3.997
1749261659,3.96600000,254.90000000,3.997
1749261659,3.96500000,257.70000000,3.997
1749261659,3.96400000,163.40000000,3.997
1749261659,3.96300000,468.70000000,3.997
1749261659,3.96200000,292.10000000,3.997
1749261659,3.96100000,305.10000000,3.997
1749261659,3.96000000,180.10000000,3.997
1749261659,3.95900000,987.00000000,3.997
1749261659,3.95800000,2.50000000,3.997
1749261659,3.95700000,1519.70000000,3.997
1749261659,3.95600000,141.40000000,3.997
1749261659,3.95500000,679.90000000,3.997
1749261659,3.95400000,253.20000000,3.997
1749261659,3.95300000,18.70000000,3.997
1749261659,3.95200000,7.90000000,3.997
1749261659,3.95100000,4.40000000,3.997
1749261659,3.95000000,1854.20000000,3.997
1749261659,3.94900000,4.40000000,3.997
1749261659,3.94800000,1357.10000000,3.997
1749261659,3.94700000,6.90000000,3.997
1749261659,3.94600000,7.00000000,3.997
1749261659,3.94500000,1518.80000000,3.997
1749261659,3.94400000,4.10000000,3.997
1749261659,3.94300000,792.10000000,3.997
1749261659,3.94200000,13.20000000,3.997
1749261659,3.94100000,4.40000000,3.997
1749261659,3.94000000,33.20000000,3.997
1749261659,3.93900000,5.20000000,3.997
1749261659,3.93800000,67.50000000,3.997
1749261659,3.93700000,3.90000000,3.997
1749261659,3.93600000,14.90000000,3.997
1749261659,3.93500000,682.80000000,3.997
1749261659,3.93400000,1530.20000000,3.997
1749261659,3.93300000,2.60000000,3.997
1749261659,3.93200000,14.10000000,3.997
1749261659,3.93100000,5671.60000000,3.997
1749261659,3.93000000,768.20000000,3.997
1749261659,3.92900000,5635.80000000,3.997
1749261659,3.92800000,261.40000000,3.997
1749261659,3.92700000,5649.20000000,3.997
1749261659,3.92600000,5.20000000,3.997
1749261659,3.92500000,58.60000000,3.997
1749261659,3.92400000,48.90000000,3.997
1749261659,3.92300000,2.60000000,3.997
1749261659,3.92200000,2.60000000,3.997
1749261659,3.92100000,771.30000000,3.997
1749261659,3.92000000,90.70000000,3.997
1749261659,3.91900000,1.30000000,3.997
1749261659,3.91800000,559.30000000,3.997
1749261659,3.91500000,4.60000000,3.997
1749261659,3.91400000,2.60000000,3.997
1749261659,3.91200000,1.50000000,3.997
1749261659,3.91100000,259.70000000,3.997
1749261659,3.91000000,24.80000000,3.997
1749261659,3.90900000,6.30000000,3.997
1749261659,3.90700000,16.70000000,3.997
1749261659,3.90600000,46.10000000,3.997
1749261659,3.90400000,1.60000000,3.997
1749261659,3.90100000,24.40000000,3.997
1749261659,3.90000000,932.50000000,3.997
1749261659,3.89900000,15.30000000,3.997
1749261659,3.89800000,1.50000000,3.997
1749261659,3.89700000,11.70000000,3.997
1749261659,3.89600000,1.50000000,3.997
1749261659,3.89500000,38.80000000,3.997
1749261659,3.89300000,16859.00000000,3.997
1749261659,3.89100000,54.30000000,3.997
1749261659,3.89000000,11.00000000,3.997
1749261659,3.88900000,10.80000000,3.997
1749261966,3.99500000,424.80000000,3.995
1749261966,3.99400000,779.70000000,3.995
1749261966,3.99300000,672.60000000,3.995
1749261966,3.99200000,562.50000000,3.995
1749261966,3.99100000,1455.40000000,3.995
1749261966,3.99000000,841.30000000,3.995
1749261966,3.98900000,1308.10000000,3.995
1749261966,3.98800000,489.20000000,3.995
1749261966,3.98700000,883.30000000,3.995
1749261966,3.98600000,787.10000000,3.995
1749261966,3.98500000,4684.50000000,3.995
1749261966,3.98400000,2417.80000000,3.995
1749261966,3.98300000,555.00000000,3.995
1749261966,3.98200000,3998.40000000,3.995
1749261966,3.98100000,632.00000000,3.995
1749261966,3.98000000,504.60000000,3.995
1749261966,3.97900000,473.10000000,3.995
1749261966,3.97800000,369.00000000,3.995
1749261966,3.97700000,248.90000000,3.995
1749261966,3.97600000,3022.60000000,3.995
1749261966,3.97500000,385.60000000,3.995
1749261966,3.97400000,3466.50000000,3.995
1749261966,3.97300000,1953.50000000,3.995
1749261966,3.97200000,316.90000000,3.995
1749261966,3.97100000,1101.90000000,3.995
1749261966,3.97000000,554.60000000,3.995
1749261966,3.96900000,360.30000000,3.995
1749261966,3.96800000,2481.60000000,3.995
1749261966,3.96700000,6077.40000000,3.995
1749261966,3.96600000,11512.10000000,3.995
1749261966,3.96500000,417.60000000,3.995
1749261966,3.96400000,339.00000000,3.995
1749261966,3.96300000,605.90000000,3.995
1749261966,3.96200000,292.10000000,3.995
1749261966,3.96100000,256.40000000,3.995
1749261966,3.96000000,180.10000000,3.995
1749261966,3.95900000,987.00000000,3.995
1749261966,3.95800000,162.30000000,3.995
1749261966,3.95700000,1519.70000000,3.995
1749261966,3.95600000,302.60000000,3.995
1749261966,3.95500000,679.90000000,3.995
1749261966,3.95400000,253.20000000,3.995
1749261966,3.95300000,226.30000000,3.995
1749261966,3.95200000,7.90000000,3.995
1749261966,3.95100000,4.40000000,3.995
1749261966,3.95000000,1854.20000000,3.995
1749261966,3.94900000,4.40000000,3.995
1749261966,3.94800000,1373.50000000,3.995
1749261966,3.94700000,6.90000000,3.995
1749261966,3.94600000,7.00000000,3.995
1749261966,3.94500000,8.00000000,3.995
1749261966,3.94400000,4.10000000,3.995
1749261966,3.94300000,31.30000000,3.995
1749261966,3.94200000,1524.80000000,3.995
1749261966,3.94100000,4.40000000,3.995
1749261966,3.94000000,33.20000000,3.995
1749261966,3.93900000,766.80000000,3.995
1749261966,3.93800000,6.60000000,3.995
1749261966,3.93700000,3.90000000,3.995
1749261966,3.93600000,2.60000000,3.995
1749261966,3.93500000,682.80000000,3.995
1749261966,3.93400000,797.90000000,3.995
1749261966,3.93300000,2.60000000,3.995
1749261966,3.93200000,14.10000000,3.995
1749261966,3.93100000,50.10000000,3.995
1749261966,3.93000000,41.50000000,3.995
1749261966,3.92900000,5635.80000000,3.995
1749261966,3.92800000,261.40000000,3.995
1749261966,3.92700000,5649.20000000,3.995
1749261966,3.92600000,5.20000000,3.995
1749261966,3.92500000,786.20000000,3.995
1749261966,3.92400000,5680.30000000,3.995
1749261966,3.92300000,2.60000000,3.995
1749261966,3.92200000,2.60000000,3.995
1749261966,3.92100000,780.30000000,3.995
1749261966,3.92000000,821.80000000,3.995
1749261966,3.91900000,1.30000000,3.995
1749261966,3.91800000,559.30000000,3.995
1749261966,3.91500000,4.60000000,3.995
1749261966,3.91400000,2.60000000,3.995
1749261966,3.91200000,1.50000000,3.995
1749261966,3.91100000,259.70000000,3.995
1749261966,3.91000000,24.80000000,3.995
1749261966,3.90900000,6.30000000,3.995
1749261966,3.90700000,16.70000000,3.995
1749261966,3.90600000,46.10000000,3.995
1749261966,3.90400000,1.60000000,3.995
1749261966,3.90100000,24.40000000,3.995
1749261966,3.90000000,932.50000000,3.995
1749261966,3.89900000,15.30000000,3.995
1749261966,3.89800000,1.50000000,3.995
1749261966,3.89700000,11.70000000,3.995
1749261966,3.89600000,1.50000000,3.995
1749261966,3.89500000,38.80000000,3.995
1749261966,3.89300000,1.50000000,3.995
1749261966,3.89100000,54.30000000,3.995
1749261966,3.89000000,11.00000000,3.995
1749261966,3.88900000,10.80000000,3.995
1749261966,3.88800000,1042.30000000,3.995
1749261966,3.88700000,5631.40000000,3.995
1749262272,3.99900000,544.10000000,3.999
1749262272,3.99800000,672.80000000,3.999
1749262272,3.99700000,373.30000000,3.999
1749262272,3.99600000,643.50000000,3.999
1749262272,3.99500000,1456.20000000,3.999
1749262272,3.99400000,2501.40000000,3.999
1749262272,3.99300000,1392.00000000,3.999
1749262272,3.99200000,544.60000000,3.999
1749262272,3.99100000,1706.10000000,3.999
1749262272,3.99000000,817.10000000,3.999
1749262272,3.98900000,1872.40000000,3.999
1749262272,3.98800000,900.30000000,3.999
1749262272,3.98700000,4613.40000000,3.999
1749262272,3.98600000,929.50000000,3.999
1749262272,3.98500000,315.60000000,3.999
1749262272,3.98400000,2086.70000000,3.999
1749262272,3.98300000,318.10000000,3.999
1749262272,3.98200000,1910.90000000,3.999
1749262272,3.98100000,1174.10000000,3.999
1749262272,3.98000000,2285.40000000,3.999
1749262272,3.97900000,473.10000000,3.999
1749262272,3.97800000,468.50000000,3.999
1749262272,3.97700000,2396.00000000,3.999
1749262272,3.97600000,703.90000000,3.999
1749262272,3.97500000,2170.40000000,3.999
1749262272,3.97400000,3466.50000000,3.999
1749262272,3.97300000,5.70000000,3.999
1749262272,3.97200000,258.40000000,3.999
1749262272,3.97100000,1331.10000000,3.999
1749262272,3.97000000,496.10000000,3.999
1749262272,3.96900000,360.30000000,3.999
1749262272,3.96800000,2481.60000000,3.999
1749262272,3.96700000,5789.40000000,3.999
1749262272,3.96600000,11512.10000000,3.999
1749262272,3.96500000,417.60000000,3.999
1749262272,3.96400000,339.00000000,3.999
1749262272,3.96300000,605.90000000,3.999
1749262272,3.96200000,292.10000000,3.999
1749262272,3.96100000,256.40000000,3.999
1749262272,3.96000000,180.10000000,3.999
1749262272,3.95900000,987.00000000,3.999
1749262272,3.95800000,2.50000000,3.999
1749262272,3.95700000,1519.70000000,3.999
1749262272,3.95600000,15.40000000,3.999
1749262272,3.95500000,679.90000000,3.999
1749262272,3.95400000,253.20000000,3.999
1749262272,3.95300000,226.30000000,3.999
1749262272,3.95200000,7.90000000,3.999
1749262272,3.95100000,4.40000000,3.999
1749262272,3.95000000,1854.20000000,3.999
1749262272,3.94900000,4.40000000,3.999
1749262272,3.94800000,1373.50000000,3.999
1749262272,3.94700000,6.90000000,3.999
1749262272,3.94600000,134.70000000,3.999
1749262272,3.94500000,1519.20000000,3.999
1749262272,3.94400000,4.10000000,3.999
1749262272,3.94300000,792.10000000,3.999
1749262272,3.94200000,13.20000000,3.999
1749262272,3.94100000,4.40000000,3.999
1749262272,3.94000000,33.20000000,3.999
1749262272,3.93900000,5.20000000,3.999
1749262272,3.93800000,6.60000000,3.999
1749262272,3.93700000,3.90000000,3.999
1749262272,3.93600000,2.60000000,3.999
1749262272,3.93500000,682.80000000,3.999
1749262272,3.93400000,797.90000000,3.999
1749262272,3.93300000,2.60000000,3.999
1749262272,3.93200000,14.10000000,3.999
1749262272,3.93100000,50.10000000,3.999
1749262272,3.93000000,41.50000000,3.999
1749262272,3.92900000,10.00000000,3.999
1749262272,3.92800000,261.40000000,3.999
1749262272,3.92700000,5649.20000000,3.999
1749262272,3.92600000,5.20000000,3.999
1749262272,3.92500000,786.20000000,3.999
1749262272,3.92400000,5680.30000000,3.999
1749262272,3.92300000,5632.80000000,3.999
1749262272,3.92100000,1506.00000000,3.999
1749262272,3.92000000,90.70000000,3.999
1749262272,3.91900000,1.30000000,3.999
1749262272,3.91800000,559.30000000,3.999
1749262272,3.91500000,4.60000000,3.999
1749262272,3.91400000,2.60000000,3.999
1749262272,3.91200000,1.50000000,3.999
1749262272,3.91100000,686.10000000,3.999
1749262272,3.91000000,24.80000000,3.999
1749262272,3.90900000,6.30000000,3.999
1749262272,3.90700000,16.70000000,3.999
1749262272,3.90600000,46.10000000,3.999
1749262272,3.90400000,1.60000000,3.999
1749262272,3.90100000,24.40000000,3.999
1749262272,3.90000000,932.50000000,3.999
1749262272,3.89900000,15.30000000,3.999
1749262272,3.89800000,1.50000000,3.999
1749262272,3.89700000,11.70000000,3.999
1749262272,3.89600000,1.50000000,3.999
1749262272,3.89500000,38.80000000,3.999
1749262272,3.89300000,1.50000000,3.999
1749262272,3.89100000,54.30000000,3.999
1749262272,3.89000000,11.00000000,3.999
1749262573,4.00700000,595.60000000,4.008
1749262573,4.00600000,643.70000000,4.008
1749262573,4.00500000,648.50000000,4.008
1749262573,4.00400000,1420.20000000,4.008
1749262573,4.00300000,1232.40000000,4.008
1749262573,4.00200000,1504.40000000,4.008
1749262573,4.00100000,2536.70000000,4.008
1749262573,4.00000000,927.30000000,4.008
1749262573,3.99900000,878.90000000,4.008
1749262573,3.99800000,677.80000000,4.008
1749262573,3.99700000,1469.00000000,4.008
1749262573,3.99600000,608.80000000,4.008
1749262573,3.99500000,1214.90000000,4.008
1749262573,3.99400000,4144.20000000,4.008
1749262573,3.99300000,846.40000000,4.008
1749262573,3.99200000,225.80000000,4.008
1749262573,3.99100000,1295.90000000,4.008
1749262573,3.99000000,405.60000000,4.008
1749262573,3.98900000,2297.70000000,4.008
1749262573,3.98800000,64.40000000,4.008
1749262573,3.98700000,2556.80000000,4.008
1749262573,3.98600000,2250.30000000,4.008
1749262573,3.98500000,689.70000000,4.008
1749262573,3.98400000,1878.40000000,4.008
1749262573,3.98300000,321.30000000,4.008
1749262573,3.98200000,2379.30000000,4.008
1749262573,3.98100000,1159.20000000,4.008
1749262573,3.98000000,75.90000000,4.008
1749262573,3.97900000,414.60000000,4.008
1749262573,3.97800000,253.20000000,4.008
1749262573,3.97700000,477.70000000,4.008
1749262573,3.97600000,506.80000000,4.008
1749262573,3.97500000,222.90000000,4.008
1749262573,3.97400000,3408.00000000,4.008
1749262573,3.97300000,11244.50000000,4.008
1749262573,3.97200000,5878.50000000,4.008
1749262573,3.97100000,414.50000000,4.008
1749262573,3.97000000,496.10000000,4.008
1749262573,3.96900000,612.00000000,4.008
1749262573,3.96800000,2481.60000000,4.008
1749262573,3.96700000,178.50000000,4.008
1749262573,3.96600000,254.90000000,4.008
1749262573,3.96500000,417.60000000,4.008
1749262573,3.96400000,179.50000000,4.008
1749262573,3.96300000,294.00000000,4.008
1749262573,3.96200000,132.50000000,4.008
1749262573,3.96100000,256.40000000,4.008
1749262573,3.96000000,20.40000000,4.008
1749262573,3.95900000,987.00000000,4.008
1749262573,3.95800000,2.50000000,4.008
1749262573,3.95700000,1519.70000000,4.008
1749262573,3.95600000,141.40000000,4.008
1749262573,3.95500000,679.90000000,4.008
1749262573,3.95400000,253.20000000,4.008
1749262573,3.95300000,226.30000000,4.008
1749262573,3.95200000,7.90000000,4.008
1749262573,3.95100000,763.70000000,4.008
1749262573,3.95000000,3363.60000000,4.008
1749262573,3.94900000,4.40000000,4.008
1749262573,3.94800000,1357.10000000,4.008
1749262573,3.94700000,6.90000000,4.008
1749262573,3.94600000,7.00000000,4.008
1749262573,3.94500000,8.00000000,4.008
1749262573,3.94400000,4.10000000,4.008
1749262573,3.94300000,755.60000000,4.008
1749262573,3.94200000,13.20000000,4.008
1749262573,3.94100000,4.40000000,4.008
1749262573,3.94000000,33.20000000,4.008
1749262573,3.93900000,5.20000000,4.008
1749262573,3.93800000,6.60000000,4.008
1749262573,3.93700000,5618.40000000,4.008
1749262573,3.93600000,2.60000000,4.008
1749262573,3.93500000,682.80000000,4.008
1749262573,3.93400000,808.40000000,4.008
1749262573,3.93300000,5621.30000000,4.008
1749262573,3.93200000,14.10000000,4.008
1749262573,3.93100000,5671.10000000,4.008
1749262573,3.93000000,38.90000000,4.008
1749262573,3.92900000,7.40000000,4.008
1749262573,3.92800000,258.80000000,4.008
1749262573,3.92700000,19.40000000,4.008
1749262573,3.92600000,2.60000000,4.008
1749262573,3.92500000,783.60000000,4.008
1749262573,3.92400000,46.30000000,4.008
1749262573,3.92100000,771.30000000,4.008
1749262573,3.92000000,90.70000000,4.008
1749262573,3.91900000,1.30000000,4.008
1749262573,3.91800000,559.30000000,4.008
1749262573,3.91500000,4.60000000,4.008
1749262573,3.91400000,2.60000000,4.008
1749262573,3.91200000,1.50000000,4.008
1749262573,3.91100000,686.10000000,4.008
1749262573,3.91000000,24.80000000,4.008
1749262573,3.90900000,6.30000000,4.008
1749262573,3.90700000,16.70000000,4.008
1749262573,3.90600000,46.10000000,4.008
1749262573,3.90400000,1.60000000,4.008
1749262573,3.90100000,24.40000000,4.008
1749262573,3.90000000,932.50000000,4.008
1749262573,3.89900000,15.30000000,4.008
1749262879,3.99700000,29.70000000,3.996
1749262879,3.99600000,272.50000000,3.996
1749262879,3.99500000,408.00000000,3.996
1749262879,3.99400000,637.30000000,3.996
1749262879,3.99300000,1119.30000000,3.996
1749262879,3.99200000,1116.30000000,3.996
1749262879,3.99100000,1107.70000000,3.996
1749262879,3.99000000,747.00000000,3.996
1749262879,3.98900000,2000.40000000,3.996
1749262879,3.98800000,3486.50000000,3.996
1749262879,3.98700000,731.70000000,3.996
1749262879,3.98600000,3758.40000000,3.996
1749262879,3.98500000,375.20000000,3.996
1749262879,3.98400000,615.50000000,3.996
1749262879,3.98300000,2442.00000000,3.996
1749262879,3.98200000,289.10000000,3.996
1749262879,3.98100000,1225.30000000,3.996
1749262879,3.98000000,2095.80000000,3.996
1749262879,3.97900000,1100.70000000,3.996
1749262879,3.97800000,3578.20000000,3.996
1749262879,3.97700000,353.00000000,3.996
1749262879,3.97600000,589.30000000,3.996
1749262879,3.97500000,1608.40000000,3.996
1749262879,3.97400000,838.40000000,3.996
1749262879,3.97300000,5.70000000,3.996
1749262879,3.97200000,887.10000000,3.996
1749262879,3.97100000,414.50000000,3.996
1749262879,3.97000000,496.10000000,3.996
1749262879,3.96900000,298.40000000,3.996
1749262879,3.96800000,261.00000000,3.996
1749262879,3.96700000,466.50000000,3.996
1749262879,3.96600000,8216.80000000,3.996
1749262879,3.96500000,11517.70000000,3.996
1749262879,3.96400000,163.40000000,3.996
1749262879,3.96300000,604.20000000,3.996
1749262879,3.96200000,1012.90000000,3.996
1749262879,3.96100000,288.80000000,3.996
1749262879,3.96000000,180.10000000,3.996
1749262879,3.95900000,265.70000000,3.996
1749262879,3.95800000,2.50000000,3.996
1749262879,3.95700000,1519.70000000,3.996
1749262879,3.95600000,141.40000000,3.996
1749262879,3.95500000,679.90000000,3.996
1749262879,3.95400000,253.20000000,3.996
1749262879,3.95300000,193.80000000,3.996
1749262879,3.95200000,7.90000000,3.996
1749262879,3.95100000,4.40000000,3.996
1749262879,3.95000000,1854.20000000,3.996
1749262879,3.94900000,4.40000000,3.996
1749262879,3.94800000,2.50000000,3.996
1749262879,3.94700000,6.90000000,3.996
1749262879,3.94600000,1390.50000000,3.996
1749262879,3.94500000,8.00000000,3.996
1749262879,3.94400000,4.10000000,3.996
1749262879,3.94300000,2303.50000000,3.996
1749262879,3.94200000,13.20000000,3.996
1749262879,3.94100000,4.40000000,3.996
1749262879,3.94000000,33.20000000,3.996
1749262879,3.93900000,5.20000000,3.996
1749262879,3.93800000,6.60000000,3.996
1749262879,3.93700000,3.90000000,3.996
1749262879,3.93600000,2.60000000,3.996
1749262879,3.93500000,682.80000000,3.996
1749262879,3.93400000,808.40000000,3.996
1749262879,3.93300000,728.70000000,3.996
1749262879,3.93200000,14.10000000,3.996
1749262879,3.93100000,5673.70000000,3.996
1749262879,3.93000000,5664.40000000,3.996
1749262879,3.92900000,10.00000000,3.996
1749262879,3.92800000,261.40000000,3.996
1749262879,3.92700000,22.00000000,3.996
1749262879,3.92600000,5635.20000000,3.996
1749262879,3.92500000,58.60000000,3.996
1749262879,3.92400000,776.70000000,3.996
1749262879,3.92300000,2.60000000,3.996
1749262879,3.92200000,2.60000000,3.996
1749262879,3.92100000,771.30000000,3.996
1749262879,3.92000000,90.70000000,3.996
1749262879,3.91900000,1.30000000,3.996
1749262879,3.91800000,31.10000000,3.996
1749262879,3.91600000,549.60000000,3.996
1749262879,3.91500000,4.60000000,3.996
1749262879,3.91400000,2.60000000,3.996
1749262879,3.91200000,1.50000000,3.996
1749262879,3.91100000,686.10000000,3.996
1749262879,3.91000000,24.80000000,3.996
1749262879,3.90900000,6.30000000,3.996
1749262879,3.90700000,16.70000000,3.996
1749262879,3.90600000,46.10000000,3.996
1749262879,3.90400000,1.60000000,3.996
1749262879,3.90100000,24.40000000,3.996
1749262879,3.90000000,958.10000000,3.996
1749262879,3.89900000,15.30000000,3.996
1749262879,3.89800000,1.50000000,3.996
1749262879,3.89700000,11.70000000,3.996
1749262879,3.89600000,1.50000000,3.996
1749262879,3.89500000,38.80000000,3.996
1749262879,3.89300000,1.50000000,3.996
1749262879,3.89100000,54.30000000,3.996
1749262879,3.89000000,11.00000000,3.996
1749263181,3.99700000,104.60000000,3.998
1749263181,3.99600000,360.40000000,3.998
1749263181,3.99500000,553.50000000,3.998
1749263181,3.99400000,1159.00000000,3.998
1749263181,3.99300000,1460.40000000,3.998
1749263181,3.99200000,530.70000000,3.998
1749263181,3.99100000,1240.00000000,3.998
1749263181,3.99000000,708.70000000,3.998
1749263181,3.98900000,1884.30000000,3.998
1749263181,3.98800000,217.10000000,3.998
1749263181,3.98700000,721.50000000,3.998
1749263181,3.98600000,2059.10000000,3.998
1749263181,3.98500000,375.20000000,3.998
1749263181,3.98400000,4261.80000000,3.998
1749263181,3.98300000,318.10000000,3.998
1749263181,3.98200000,1870.30000000,3.998
1749263181,3.98100000,1601.70000000,3.998
1749263181,3.98000000,2598.20000000,3.998
1749263181,3.97900000,473.10000000,3.998
1749263181,3.97800000,5201.40000000,3.998
1749263181,3.97700000,353.00000000,3.998
1749263181,3.97600000,2033.40000000,3.998
1749263181,3.97500000,281.40000000,3.998
1749263181,3.97400000,663.30000000,3.998
1749263181,3.97300000,5.70000000,3.998
1749263181,3.97200000,887.10000000,3.998
1749263181,3.97100000,414.50000000,3.998
1749263181,3.97000000,496.10000000,3.998
1749263181,3.96900000,298.40000000,3.998
1749263181,3.96800000,261.00000000,3.998
1749263181,3.96700000,450.20000000,3.998
1749263181,3.96600000,8216.80000000,3.998
1749263181,3.96500000,11517.70000000,3.998
1749263181,3.96400000,339.00000000,3.998
1749263181,3.96300000,604.20000000,3.998
1749263181,3.96200000,1012.90000000,3.998
1749263181,3.96100000,272.80000000,3.998
1749263181,3.96000000,180.10000000,3.998
1749263181,3.95900000,265.70000000,3.998
1749263181,3.95800000,2.50000000,3.998
1749263181,3.95700000,1679.60000000,3.998
1749263181,3.95600000,142.80000000,3.998
1749263181,3.95500000,679.90000000,3.998
1749263181,3.95400000,253.20000000,3.998
1749263181,3.95300000,226.30000000,3.998
1749263181,3.95200000,7.90000000,3.998
1749263181,3.95100000,4.40000000,3.998
1749263181,3.95000000,1854.20000000,3.998
1749263181,3.94900000,4.40000000,3.998
1749263181,3.94800000,2.50000000,3.998
1749263181,3.94700000,6.90000000,3.998
1749263181,3.94600000,1390.50000000,3.998
1749263181,3.94500000,8.00000000,3.998
1749263181,3.94400000,1515.40000000,3.998
1749263181,3.94300000,792.10000000,3.998
1749263181,3.94200000,13.20000000,3.998
1749263181,3.94100000,4.40000000,3.998
1749263181,3.94000000,33.20000000,3.998
1749263181,3.93900000,5.20000000,3.998
1749263181,3.93800000,6.60000000,3.998
1749263181,3.93700000,3.90000000,3.998
1749263181,3.93600000,2.60000000,3.998
1749263181,3.93500000,682.80000000,3.998
1749263181,3.93400000,797.90000000,3.998
1749263181,3.93300000,728.70000000,3.998
1749263181,3.93200000,14.10000000,3.998
1749263181,3.93100000,50.10000000,3.998
1749263181,3.93000000,41.50000000,3.998
1749263181,3.92900000,10.00000000,3.998
1749263181,3.92800000,261.40000000,3.998
1749263181,3.92700000,32.50000000,3.998
1749263181,3.92600000,5635.20000000,3.998
1749263181,3.92500000,58.60000000,3.998
1749263181,3.92400000,6408.10000000,3.998
1749263181,3.92300000,5635.40000000,3.998
1749263181,3.92200000,2.60000000,3.998
1749263181,3.92100000,771.30000000,3.998
1749263181,3.92000000,90.70000000,3.998
1749263181,3.91900000,1.30000000,3.998
1749263181,3.91800000,31.10000000,3.998
1749263181,3.91600000,549.60000000,3.998
1749263181,3.91500000,4.60000000,3.998
1749263181,3.91400000,2.60000000,3.998
1749263181,3.91200000,1.50000000,3.998
1749263181,3.91100000,686.10000000,3.998
1749263181,3.91000000,24.80000000,3.998
1749263181,3.90900000,6.30000000,3.998
1749263181,3.90700000,16.70000000,3.998
1749263181,3.90600000,46.10000000,3.998
1749263181,3.90400000,1.60000000,3.998
1749263181,3.90100000,24.40000000,3.998
1749263181,3.90000000,958.10000000,3.998
1749263181,3.89900000,15.30000000,3.998
1749263181,3.89800000,1.50000000,3.998
1749263181,3.89700000,11.70000000,3.998
1749263181,3.89600000,1.50000000,3.998
1749263181,3.89500000,38.80000000,3.998
1749263181,3.89300000,1.50000000,3.998
1749263181,3.89100000,54.30000000,3.998
1749263181,3.89000000,11.00000000,3.998
1749263487,3.99400000,651.40000000,3.994
1749263487,3.99300000,443.80000000,3.994
1749263487,3.99200000,572.00000000,3.994
1749263487,3.99100000,845.40000000,3.994
1749263487,3.99000000,2066.10000000,3.994
1749263487,3.98900000,2240.10000000,3.994
1749263487,3.98800000,1342.70000000,3.994
1749263487,3.98700000,2019.60000000,3.994
1749263487,3.98600000,1639.60000000,3.994
1749263487,3.98500000,974.50000000,3.994
1749263487,3.98400000,1108.40000000,3.994
1749263487,3.98300000,4959.30000000,3.994
1749263487,3.98200000,2050.70000000,3.994
1749263487,3.98100000,632.00000000,3.994
1749263487,3.98000000,739.20000000,3.994
1749263487,3.97900000,593.90000000,3.994
1749263487,3.97800000,2815.60000000,3.994
1749263487,3.97700000,248.90000000,3.994
1749263487,3.97600000,1723.50000000,3.994
1749263487,3.97500000,2061.80000000,3.994
1749263487,3.97400000,768.80000000,3.994
1749263487,3.97300000,5.70000000,3.994
1749263487,3.97200000,5036.50000000,3.994
1749263487,3.97100000,414.50000000,3.994
1749263487,3.97000000,574.00000000,3.994
1749263487,3.96900000,298.40000000,3.994
1749263487,3.96800000,548.90000000,3.994
1749263487,3.96700000,162.20000000,3.994
1749263487,3.96600000,8216.80000000,3.994
1749263487,3.96500000,11517.70000000,3.994
1749263487,3.96400000,339.00000000,3.994
1749263487,3.96300000,603.50000000,3.994
1749263487,3.96200000,1012.90000000,3.994
1749263487,3.96100000,272.80000000,3.994
1749263487,3.96000000,180.10000000,3.994
1749263487,3.95900000,265.70000000,3.994
1749263487,3.95800000,162.20000000,3.994
1749263487,3.95700000,1519.70000000,3.994
1749263487,3.95600000,302.70000000,3.994
1749263487,3.95500000,679.90000000,3.994
1749263487,3.95400000,413.10000000,3.994
1749263487,3.95300000,226.30000000,3.994
1749263487,3.95200000,7.90000000,3.994
1749263487,3.95100000,4.40000000,3.994
1749263487,3.95000000,1854.20000000,3.994
1749263487,3.94900000,4.40000000,3.994
1749263487,3.94800000,2.50000000,3.994
1749263487,3.94700000,6.90000000,3.994
1749263487,3.94600000,1390.50000000,3.994
1749263487,3.94500000,8.00000000,3.994
1749263487,3.94400000,4.10000000,3.994
1749263487,3.94300000,31.30000000,3.994
1749263487,3.94200000,13.20000000,3.994
1749263487,3.94100000,4.40000000,3.994
1749263487,3.94000000,1546.20000000,3.994
1749263487,3.93900000,766.80000000,3.994
1749263487,3.93800000,6.60000000,3.994
1749263487,3.93700000,3.90000000,3.994
1749263487,3.93600000,2.60000000,3.994
1749263487,3.93500000,682.80000000,3.994
1749263487,3.93400000,797.90000000,3.994
1749263487,3.93300000,2.60000000,3.994
1749263487,3.93200000,14.10000000,3.994
1749263487,3.93100000,50.10000000,3.994
1749263487,3.93000000,41.50000000,3.994
1749263487,3.92900000,10.00000000,3.994
1749263487,3.92800000,261.40000000,3.994
1749263487,3.92700000,125.10000000,3.994
1749263487,3.92600000,5635.20000000,3.994
1749263487,3.92500000,58.60000000,3.994
1749263487,3.92400000,6408.10000000,3.994
1749263487,3.92300000,6363.40000000,3.994
1749263487,3.92200000,2.60000000,3.994
1749263487,3.92100000,773.90000000,3.994
1749263487,3.92000000,93.30000000,3.994
1749263487,3.91900000,3.90000000,3.994
1749263487,3.91800000,31.10000000,3.994
1749263487,3.91600000,549.60000000,3.994
1749263487,3.91500000,4.60000000,3.994
1749263487,3.91400000,2.60000000,3.994
1749263487,3.91200000,1.50000000,3.994
1749263487,3.91100000,686.10000000,3.994
1749263487,3.91000000,251.90000000,3.994
1749263487,3.90900000,6.30000000,3.994
1749263487,3.90700000,16.70000000,3.994
1749263487,3.90600000,46.10000000,3.994
1749263487,3.90400000,1.60000000,3.994
1749263487,3.90100000,3.90000000,3.994
1749263487,3.90000000,958.10000000,3.994
1749263487,3.89900000,15.30000000,3.994
1749263487,3.89800000,1.50000000,3.994
1749263487,3.89700000,11.70000000,3.994
1749263487,3.89600000,1.50000000,3.994
1749263487,3.89500000,38.80000000,3.994
1749263487,3.89300000,1.50000000,3.994
1749263487,3.89100000,54.30000000,3.994
1749263487,3.89000000,11.00000000,3.994
1749263487,3.88900000,10.80000000,3.994
1749263487,3.88800000,502.60000000,3.994
1749263487,3.88700000,4.20000000,3.994
1749263793,3.99600000,29.70000000,3.996
1749263793,3.99500000,819.00000000,3.996
1749263793,3.99400000,739.40000000,3.996
1749263793,3.99300000,624.50000000,3.996
1749263793,3.99200000,809.20000000,3.996
1749263793,3.99100000,1103.30000000,3.996
1749263793,3.99000000,872.80000000,3.996
1749263793,3.98900000,1485.30000000,3.996
1749263793,3.98800000,694.70000000,3.996
1749263793,3.98700000,4503.40000000,3.996
1749263793,3.98600000,1329.90000000,3.996
1749263793,3.98500000,693.80000000,3.996
1749263793,3.98400000,621.70000000,3.996
1749263793,3.98300000,2023.30000000,3.996
1749263793,3.98200000,1816.70000000,3.996
1749263793,3.98100000,632.00000000,3.996
1749263793,3.98000000,211.10000000,3.996
1749263793,3.97900000,2253.50000000,3.996
1749263793,3.97800000,2438.90000000,3.996
1749263793,3.97700000,1219.80000000,3.996
1749263793,3.97600000,1208.30000000,3.996
1749263793,3.97500000,1772.00000000,3.996
1749263793,3.97400000,721.80000000,3.996
1749263793,3.97300000,64.20000000,3.996
1749263793,3.97200000,3020.90000000,3.996
1749263793,3.97100000,414.50000000,3.996
1749263793,3.97000000,496.10000000,3.996
1749263793,3.96900000,298.40000000,3.996
1749263793,3.96800000,261.00000000,3.996
1749263793,3.96700000,162.20000000,3.996
1749263793,3.96600000,8517.20000000,3.996
1749263793,3.96500000,12147.50000000,3.996
1749263793,3.96400000,339.00000000,3.996
1749263793,3.96300000,603.50000000,3.996
1749263793,3.96200000,1012.90000000,3.996
1749263793,3.96100000,272.80000000,3.996
1749263793,3.96000000,180.10000000,3.996
1749263793,3.95900000,265.70000000,3.996
1749263793,3.95800000,162.20000000,3.996
1749263793,3.95700000,1519.70000000,3.996
1749263793,3.95600000,175.30000000,3.996
1749263793,3.95500000,679.90000000,3.996
1749263793,3.95400000,253.20000000,3.996
1749263793,3.95300000,226.30000000,3.996
1749263793,3.95200000,9.30000000,3.996
1749263793,3.95100000,4.40000000,3.996
1749263793,3.95000000,1854.20000000,3.996
1749263793,3.94900000,4.40000000,3.996
1749263793,3.94800000,2.50000000,3.996
1749263793,3.94700000,6.90000000,3.996
1749263793,3.94600000,1518.20000000,3.996
1749263793,3.94500000,8.00000000,3.996
1749263793,3.94400000,4.10000000,3.996
1749263793,3.94300000,31.30000000,3.996
1749263793,3.94200000,13.20000000,3.996
1749263793,3.94100000,1516.40000000,3.996
1749263793,3.94000000,33.20000000,3.996
1749263793,3.93900000,766.80000000,3.996
1749263793,3.93800000,6.60000000,3.996
1749263793,3.93700000,3.90000000,3.996
1749263793,3.93600000,2.60000000,3.996
1749263793,3.93500000,682.80000000,3.996
1749263793,3.93400000,797.90000000,3.996
1749263793,3.93300000,2.60000000,3.996
1749263793,3.93200000,14.10000000,3.996
1749263793,3.93100000,50.10000000,3.996
1749263793,3.93000000,41.50000000,3.996
1749263793,3.92900000,10.00000000,3.996
1749263793,3.92800000,261.40000000,3.996
1749263793,3.92700000,64.30000000,3.996
1749263793,3.92600000,5635.20000000,3.996
1749263793,3.92500000,74.60000000,3.996
1749263793,3.92400000,6408.10000000,3.996
1749263793,3.92300000,6363.40000000,3.996
1749263793,3.92200000,2.60000000,3.996
1749263793,3.92100000,773.90000000,3.996
1749263793,3.92000000,90.70000000,3.996
1749263793,3.91900000,1.30000000,3.996
1749263793,3.91800000,31.10000000,3.996
1749263793,3.91600000,549.60000000,3.996
1749263793,3.91500000,4.60000000,3.996
1749263793,3.91400000,2.60000000,3.996
1749263793,3.91200000,1.50000000,3.996
1749263793,3.91100000,686.10000000,3.996
1749263793,3.91000000,251.90000000,3.996
1749263793,3.90900000,6.30000000,3.996
1749263793,3.90700000,16.70000000,3.996
1749263793,3.90600000,46.10000000,3.996
1749263793,3.90400000,1.60000000,3.996
1749263793,3.90100000,3.90000000,3.996
1749263793,3.90000000,958.10000000,3.996
1749263793,3.89900000,15.30000000,3.996
1749263793,3.89800000,1.50000000,3.996
1749263793,3.89700000,11.70000000,3.996
1749263793,3.89600000,1.50000000,3.996
1749263793,3.89500000,38.80000000,3.996
1749263793,3.89300000,1.50000000,3.996
1749263793,3.89100000,54.30000000,3.996
1749263793,3.89000000,11.00000000,3.996
1749263793,3.88900000,10.80000000,3.996
1749264095,3.99100000,539.70000000,3.992
1749264095,3.99000000,1187.00000000,3.992
1749264095,3.98900000,687.80000000,3.992
1749264095,3.98800000,814.20000000,3.992
1749264095,3.98700000,1364.00000000,3.992
1749264095,3.98600000,950.50000000,3.992
1749264095,3.98500000,591.30000000,3.992
1749264095,3.98400000,596.90000000,3.992
1749264095,3.98300000,2299.20000000,3.992
1749264095,3.98200000,796.10000000,3.992
1749264095,3.98100000,584.10000000,3.992
1749264095,3.98000000,3791.60000000,3.992
1749264095,3.97900000,1119.60000000,3.992
1749264095,3.97800000,4020.10000000,3.992
1749264095,3.97700000,369.70000000,3.992
1749264095,3.97600000,1799.90000000,3.992
1749264095,3.97500000,2168.70000000,3.992
1749264095,3.97400000,1282.30000000,3.992
1749264095,3.97300000,5.70000000,3.992
1749264095,3.97200000,3020.90000000,3.992
1749264095,3.97100000,596.70000000,3.992
1749264095,3.97000000,1945.30000000,3.992
1749264095,3.96900000,927.60000000,3.992
1749264095,3.96800000,261.00000000,3.992
1749264095,3.96700000,162.20000000,3.992
1749264095,3.96600000,8504.90000000,3.992
1749264095,3.96500000,11517.70000000,3.992
1749264095,3.96400000,339.00000000,3.992
1749264095,3.96300000,294.00000000,3.992
1749264095,3.96200000,1012.90000000,3.992
1749264095,3.96100000,523.50000000,3.992
1749264095,3.96000000,180.10000000,3.992
1749264095,3.95900000,265.70000000,3.992
1749264095,3.95800000,162.30000000,3.992
1749264095,3.95700000,1831.90000000,3.992
1749264095,3.95600000,425.90000000,3.992
1749264095,3.95500000,679.90000000,3.992
1749264095,3.95400000,253.20000000,3.992
1749264095,3.95300000,226.30000000,3.992
1749264095,3.95200000,9.30000000,3.992
1749264095,3.95100000,4.40000000,3.992
1749264095,3.95000000,1854.20000000,3.992
1749264095,3.94900000,4.40000000,3.992
1749264095,3.94800000,2.50000000,3.992
1749264095,3.94700000,6.90000000,3.992
1749264095,3.94600000,1518.20000000,3.992
1749264095,3.94500000,8.00000000,3.992
1749264095,3.94400000,4.10000000,3.992
1749264095,3.94300000,31.30000000,3.992
1749264095,3.94200000,13.20000000,3.992
1749264095,3.94100000,6.30000000,3.992
1749264095,3.94000000,33.20000000,3.992
1749264095,3.93900000,5.20000000,3.992
1749264095,3.93800000,1520.10000000,3.992
1749264095,3.93700000,3.90000000,3.992
1749264095,3.93600000,2.60000000,3.992
1749264095,3.93500000,1445.10000000,3.992
1749264095,3.93400000,797.90000000,3.992
1749264095,3.93300000,2.60000000,3.992
1749264095,3.93200000,36.90000000,3.992
1749264095,3.93100000,50.10000000,3.992
1749264095,3.93000000,41.50000000,3.992
1749264095,3.92900000,10.00000000,3.992
1749264095,3.92800000,261.40000000,3.992
1749264095,3.92700000,59.40000000,3.992
1749264095,3.92600000,5635.20000000,3.992
1749264095,3.92500000,58.60000000,3.992
1749264095,3.92400000,6408.10000000,3.992
1749264095,3.92300000,2.60000000,3.992
1749264095,3.92200000,5638.20000000,3.992
1749264095,3.92100000,773.90000000,3.992
1749264095,3.92000000,93.30000000,3.992
1749264095,3.91900000,732.60000000,3.992
1749264095,3.91800000,33.70000000,3.992
1749264095,3.91700000,2.60000000,3.992
1749264095,3.91600000,552.20000000,3.992
1749264095,3.91500000,4.60000000,3.992
1749264095,3.91400000,2.60000000,3.992
1749264095,3.91200000,1.50000000,3.992
1749264095,3.91100000,686.10000000,3.992
1749264095,3.91000000,251.90000000,3.992
1749264095,3.90900000,6.30000000,3.992
1749264095,3.90700000,16.70000000,3.992
1749264095,3.90600000,46.10000000,3.992
1749264095,3.90400000,1.60000000,3.992
1749264095,3.90100000,3.90000000,3.992
1749264095,3.90000000,958.10000000,3.992
1749264095,3.89900000,15.30000000,3.992
1749264095,3.89800000,1.50000000,3.992
1749264095,3.89700000,11.70000000,3.992
1749264095,3.89600000,1.50000000,3.992
1749264095,3.89500000,38.80000000,3.992
1749264095,3.89300000,1.50000000,3.992
1749264095,3.89100000,54.30000000,3.992
1749264095,3.89000000,11.00000000,3.992
1749264095,3.88900000,10.80000000,3.992
1749264095,3.88800000,502.60000000,3.992
1749264095,3.88700000,4.20000000,3.992
1749264095,3.88600000,7590.80000000,3.992
1749264095,3.88500000,16894.80000000,3.992
1749264402,3.99500000,46.90000000,3.995
1749264402,3.99400000,567.80000000,3.995
1749264402,3.99300000,558.10000000,3.995
1749264402,3.99200000,1191.90000000,3.995
1749264402,3.99100000,1659.80000000,3.995
1749264402,3.99000000,1141.30000000,3.995
1749264402,3.98900000,1410.30000000,3.995
1749264402,3.98800000,1804.80000000,3.995
1749264402,3.98700000,1114.60000000,3.995
1749264402,3.98600000,1202.10000000,3.995
1749264402,3.98500000,1044.90000000,3.995
1749264402,3.98400000,3785.20000000,3.995
1749264402,3.98300000,1433.00000000,3.995
1749264402,3.98200000,763.60000000,3.995
1749264402,3.98100000,701.00000000,3.995
1749264402,3.98000000,1311.30000000,3.995
1749264402,3.97900000,607.80000000,3.995
1749264402,3.97800000,1837.70000000,3.995
1749264402,3.97700000,192.30000000,3.995
1749264402,3.97600000,2293.90000000,3.995
1749264402,3.97500000,274.20000000,3.995
1749264402,3.97400000,5161.30000000,3.995
1749264402,3.97300000,5.70000000,3.995
1749264402,3.97200000,3020.90000000,3.995
1749264402,3.97100000,548.70000000,3.995
1749264402,3.97000000,1214.70000000,3.995
1749264402,3.96900000,173.30000000,3.995
1749264402,3.96800000,511.70000000,3.995
1749264402,3.96700000,450.20000000,3.995
1749264402,3.96600000,414.40000000,3.995
1749264402,3.96500000,11520.50000000,3.995
1749264402,3.96400000,339.00000000,3.995
1749264402,3.96300000,294.00000000,3.995
1749264402,3.96200000,162.10000000,3.995
1749264402,3.96100000,507.10000000,3.995
1749264402,3.96000000,180.10000000,3.995
1749264402,3.95900000,6280.20000000,3.995
1749264402,3.95800000,162.30000000,3.995
1749264402,3.95700000,1831.90000000,3.995
1749264402,3.95600000,2598.30000000,3.995
1749264402,3.95500000,679.90000000,3.995
1749264402,3.95400000,975.50000000,3.995
1749264402,3.95300000,193.80000000,3.995
1749264402,3.95200000,9.30000000,3.995
1749264402,3.95100000,134.80000000,3.995
1749264402,3.95000000,1902.80000000,3.995
1749264402,3.94900000,4.40000000,3.995
1749264402,3.94800000,3.90000000,3.995
1749264402,3.94700000,6.90000000,3.995
1749264402,3.94600000,1518.20000000,3.995
1749264402,3.94500000,8.00000000,3.995
1749264402,3.94400000,4.10000000,3.995
1749264402,3.94300000,31.30000000,3.995
1749264402,3.94200000,1526.00000000,3.995
1749264402,3.94100000,6.30000000,3.995
1749264402,3.94000000,33.20000000,3.995
1749264402,3.93900000,768.70000000,3.995
1749264402,3.93800000,6.60000000,3.995
1749264402,3.93700000,5.80000000,3.995
1749264402,3.93600000,2.60000000,3.995
1749264402,3.93500000,682.80000000,3.995
1749264402,3.93400000,11.30000000,3.995
1749264402,3.93300000,2.60000000,3.995
1749264402,3.93200000,14.10000000,3.995
1749264402,3.93100000,50.10000000,3.995
1749264402,3.93000000,41.50000000,3.995
1749264402,3.92900000,10.00000000,3.995
1749264402,3.92800000,261.40000000,3.995
1749264402,3.92700000,59.40000000,3.995
1749264402,3.92600000,5.20000000,3.995
1749264402,3.92500000,70.90000000,3.995
1749264402,3.92400000,6409.50000000,3.995
1749264402,3.92300000,13.10000000,3.995
1749264402,3.92200000,5638.20000000,3.995
1749264402,3.92100000,1621.50000000,3.995
1749264402,3.92000000,93.30000000,3.995
1749264402,3.91900000,5639.70000000,3.995
1749264402,3.91800000,31.10000000,3.995
1749264402,3.91600000,549.60000000,3.995
1749264402,3.91500000,4.60000000,3.995
1749264402,3.91400000,2.60000000,3.995
1749264402,3.91200000,1.50000000,3.995
1749264402,3.91100000,686.10000000,3.995
1749264402,3.91000000,251.90000000,3.995
1749264402,3.90900000,6.30000000,3.995
1749264402,3.90800000,730.80000000,3.995
1749264402,3.90700000,16.70000000,3.995
1749264402,3.90600000,46.10000000,3.995
1749264402,3.90400000,1.60000000,3.995
1749264402,3.90100000,3.90000000,3.995
1749264402,3.90000000,958.10000000,3.995
1749264402,3.89900000,15.30000000,3.995
1749264402,3.89800000,1.50000000,3.995
1749264402,3.89700000,11.70000000,3.995
1749264402,3.89600000,1.50000000,3.995
1749264402,3.89500000,38.80000000,3.995
1749264402,3.89300000,1.50000000,3.995
1749264402,3.89100000,54.30000000,3.995
1749264402,3.89000000,11.00000000,3.995
1749264402,3.88900000,10.80000000,3.995
1749264703,3.99200000,856.10000000,3.992
1749264703,3.99100000,1277.40000000,3.992
1749264703,3.99000000,674.20000000,3.992
1749264703,3.98900000,1252.00000000,3.992
1749264703,3.98800000,1740.70000000,3.992
1749264703,3.98700000,1767.90000000,3.992
1749264703,3.98600000,1828.90000000,3.992
1749264703,3.98500000,1793.80000000,3.992
1749264703,3.98400000,1484.30000000,3.992
1749264703,3.98300000,1432.60000000,3.992
1749264703,3.98200000,368.20000000,3.992
1749264703,3.98100000,4353.40000000,3.992
1749264703,3.98000000,2333.30000000,3.992
1749264703,3.97900000,475.00000000,3.992
1749264703,3.97800000,1896.20000000,3.992
1749264703,3.97700000,358.00000000,3.992
1749264703,3.97600000,627.60000000,3.992
1749264703,3.97500000,2003.30000000,3.992
1749264703,3.97400000,3167.50000000,3.992
1749264703,3.97300000,5.70000000,3.992
1749264703,3.97200000,3020.90000000,3.992
1749264703,3.97100000,1989.50000000,3.992
1749264703,3.97000000,558.00000000,3.992
1749264703,3.96900000,802.60000000,3.992
1749264703,3.96800000,511.70000000,3.992
1749264703,3.96700000,162.20000000,3.992
1749264703,3.96600000,6332.50000000,3.992
1749264703,3.96500000,12024.80000000,3.992
1749264703,3.96400000,339.00000000,3.992
1749264703,3.96300000,607.90000000,3.992
1749264703,3.96200000,162.10000000,3.992
1749264703,3.96100000,507.10000000,3.992
1749264703,3.96000000,192.40000000,3.992
1749264703,3.95900000,641.80000000,3.992
1749264703,3.95800000,162.30000000,3.992
1749264703,3.95700000,1519.70000000,3.992
1749264703,3.95600000,2438.50000000,3.992
1749264703,3.95500000,839.80000000,3.992
1749264703,3.95400000,975.50000000,3.992
1749264703,3.95300000,193.80000000,3.992
1749264703,3.95200000,169.30000000,3.992
1749264703,3.95100000,134.80000000,3.992
1749264703,3.95000000,1902.80000000,3.992
1749264703,3.94900000,4.40000000,3.992
1749264703,3.94800000,2.50000000,3.992
1749264703,3.94700000,6.90000000,3.992
1749264703,3.94600000,1518.20000000,3.992
1749264703,3.94500000,8.00000000,3.992
1749264703,3.94400000,4.10000000,3.992
1749264703,3.94300000,31.30000000,3.992
1749264703,3.94200000,13.20000000,3.992
1749264703,3.94100000,6.30000000,3.992
1749264703,3.94000000,33.20000000,3.992
1749264703,3.93900000,2281.70000000,3.992
1749264703,3.93800000,6.60000000,3.992
1749264703,3.93700000,5.80000000,3.992
1749264703,3.93600000,2.60000000,3.992
1749264703,3.93500000,682.80000000,3.992
1749264703,3.93400000,11.30000000,3.992
1749264703,3.93300000,2.60000000,3.992
1749264703,3.93200000,14.10000000,3.992
1749264703,3.93100000,50.10000000,3.992
1749264703,3.93000000,41.50000000,3.992
1749264703,3.92900000,10.00000000,3.992
1749264703,3.92800000,261.40000000,3.992
1749264703,3.92700000,59.40000000,3.992
1749264703,3.92600000,6423.70000000,3.992
1749264703,3.92500000,69.10000000,3.992
1749264703,3.92400000,6409.50000000,3.992
1749264703,3.92300000,2.60000000,3.992
1749264703,3.92200000,5638.20000000,3.992
1749264703,3.92100000,1560.30000000,3.992
1749264703,3.92000000,93.30000000,3.992
1749264703,3.91900000,3.90000000,3.992
1749264703,3.91800000,33.70000000,3.992
1749264703,3.91700000,2.60000000,3.992
1749264703,3.91600000,549.60000000,3.992
1749264703,3.91500000,4.60000000,3.992
1749264703,3.91400000,2.60000000,3.992
1749264703,3.91200000,1.50000000,3.992
1749264703,3.91100000,686.10000000,3.992
1749264703,3.91000000,251.90000000,3.992
1749264703,3.90900000,6.30000000,3.992
1749264703,3.90700000,16.70000000,3.992
1749264703,3.90600000,46.10000000,3.992
1749264703,3.90400000,1.60000000,3.992
1749264703,3.90100000,3.90000000,3.992
1749264703,3.90000000,958.10000000,3.992
1749264703,3.89900000,15.30000000,3.992
1749264703,3.89700000,11.70000000,3.992
1749264703,3.89600000,1.50000000,3.992
1749264703,3.89500000,38.80000000,3.992
1749264703,3.89300000,1.50000000,3.992
1749264703,3.89100000,54.30000000,3.992
1749264703,3.89000000,11.00000000,3.992
1749264703,3.88900000,10.80000000,3.992
1749264703,3.88800000,502.60000000,3.992
1749264703,3.88700000,4.20000000,3.992
1749264703,3.88600000,6162.20000000,3.992
1749264703,3.88500000,16899.00000000,3.992
1749265005,4.00700000,835.30000000,4.007
1749265005,4.00600000,1113.00000000,4.007
1749265005,4.00500000,1097.90000000,4.007
1749265005,4.00400000,723.40000000,4.007
1749265005,4.00300000,1034.30000000,4.007
1749265005,4.00200000,3508.90000000,4.007
1749265005,4.00100000,1098.60000000,4.007
1749265005,4.00000000,1678.60000000,4.007
1749265005,3.99900000,2771.20000000,4.007
1749265005,3.99800000,171.80000000,4.007
1749265005,3.99700000,3717.60000000,4.007
1749265005,3.99600000,832.30000000,4.007
1749265005,3.99500000,1562.50000000,4.007
1749265005,3.99400000,377.10000000,4.007
1749265005,3.99300000,662.30000000,4.007
1749265005,3.99200000,1067.80000000,4.007
1749265005,3.99100000,316.90000000,4.007
1749265005,3.99000000,434.90000000,4.007
1749265005,3.98900000,531.20000000,4.007
1749265005,3.98800000,2150.90000000,4.007
1749265005,3.98700000,849.50000000,4.007
1749265005,3.98600000,3055.10000000,4.007
1749265005,3.98500000,1960.20000000,4.007
1749265005,3.98400000,495.70000000,4.007
1749265005,3.98300000,608.50000000,4.007
1749265005,3.98200000,232.20000000,4.007
1749265005,3.98100000,580.80000000,4.007
1749265005,3.98000000,363.00000000,4.007
1749265005,3.97900000,2540.40000000,4.007
1749265005,3.97800000,253.20000000,4.007
1749265005,3.97700000,190.40000000,4.007
1749265005,3.97600000,1134.90000000,4.007
1749265005,3.97500000,222.90000000,4.007
1749265005,3.97400000,838.40000000,4.007
1749265005,3.97300000,6847.90000000,4.007
1749265005,3.97200000,14263.90000000,4.007
1749265005,3.97100000,414.50000000,4.007
1749265005,3.97000000,496.10000000,4.007
1749265005,3.96900000,612.50000000,4.007
1749265005,3.96800000,511.70000000,4.007
1749265005,3.96700000,162.20000000,4.007
1749265005,3.96600000,254.90000000,4.007
1749265005,3.96500000,257.70000000,4.007
1749265005,3.96400000,3.90000000,4.007
1749265005,3.96300000,294.00000000,4.007
1749265005,3.96200000,2.50000000,4.007
1749265005,3.96100000,386.40000000,4.007
1749265005,3.96000000,19.00000000,4.007
1749265005,3.95900000,265.70000000,4.007
1749265005,3.95800000,35.00000000,4.007
1749265005,3.95700000,1519.70000000,4.007
1749265005,3.95600000,2313.80000000,4.007
1749265005,3.95500000,679.90000000,4.007
1749265005,3.95400000,253.20000000,4.007
1749265005,3.95300000,1702.40000000,4.007
1749265005,3.95200000,7.90000000,4.007
1749265005,3.95100000,4.40000000,4.007
1749265005,3.95000000,1870.30000000,4.007
1749265005,3.94900000,764.10000000,4.007
1749265005,3.94800000,2.50000000,4.007
1749265005,3.94700000,6.90000000,4.007
1749265005,3.94600000,1390.50000000,4.007
1749265005,3.94500000,8.00000000,4.007
1749265005,3.94400000,4.10000000,4.007
1749265005,3.94300000,755.60000000,4.007
1749265005,3.94200000,13.20000000,4.007
1749265005,3.94100000,6.30000000,4.007
1749265005,3.94000000,33.20000000,4.007
1749265005,3.93900000,62.40000000,4.007
1749265005,3.93800000,5619.70000000,4.007
1749265005,3.93700000,5.80000000,4.007
1749265005,3.93600000,5619.20000000,4.007
1749265005,3.93500000,682.80000000,4.007
1749265005,3.93400000,788.60000000,4.007
1749265005,3.93300000,5622.70000000,4.007
1749265005,3.93200000,14.10000000,4.007
1749265005,3.93100000,47.50000000,4.007
1749265005,3.93000000,38.90000000,4.007
1749265005,3.92900000,7.40000000,4.007
1749265005,3.92800000,258.80000000,4.007
1749265005,3.92700000,56.80000000,4.007
1749265005,3.92600000,2.60000000,4.007
1749265005,3.92500000,56.00000000,4.007
1749265005,3.92400000,774.10000000,4.007
1749265005,3.92100000,771.30000000,4.007
1749265005,3.92000000,90.70000000,4.007
1749265005,3.91900000,1.30000000,4.007
1749265005,3.91800000,31.10000000,4.007
1749265005,3.91600000,549.60000000,4.007
1749265005,3.91500000,4.60000000,4.007
1749265005,3.91400000,2.60000000,4.007
1749265005,3.91200000,1.50000000,4.007
1749265005,3.91100000,686.10000000,4.007
1749265005,3.91000000,251.90000000,4.007
1749265005,3.90900000,6.30000000,4.007
1749265005,3.90700000,16.70000000,4.007
1749265005,3.90600000,46.10000000,4.007
1749265005,3.90400000,1.60000000,4.007
1749265005,3.90100000,3.90000000,4.007
1749265005,3.90000000,958.10000000,4.007
1749265306,3.99600000,4.00000000,3.997
1749265306,3.99500000,470.00000000,3.997
1749265306,3.99400000,1010.40000000,3.997
1749265306,3.99300000,1430.40000000,3.997
1749265306,3.99200000,2888.00000000,3.997
1749265306,3.99100000,1882.50000000,3.997
1749265306,3.99000000,1873.10000000,3.997
1749265306,3.98900000,1321.60000000,3.997
1749265306,3.98800000,1371.60000000,3.997
1749265306,3.98700000,4293.50000000,3.997
1749265306,3.98600000,2511.30000000,3.997
1749265306,3.98500000,533.40000000,3.997
1749265306,3.98400000,2814.10000000,3.997
1749265306,3.98300000,664.30000000,3.997
1749265306,3.98200000,2445.90000000,3.997
1749265306,3.98100000,1174.10000000,3.997
1749265306,3.98000000,2903.50000000,3.997
1749265306,3.97900000,473.10000000,3.997
1749265306,3.97800000,318.70000000,3.997
1749265306,3.97700000,353.10000000,3.997
1749265306,3.97600000,1193.40000000,3.997
1749265306,3.97500000,2032.80000000,3.997
1749265306,3.97400000,896.90000000,3.997
1749265306,3.97300000,64.20000000,3.997
1749265306,3.97200000,761.80000000,3.997
1749265306,3.97100000,473.00000000,3.997
1749265306,3.97000000,554.60000000,3.997
1749265306,3.96900000,2529.30000000,3.997
1749265306,3.96800000,511.70000000,3.997
1749265306,3.96700000,162.20000000,3.997
1749265306,3.96600000,6042.90000000,3.997
1749265306,3.96500000,12254.00000000,3.997
1749265306,3.96400000,163.40000000,3.997
1749265306,3.96300000,608.40000000,3.997
1749265306,3.96200000,162.10000000,3.997
1749265306,3.96100000,637.10000000,3.997
1749265306,3.96000000,20.40000000,3.997
1749265306,3.95900000,265.70000000,3.997
1749265306,3.95800000,35.00000000,3.997
1749265306,3.95700000,1679.50000000,3.997
1749265306,3.95600000,141.40000000,3.997
1749265306,3.95500000,679.90000000,3.997
1749265306,3.95400000,253.20000000,3.997
1749265306,3.95300000,193.80000000,3.997
1749265306,3.95200000,7.90000000,3.997
1749265306,3.95100000,4.40000000,3.997
1749265306,3.95000000,1854.20000000,3.997
1749265306,3.94900000,4.40000000,3.997
1749265306,3.94800000,2.50000000,3.997
1749265306,3.94700000,6.90000000,3.997
1749265306,3.94600000,1390.50000000,3.997
1749265306,3.94500000,8.00000000,3.997
1749265306,3.94400000,4.10000000,3.997
1749265306,3.94300000,2266.70000000,3.997
1749265306,3.94200000,13.20000000,3.997
1749265306,3.94100000,767.50000000,3.997
1749265306,3.94000000,33.20000000,3.997
1749265306,3.93900000,7.10000000,3.997
1749265306,3.93800000,6.60000000,3.997
1749265306,3.93700000,5.80000000,3.997
1749265306,3.93600000,2.60000000,3.997
1749265306,3.93500000,682.80000000,3.997
1749265306,3.93400000,788.60000000,3.997
1749265306,3.93300000,728.70000000,3.997
1749265306,3.93200000,70.20000000,3.997
1749265306,3.93100000,5671.60000000,3.997
1749265306,3.93000000,41.50000000,3.997
1749265306,3.92900000,5635.80000000,3.997
1749265306,3.92800000,261.40000000,3.997
1749265306,3.92700000,59.40000000,3.997
1749265306,3.92600000,5633.80000000,3.997
1749265306,3.92500000,58.60000000,3.997
1749265306,3.92400000,31.40000000,3.997
1749265306,3.92300000,2.60000000,3.997
1749265306,3.92200000,2.60000000,3.997
1749265306,3.92100000,773.90000000,3.997
1749265306,3.92000000,90.70000000,3.997
1749265306,3.91900000,1.30000000,3.997
1749265306,3.91800000,31.10000000,3.997
1749265306,3.91600000,549.60000000,3.997
1749265306,3.91500000,4.60000000,3.997
1749265306,3.91400000,2.60000000,3.997
1749265306,3.91200000,1.50000000,3.997
1749265306,3.91100000,686.10000000,3.997
1749265306,3.91000000,251.90000000,3.997
1749265306,3.90900000,6.30000000,3.997
1749265306,3.90600000,46.10000000,3.997
1749265306,3.90400000,1.60000000,3.997
1749265306,3.90100000,3.90000000,3.997
1749265306,3.90000000,958.10000000,3.997
1749265306,3.89900000,15.30000000,3.997
1749265306,3.89700000,11.70000000,3.997
1749265306,3.89600000,1.50000000,3.997
1749265306,3.89500000,38.80000000,3.997
1749265306,3.89300000,1.50000000,3.997
1749265306,3.89100000,54.30000000,3.997
1749265306,3.89000000,11.00000000,3.997
1749265306,3.88900000,10.80000000,3.997
1749265306,3.88800000,502.60000000,3.997
1749265306,3.88700000,4.20000000,3.997
1749265608,4.01500000,303.40000000,4.016
1749265608,4.01400000,1041.40000000,4.016
1749265608,4.01300000,1550.60000000,4.016
1749265608,4.01200000,2268.10000000,4.016
1749265608,4.01100000,1010.30000000,4.016
1749265608,4.01000000,6940.20000000,4.016
1749265608,4.00900000,3036.60000000,4.016
1749265608,4.00800000,1698.40000000,4.016
1749265608,4.00700000,1458.60000000,4.016
1749265608,4.00600000,857.30000000,4.016
1749265608,4.00500000,336.30000000,4.016
1749265608,4.00400000,64.40000000,4.016
1749265608,4.00300000,755.00000000,4.016
1749265608,4.00200000,725.30000000,4.016
1749265608,4.00100000,180.10000000,4.016
1749265608,4.00000000,233.60000000,4.016
1749265608,3.99900000,562.90000000,4.016
1749265608,3.99800000,1965.00000000,4.016
1749265608,3.99700000,657.00000000,4.016
1749265608,3.99600000,779.30000000,4.016
1749265608,3.99500000,845.80000000,4.016
1749265608,3.99400000,4550.20000000,4.016
1749265608,3.99300000,313.70000000,4.016
1749265608,3.99200000,381.50000000,4.016
1749265608,3.99100000,1139.60000000,4.016
1749265608,3.99000000,314.40000000,4.016
1749265608,3.98900000,2599.40000000,4.016
1749265608,3.98800000,313.20000000,4.016
1749265608,3.98700000,6085.40000000,4.016
1749265608,3.98600000,12083.60000000,4.016
1749265608,3.98500000,415.30000000,4.016
1749265608,3.98400000,452.80000000,4.016
1749265608,3.98300000,1052.10000000,4.016
1749265608,3.98200000,173.70000000,4.016
1749265608,3.98100000,842.20000000,4.016
1749265608,3.98000000,2776.60000000,4.016
1749265608,3.97900000,539.40000000,4.016
1749265608,3.97800000,253.20000000,4.016
1749265608,3.97700000,190.40000000,4.016
1749265608,3.97600000,506.80000000,4.016
1749265608,3.97500000,222.60000000,4.016
1749265608,3.97400000,1146.90000000,4.016
1749265608,3.97300000,5.70000000,4.016
1749265608,3.97200000,258.40000000,4.016
1749265608,3.97100000,134.10000000,4.016
1749265608,3.97000000,496.10000000,4.016
1749265608,3.96900000,2186.30000000,4.016
1749265608,3.96800000,259.60000000,4.016
1749265608,3.96700000,2.50000000,4.016
1749265608,3.96600000,4.20000000,4.016
1749265608,3.96500000,257.70000000,4.016
1749265608,3.96400000,2.50000000,4.016
1749265608,3.96300000,1972.90000000,4.016
1749265608,3.96200000,2.50000000,4.016
1749265608,3.96100000,288.90000000,4.016
1749265608,3.96000000,4019.00000000,4.016
1749265608,3.95900000,1023.50000000,4.016
1749265608,3.95800000,35.00000000,4.016
1749265608,3.95700000,1519.70000000,4.016
1749265608,3.95600000,2782.00000000,4.016
1749265608,3.95500000,679.90000000,4.016
1749265608,3.95400000,253.20000000,4.016
1749265608,3.95300000,18.70000000,4.016
1749265608,3.95200000,7.90000000,4.016
1749265608,3.95100000,4.40000000,4.016
1749265608,3.95000000,1854.20000000,4.016
1749265608,3.94900000,4.40000000,4.016
1749265608,3.94800000,2.50000000,4.016
1749265608,3.94700000,6396.60000000,4.016
1749265608,3.94600000,1406.50000000,4.016
1749265608,3.94500000,5611.30000000,4.016
1749265608,3.94400000,5608.80000000,4.016
1749265608,3.94300000,31.30000000,4.016
1749265608,3.94200000,13.20000000,4.016
1749265608,3.94100000,25.70000000,4.016
1749265608,3.94000000,33.20000000,4.016
1749265608,3.93900000,4.50000000,4.016
1749265608,3.93800000,4.00000000,4.016
1749265608,3.93700000,3.20000000,4.016
1749265608,3.93500000,680.20000000,4.016
1749265608,3.93400000,8.70000000,4.016
1749265608,3.93300000,726.10000000,4.016
1749265608,3.93200000,11.50000000,4.016
1749265608,3.93100000,47.50000000,4.016
1749265608,3.93000000,38.90000000,4.016
1749265608,3.92900000,7.40000000,4.016
1749265608,3.92800000,258.80000000,4.016
1749265608,3.92700000,19.40000000,4.016
1749265608,3.92600000,2.60000000,4.016
1749265608,3.92500000,56.00000000,4.016
1749265608,3.92400000,28.80000000,4.016
1749265608,3.92100000,771.30000000,4.016
1749265608,3.92000000,90.70000000,4.016
1749265608,3.91900000,1.30000000,4.016
1749265608,3.91800000,31.10000000,4.016
1749265608,3.91600000,549.60000000,4.016
1749265608,3.91500000,4.60000000,4.016
1749265608,3.91400000,2.60000000,4.016
1749265608,3.91200000,1.50000000,4.016
1749265608,3.91100000,686.10000000,4.016
1749265910,4.01500000,334.60000000,4.016
1749265910,4.01400000,999.60000000,4.016
1749265910,4.01300000,1362.00000000,4.016
1749265910,4.01200000,1350.40000000,4.016
1749265910,4.01100000,2426.40000000,4.016
1749265910,4.01000000,5469.00000000,4.016
1749265910,4.00900000,4002.70000000,4.016
1749265910,4.00800000,3383.20000000,4.016
1749265910,4.00700000,1806.80000000,4.016
1749265910,4.00600000,732.70000000,4.016
1749265910,4.00500000,1168.30000000,4.016
1749265910,4.00400000,376.80000000,4.016
1749265910,4.00300000,1811.50000000,4.016
1749265910,4.00200000,2306.50000000,4.016
1749265910,4.00100000,185.00000000,4.016
1749265910,4.00000000,2329.10000000,4.016
1749265910,3.99900000,2688.70000000,4.016
1749265910,3.99800000,705.00000000,4.016
1749265910,3.99700000,670.80000000,4.016
1749265910,3.99600000,779.30000000,4.016
1749265910,3.99500000,198.00000000,4.016
1749265910,3.99400000,535.00000000,4.016
1749265910,3.99300000,599.80000000,4.016
1749265910,3.99200000,1760.80000000,4.016
1749265910,3.99100000,853.30000000,4.016
1749265910,3.99000000,447.70000000,4.016
1749265910,3.98900000,473.60000000,4.016
1749265910,3.98800000,3086.20000000,4.016
1749265910,3.98700000,6642.10000000,4.016
1749265910,3.98600000,5855.20000000,4.016
1749265910,3.98500000,6018.60000000,4.016
1749265910,3.98400000,437.20000000,4.016
1749265910,3.98300000,1052.10000000,4.016
1749265910,3.98200000,2346.10000000,4.016
1749265910,3.98100000,830.40000000,4.016
1749265910,3.98000000,14.10000000,4.016
1749265910,3.97900000,539.40000000,4.016
1749265910,3.97800000,253.20000000,4.016
1749265910,3.97700000,190.40000000,4.016
1749265910,3.97600000,531.90000000,4.016
1749265910,3.97500000,222.50000000,4.016
1749265910,3.97400000,1146.90000000,4.016
1749265910,3.97300000,5.70000000,4.016
1749265910,3.97200000,258.40000000,4.016
1749265910,3.97100000,134.10000000,4.016
1749265910,3.97000000,511.80000000,4.016
1749265910,3.96900000,13.90000000,4.016
1749265910,3.96800000,259.60000000,4.016
1749265910,3.96700000,2.50000000,4.016
1749265910,3.96600000,36.60000000,4.016
1749265910,3.96500000,257.70000000,4.016
1749265910,3.96400000,2.50000000,4.016
1749265910,3.96300000,468.70000000,4.016
1749265910,3.96200000,759.70000000,4.016
1749265910,3.96100000,1793.60000000,4.016
1749265910,3.96000000,4019.00000000,4.016
1749265910,3.95900000,265.70000000,4.016
1749265910,3.95800000,2.50000000,4.016
1749265910,3.95700000,19.70000000,4.016
1749265910,3.95600000,2782.00000000,4.016
1749265910,3.95500000,679.90000000,4.016
1749265910,3.95400000,253.20000000,4.016
1749265910,3.95300000,18.70000000,4.016
1749265910,3.95200000,7.90000000,4.016
1749265910,3.95100000,4.40000000,4.016
1749265910,3.95000000,1854.20000000,4.016
1749265910,3.94900000,4.40000000,4.016
1749265910,3.94800000,2.50000000,4.016
1749265910,3.94700000,6396.60000000,4.016
1749265910,3.94600000,1406.50000000,4.016
1749265910,3.94500000,5611.30000000,4.016
1749265910,3.94400000,5608.80000000,4.016
1749265910,3.94300000,755.60000000,4.016
1749265910,3.94200000,13.20000000,4.016
1749265910,3.94100000,25.70000000,4.016
1749265910,3.94000000,33.20000000,4.016
1749265910,3.93900000,4.50000000,4.016
1749265910,3.93800000,4.00000000,4.016
1749265910,3.93700000,3.20000000,4.016
1749265910,3.93500000,680.20000000,4.016
1749265910,3.93400000,8.70000000,4.016
1749265910,3.93200000,11.50000000,4.016
1749265910,3.93100000,47.50000000,4.016
1749265910,3.93000000,38.90000000,4.016
1749265910,3.92900000,7.40000000,4.016
1749265910,3.92800000,258.80000000,4.016
1749265910,3.92700000,19.40000000,4.016
1749265910,3.92600000,2.60000000,4.016
1749265910,3.92500000,56.00000000,4.016
1749265910,3.92400000,28.80000000,4.016
1749265910,3.92100000,771.30000000,4.016
1749265910,3.92000000,90.70000000,4.016
1749265910,3.91900000,1.30000000,4.016
1749265910,3.91800000,31.10000000,4.016
1749265910,3.91600000,549.60000000,4.016
1749265910,3.91500000,4.60000000,4.016
1749265910,3.91400000,2.60000000,4.016
1749265910,3.91200000,1.50000000,4.016
1749265910,3.91100000,686.10000000,4.016
1749265910,3.91000000,251.90000000,4.016
1749266211,4.04100000,327.20000000,4.042
1749266211,4.04000000,484.00000000,4.042
1749266211,4.03900000,1379.50000000,4.042
1749266211,4.03800000,2065.80000000,4.042
1749266211,4.03700000,3626.80000000,4.042
1749266211,4.03600000,1679.10000000,4.042
1749266211,4.03500000,2550.80000000,4.042
1749266211,4.03400000,3155.00000000,4.042
1749266211,4.03300000,1694.40000000,4.042
1749266211,4.03200000,1031.30000000,4.042
1749266211,4.03100000,189.70000000,4.042
1749266211,4.03000000,471.30000000,4.042
1749266211,4.02900000,476.40000000,4.042
1749266211,4.02800000,946.80000000,4.042
1749266211,4.02700000,562.00000000,4.042
1749266211,4.02600000,416.30000000,4.042
1749266211,4.02500000,85.10000000,4.042
1749266211,4.02400000,471.70000000,4.042
1749266211,4.02300000,315.10000000,4.042
1749266211,4.02200000,1842.80000000,4.042
1749266211,4.02100000,576.20000000,4.042
1749266211,4.02000000,267.00000000,4.042
1749266211,4.01900000,226.30000000,4.042
1749266211,4.01800000,2385.20000000,4.042
1749266211,4.01700000,1172.50000000,4.042
1749266211,4.01600000,224.00000000,4.042
1749266211,4.01500000,11378.80000000,4.042
1749266211,4.01400000,2397.80000000,4.042
1749266211,4.01300000,5627.50000000,4.042
1749266211,4.01200000,1539.20000000,4.042
1749266211,4.01100000,632.40000000,4.042
1749266211,4.01000000,3781.80000000,4.042
1749266211,4.00900000,2540.20000000,4.042
1749266211,4.00800000,263.30000000,4.042
1749266211,4.00700000,168.70000000,4.042
1749266211,4.00600000,730.20000000,4.042
1749266211,4.00500000,255.20000000,4.042
1749266211,4.00400000,3414.20000000,4.042
1749266211,4.00300000,7.10000000,4.042
1749266211,4.00200000,504.00000000,4.042
1749266211,4.00100000,4.50000000,4.042
1749266211,4.00000000,862.20000000,4.042
1749266211,3.99900000,505.90000000,4.042
1749266211,3.99800000,2.60000000,4.042
1749266211,3.99700000,4.50000000,4.042
1749266211,3.99600000,504.00000000,4.042
1749266211,3.99500000,17.80000000,4.042
1749266211,3.99400000,315.30000000,4.042
1749266211,3.99300000,256.70000000,4.042
1749266211,3.99200000,4.10000000,4.042
1749266211,3.99100000,388.80000000,4.042
1749266211,3.99000000,5.20000000,4.042
1749266211,3.98900000,255.20000000,4.042
1749266211,3.98800000,13.10000000,4.042
1749266211,3.98700000,1750.00000000,4.042
1749266211,3.98600000,725.10000000,4.042
1749266211,3.98500000,1008.00000000,4.042
1749266211,3.98400000,24.90000000,4.042
1749266211,3.98300000,550.00000000,4.042
1749266211,3.98200000,2211.70000000,4.042
1749266211,3.98100000,271.60000000,4.042
1749266211,3.98000000,12.70000000,4.042
1749266211,3.97900000,255.20000000,4.042
1749266211,3.97800000,2.50000000,4.042
1749266211,3.97700000,31.00000000,4.042
1749266211,3.97600000,254.70000000,4.042
1749266211,3.97500000,63.50000000,4.042
1749266211,3.97400000,5847.30000000,4.042
1749266211,3.97300000,833.10000000,4.042
1749266211,3.97200000,10920.10000000,4.042
1749266211,3.97100000,4.40000000,4.042
1749266211,3.97000000,496.10000000,4.042
1749266211,3.96900000,139.60000000,4.042
1749266211,3.96800000,1668.20000000,4.042
1749266211,3.96700000,2.50000000,4.042
1749266211,3.96600000,4.20000000,4.042
1749266211,3.96500000,255.20000000,4.042
1749266211,3.96300000,1012.10000000,4.042
1749266211,3.96200000,124.90000000,4.042
1749266211,3.96100000,250.70000000,4.042
1749266211,3.96000000,4016.50000000,4.042
1749266211,3.95900000,12.50000000,4.042
1749266211,3.95700000,17.20000000,4.042
1749266211,3.95600000,1930.20000000,4.042
1749266211,3.95500000,677.40000000,4.042
1749266211,3.95300000,14.30000000,4.042
1749266211,3.95200000,5.40000000,4.042
1749266211,3.95000000,1851.70000000,4.042
1749266211,3.94800000,75.60000000,4.042
1749266211,3.94700000,27.70000000,4.042
1749266211,3.94600000,20.50000000,4.042
1749266211,3.94500000,3.50000000,4.042
1749266211,3.94400000,1.50000000,4.042
1749266211,3.94300000,26.80000000,4.042
1749266211,3.94200000,10.60000000,4.042
1749266211,3.94100000,21.20000000,4.042
1749266211,3.94000000,55.90000000,4.042
1749266211,3.93900000,2.60000000,4.042
1749266211,3.93800000,4.00000000,4.042
1749266211,3.93700000,1.30000000,4.042
1749266513,4.02500000,105.80000000,4.026
1749266513,4.02400000,722.30000000,4.026
1749266513,4.02300000,1275.90000000,4.026
1749266513,4.02200000,2412.00000000,4.026
1749266513,4.02100000,4410.00000000,4.026
1749266513,4.02000000,2301.20000000,4.026
1749266513,4.01900000,4342.40000000,4.026
1749266513,4.01800000,2236.80000000,4.026
1749266513,4.01700000,475.80000000,4.026
1749266513,4.01600000,421.90000000,4.026
1749266513,4.01500000,2241.50000000,4.026
1749266513,4.01400000,2181.70000000,4.026
1749266513,4.01300000,63.00000000,4.026
1749266513,4.01200000,1010.80000000,4.026
1749266513,4.01100000,1745.70000000,4.026
1749266513,4.01000000,6347.10000000,4.026
1749266513,4.00900000,472.90000000,4.026
1749266513,4.00800000,321.80000000,4.026
1749266513,4.00700000,227.20000000,4.026
1749266513,4.00600000,3236.60000000,4.026
1749266513,4.00500000,535.20000000,4.026
1749266513,4.00400000,4.00000000,4.026
1749266513,4.00300000,1105.90000000,4.026
1749266513,4.00200000,2177.70000000,4.026
1749266513,4.00100000,5800.80000000,4.026
1749266513,4.00000000,6277.30000000,4.026
1749266513,3.99900000,1188.90000000,4.026
1749266513,3.99800000,2.60000000,4.026
1749266513,3.99700000,221.30000000,4.026
1749266513,3.99600000,6251.60000000,4.026
1749266513,3.99500000,2190.20000000,4.026
1749266513,3.99400000,626.90000000,4.026
1749266513,3.99300000,256.70000000,4.026
1749266513,3.99200000,30.50000000,4.026
1749266513,3.99100000,388.80000000,4.026
1749266513,3.99000000,163.70000000,4.026
1749266513,3.98900000,971.10000000,4.026
1749266513,3.98800000,173.10000000,4.026
1749266513,3.98700000,255.20000000,4.026
1749266513,3.98600000,317.50000000,4.026
1749266513,3.98500000,255.20000000,4.026
1749266513,3.98400000,24.90000000,4.026
1749266513,3.98300000,550.00000000,4.026
1749266513,3.98200000,46.60000000,4.026
1749266513,3.98100000,271.60000000,4.026
1749266513,3.98000000,12.70000000,4.026
1749266513,3.97900000,255.20000000,4.026
1749266513,3.97800000,2.50000000,4.026
1749266513,3.97700000,31.00000000,4.026
1749266513,3.97600000,254.70000000,4.026
1749266513,3.97500000,63.50000000,4.026
1749266513,3.97400000,253.20000000,4.026
1749266513,3.97300000,798.20000000,4.026
1749266513,3.97200000,257.00000000,4.026
1749266513,3.97100000,4.40000000,4.026
1749266513,3.97000000,2148.50000000,4.026
1749266513,3.96900000,733.40000000,4.026
1749266513,3.96800000,1643.10000000,4.026
1749266513,3.96700000,2.50000000,4.026
1749266513,3.96600000,155.10000000,4.026
1749266513,3.96500000,257.70000000,4.026
1749266513,3.96400000,2.50000000,4.026
1749266513,3.96300000,294.00000000,4.026
1749266513,3.96200000,2.50000000,4.026
1749266513,3.96100000,253.20000000,4.026
1749266513,3.96000000,4809.00000000,4.026
1749266513,3.95900000,9646.70000000,4.026
1749266513,3.95800000,63.10000000,4.026
1749266513,3.95700000,19.70000000,4.026
1749266513,3.95600000,7520.70000000,4.026
1749266513,3.95500000,679.90000000,4.026
1749266513,3.95400000,724.80000000,4.026
1749266513,3.95300000,16.80000000,4.026
1749266513,3.95200000,7.90000000,4.026
1749266513,3.95100000,2.50000000,4.026
1749266513,3.95000000,1854.20000000,4.026
1749266513,3.94700000,128.90000000,4.026
1749266513,3.94600000,45.70000000,4.026
1749266513,3.94500000,79.40000000,4.026
1749266513,3.94400000,1.50000000,4.026
1749266513,3.94300000,26.80000000,4.026
1749266513,3.94200000,10.60000000,4.026
1749266513,3.94100000,21.20000000,4.026
1749266513,3.94000000,30.60000000,4.026
1749266513,3.93900000,2.60000000,4.026
1749266513,3.93800000,4.00000000,4.026
1749266513,3.93700000,1.30000000,4.026
1749266513,3.93500000,680.20000000,4.026
1749266513,3.93400000,8.70000000,4.026
1749266513,3.93200000,11.50000000,4.026
1749266513,3.93100000,47.50000000,4.026
1749266513,3.93000000,64.30000000,4.026
1749266513,3.92900000,7.40000000,4.026
1749266513,3.92800000,258.80000000,4.026
1749266513,3.92700000,19.40000000,4.026
1749266513,3.92600000,205.90000000,4.026
1749266513,3.92500000,56.00000000,4.026
1749266513,3.92400000,28.80000000,4.026
1749266513,3.92100000,771.30000000,4.026
1749266513,3.92000000,5670.40000000,4.026
1749266814,4.05000000,350.10000000,4.051
1749266814,4.04900000,498.20000000,4.051
1749266814,4.04800000,919.90000000,4.051
1749266814,4.04700000,1200.90000000,4.051
1749266814,4.04600000,3559.10000000,4.051
1749266814,4.04500000,3555.60000000,4.051
1749266814,4.04400000,1689.90000000,4.051
1749266814,4.04300000,2491.10000000,4.051
1749266814,4.04200000,4314.80000000,4.051
1749266814,4.04100000,574.70000000,4.051
1749266814,4.04000000,845.10000000,4.051
1749266814,4.03900000,788.30000000,4.051
1749266814,4.03800000,315.00000000,4.051
1749266814,4.03700000,849.30000000,4.051
1749266814,4.03600000,986.40000000,4.051
1749266814,4.03500000,335.70000000,4.051
1749266814,4.03400000,315.00000000,4.051
1749266814,4.03300000,799.30000000,4.051
1749266814,4.03200000,1905.20000000,4.051
1749266814,4.03100000,418.80000000,4.051
1749266814,4.03000000,80.30000000,4.051
1749266814,4.02900000,474.60000000,4.051
1749266814,4.02800000,843.60000000,4.051
1749266814,4.02700000,62.90000000,4.051
1749266814,4.02600000,475.20000000,4.051
1749266814,4.02500000,369.60000000,4.051
1749266814,4.02400000,2488.00000000,4.051
1749266814,4.02300000,2133.10000000,4.051
1749266814,4.02200000,2614.10000000,4.051
1749266814,4.02100000,255.20000000,4.051
1749266814,4.02000000,267.00000000,4.051
1749266814,4.01900000,163.30000000,4.051
1749266814,4.01800000,841.80000000,4.051
1749266814,4.01700000,5973.00000000,4.051
1749266814,4.01600000,165.50000000,4.051
1749266814,4.01500000,5932.50000000,4.051
1749266814,4.01400000,8799.80000000,4.051
1749266814,4.01300000,4.50000000,4.051
1749266814,4.01200000,852.30000000,4.051
1749266814,4.01100000,753.70000000,4.051
1749266814,4.01000000,3829.30000000,4.051
1749266814,4.00900000,414.40000000,4.051
1749266814,4.00800000,276.30000000,4.051
1749266814,4.00700000,9.50000000,4.051
1749266814,4.00600000,979.10000000,4.051
1749266814,4.00500000,379.80000000,4.051
1749266814,4.00400000,4.00000000,4.051
1749266814,4.00300000,22.70000000,4.051
1749266814,4.00200000,632.70000000,4.051
1749266814,4.00100000,4.50000000,4.051
1749266814,4.00000000,143.20000000,4.051
1749266814,3.99900000,505.90000000,4.051
1749266814,3.99800000,2.60000000,4.051
1749266814,3.99700000,29.40000000,4.051
1749266814,3.99600000,253.30000000,4.051
1749266814,3.99500000,2941.10000000,4.051
1749266814,3.99400000,64.60000000,4.051
1749266814,3.99300000,256.70000000,4.051
1749266814,3.99200000,4.10000000,4.051
1749266814,3.99100000,1754.40000000,4.051
1749266814,3.99000000,37.40000000,4.051
1749266814,3.98900000,280.20000000,4.051
1749266814,3.98800000,2.60000000,4.051
1749266814,3.98700000,255.20000000,4.051
1749266814,3.98600000,8.60000000,4.051
1749266814,3.98500000,971.80000000,4.051
1749266814,3.98400000,150.10000000,4.051
1749266814,3.98300000,550.00000000,4.051
1749266814,3.98200000,14.30000000,4.051
1749266814,3.98100000,271.60000000,4.051
1749266814,3.98000000,20.90000000,4.051
1749266814,3.97900000,255.20000000,4.051
1749266814,3.97800000,14.80000000,4.051
1749266814,3.97700000,5587.30000000,4.051
1749266814,3.97600000,254.70000000,4.051
1749266814,3.97500000,63.50000000,4.051
1749266814,3.97400000,250.70000000,4.051
1749266814,3.97300000,11657.30000000,4.051
1749266814,3.97200000,254.50000000,4.051
1749266814,3.97100000,62.30000000,4.051
1749266814,3.97000000,493.60000000,4.051
1749266814,3.96900000,36.50000000,4.051
1749266814,3.96800000,1640.60000000,4.051
1749266814,3.96700000,125.80000000,4.051
1749266814,3.96600000,721.80000000,4.051
1749266814,3.96500000,255.20000000,4.051
1749266814,3.96300000,40.80000000,4.051
1749266814,3.96000000,4016.50000000,4.051
1749266814,3.95900000,10.60000000,4.051
1749266814,3.95700000,15.30000000,4.051
1749266814,3.95600000,1930.20000000,4.051
1749266814,3.95500000,677.40000000,4.051
1749266814,3.95300000,14.30000000,4.051
1749266814,3.95200000,5.40000000,4.051
1749266814,3.95100000,549.60000000,4.051
1749266814,3.95000000,1851.70000000,4.051
1749266814,3.94800000,25.20000000,4.051
1749266814,3.94700000,2.50000000,4.051
1749266814,3.94600000,20.50000000,4.051
1749266814,3.94500000,3.50000000,4.051
1749267116,4.04200000,691.70000000,4.042
1749267116,4.04100000,1780.50000000,4.042
1749267116,4.04000000,2116.30000000,4.042
1749267116,4.03900000,2924.30000000,4.042
1749267116,4.03800000,4000.50000000,4.042
1749267116,4.03700000,3267.70000000,4.042
1749267116,4.03600000,2438.70000000,4.042
1749267116,4.03500000,1428.50000000,4.042
1749267116,4.03400000,315.00000000,4.042
1749267116,4.03300000,429.10000000,4.042
1749267116,4.03200000,1071.20000000,4.042
1749267116,4.03100000,688.60000000,4.042
1749267116,4.03000000,1136.80000000,4.042
1749267116,4.02900000,601.40000000,4.042
1749267116,4.02800000,999.60000000,4.042
1749267116,4.02700000,3769.90000000,4.042
1749267116,4.02600000,846.40000000,4.042
1749267116,4.02500000,389.80000000,4.042
1749267116,4.02400000,62.40000000,4.042
1749267116,4.02300000,1905.70000000,4.042
1749267116,4.02200000,3086.90000000,4.042
1749267116,4.02100000,313.70000000,4.042
1749267116,4.02000000,325.50000000,4.042
1749267116,4.01900000,506.10000000,4.042
1749267116,4.01800000,1766.60000000,4.042
1749267116,4.01700000,1057.80000000,4.042
1749267116,4.01600000,224.00000000,4.042
1749267116,4.01500000,5817.70000000,4.042
1749267116,4.01400000,6773.70000000,4.042
1749267116,4.01300000,63.00000000,4.042
1749267116,4.01200000,435.90000000,4.042
1749267116,4.01100000,255.20000000,4.042
1749267116,4.01000000,9396.60000000,4.042
1749267116,4.00900000,430.00000000,4.042
1749267116,4.00800000,2435.70000000,4.042
1749267116,4.00700000,666.40000000,4.042
1749267116,4.00600000,579.60000000,4.042
1749267116,4.00500000,255.20000000,4.042
1749267116,4.00400000,4.00000000,4.042
1749267116,4.00300000,7.10000000,4.042
1749267116,4.00200000,632.70000000,4.042
1749267116,4.00100000,29.40000000,4.042
1749267116,4.00000000,143.20000000,4.042
1749267116,3.99900000,505.90000000,4.042
1749267116,3.99800000,34.70000000,4.042
1749267116,3.99700000,4.50000000,4.042
1749267116,3.99600000,968.00000000,4.042
1749267116,3.99500000,17.80000000,4.042
1749267116,3.99400000,64.60000000,4.042
1749267116,3.99300000,256.70000000,4.042
1749267116,3.99200000,4.10000000,4.042
1749267116,3.99100000,259.80000000,4.042
1749267116,3.99000000,1388.70000000,4.042
1749267116,3.98900000,255.20000000,4.042
1749267116,3.98800000,2.60000000,4.042
1749267116,3.98700000,1007.60000000,4.042
1749267116,3.98600000,1503.80000000,4.042
1749267116,3.98500000,971.80000000,4.042
1749267116,3.98400000,24.90000000,4.042
1749267116,3.98300000,550.00000000,4.042
1749267116,3.98200000,14.30000000,4.042
1749267116,3.98100000,271.60000000,4.042
1749267116,3.98000000,520.90000000,4.042
1749267116,3.97900000,255.20000000,4.042
1749267116,3.97800000,2.50000000,4.042
1749267116,3.97700000,31.00000000,4.042
1749267116,3.97600000,254.70000000,4.042
1749267116,3.97500000,63.50000000,4.042
1749267116,3.97400000,301.40000000,4.042
1749267116,3.97300000,11913.50000000,4.042
1749267116,3.97200000,257.00000000,4.042
1749267116,3.97100000,64.80000000,4.042
1749267116,3.97000000,6062.00000000,4.042
1749267116,3.96900000,13.90000000,4.042
1749267116,3.96800000,259.60000000,4.042
1749267116,3.96700000,2.50000000,4.042
1749267116,3.96600000,721.80000000,4.042
1749267116,3.96500000,255.20000000,4.042
1749267116,3.96300000,38.90000000,4.042
1749267116,3.96200000,12.60000000,4.042
1749267116,3.96000000,4016.50000000,4.042
1749267116,3.95900000,10.60000000,4.042
1749267116,3.95700000,15.30000000,4.042
1749267116,3.95600000,1930.20000000,4.042
1749267116,3.95500000,677.40000000,4.042
1749267116,3.95300000,14.30000000,4.042
1749267116,3.95200000,5.40000000,4.042
1749267116,3.95100000,549.60000000,4.042
1749267116,3.95000000,1851.70000000,4.042
1749267116,3.94700000,2.50000000,4.042
1749267116,3.94600000,20.50000000,4.042
1749267116,3.94500000,3.50000000,4.042
1749267116,3.94400000,1.50000000,4.042
1749267116,3.94300000,26.80000000,4.042
1749267116,3.94200000,10.60000000,4.042
1749267116,3.94100000,21.20000000,4.042
1749267116,3.94000000,30.60000000,4.042
1749267116,3.93900000,2.60000000,4.042
1749267116,3.93800000,4.00000000,4.042
1749267116,3.93700000,1.30000000,4.042
1749267417,4.04400000,279.40000000,4.045
1749267417,4.04300000,827.40000000,4.045
1749267417,4.04200000,654.70000000,4.045
1749267417,4.04100000,2282.80000000,4.045
1749267417,4.04000000,5598.50000000,4.045
1749267417,4.03900000,2917.60000000,4.045
1749267417,4.03800000,3554.60000000,4.045
1749267417,4.03700000,2298.50000000,4.045
1749267417,4.03600000,1400.40000000,4.045
1749267417,4.03500000,913.20000000,4.045
1749267417,4.03400000,562.60000000,4.045
1749267417,4.03300000,1488.20000000,4.045
1749267417,4.03200000,2054.40000000,4.045
1749267417,4.03100000,441.70000000,4.045
1749267417,4.03000000,608.40000000,4.045
1749267417,4.02900000,1908.50000000,4.045
1749267417,4.02800000,2599.20000000,4.045
1749267417,4.02700000,435.00000000,4.045
1749267417,4.02600000,474.20000000,4.045
1749267417,4.02500000,392.10000000,4.045
1749267417,4.02400000,165.30000000,4.045
1749267417,4.02300000,551.90000000,4.045
1749267417,4.02200000,2982.20000000,4.045
1749267417,4.02100000,2283.50000000,4.045
1749267417,4.02000000,325.50000000,4.045
1749267417,4.01900000,221.80000000,4.045
1749267417,4.01800000,315.30000000,4.045
1749267417,4.01700000,5973.00000000,4.045
1749267417,4.01600000,1199.60000000,4.045
1749267417,4.01500000,5817.70000000,4.045
1749267417,4.01400000,6036.70000000,4.045
1749267417,4.01300000,124.20000000,4.045
1749267417,4.01200000,738.20000000,4.045
1749267417,4.01100000,303.40000000,4.045
1749267417,4.01000000,3829.30000000,4.045
1749267417,4.00900000,414.40000000,4.045
1749267417,4.00800000,2435.70000000,4.045
1749267417,4.00700000,666.40000000,4.045
1749267417,4.00600000,424.20000000,4.045
1749267417,4.00500000,280.10000000,4.045
1749267417,4.00400000,4.00000000,4.045
1749267417,4.00300000,7.10000000,4.045
1749267417,4.00200000,632.70000000,4.045
1749267417,4.00100000,4.50000000,4.045
1749267417,4.00000000,143.20000000,4.045
1749267417,3.99900000,505.90000000,4.045
1749267417,3.99800000,34.70000000,4.045
1749267417,3.99700000,4.50000000,4.045
1749267417,3.99600000,968.00000000,4.045
1749267417,3.99500000,17.80000000,4.045
1749267417,3.99400000,64.60000000,4.045
1749267417,3.99300000,256.70000000,4.045
1749267417,3.99200000,4.10000000,4.045
1749267417,3.99100000,259.80000000,4.045
1749267417,3.99000000,1388.70000000,4.045
1749267417,3.98900000,1749.40000000,4.045
1749267417,3.98800000,754.80000000,4.045
1749267417,3.98700000,255.20000000,4.045
1749267417,3.98600000,8.60000000,4.045
1749267417,3.98500000,255.20000000,4.045
1749267417,3.98400000,766.70000000,4.045
1749267417,3.98300000,550.00000000,4.045
1749267417,3.98200000,14.30000000,4.045
1749267417,3.98100000,271.60000000,4.045
1749267417,3.98000000,520.90000000,4.045
1749267417,3.97900000,255.20000000,4.045
1749267417,3.97800000,2.50000000,4.045
1749267417,3.97700000,5588.70000000,4.045
1749267417,3.97600000,254.70000000,4.045
1749267417,3.97500000,63.50000000,4.045
1749267417,3.97400000,288.40000000,4.045
1749267417,3.97300000,11920.10000000,4.045
1749267417,3.97200000,257.00000000,4.045
1749267417,3.97100000,66.10000000,4.045
1749267417,3.97000000,496.10000000,4.045
1749267417,3.96900000,13.90000000,4.045
1749267417,3.96800000,257.10000000,4.045
1749267417,3.96600000,973.90000000,4.045
1749267417,3.96500000,255.20000000,4.045
1749267417,3.96300000,38.90000000,4.045
1749267417,3.96200000,12.60000000,4.045
1749267417,3.96100000,1.50000000,4.045
1749267417,3.96000000,4016.50000000,4.045
1749267417,3.95900000,10.60000000,4.045
1749267417,3.95700000,15.30000000,4.045
1749267417,3.95600000,1930.20000000,4.045
1749267417,3.95500000,677.40000000,4.045
1749267417,3.95300000,14.30000000,4.045
1749267417,3.95200000,5.40000000,4.045
1749267417,3.95100000,549.60000000,4.045
1749267417,3.95000000,1851.70000000,4.045
1749267417,3.94700000,2.50000000,4.045
1749267417,3.94500000,3.50000000,4.045
1749267417,3.94400000,1.50000000,4.045
1749267417,3.94300000,26.80000000,4.045
1749267417,3.94200000,10.60000000,4.045
1749267417,3.94100000,1.80000000,4.045
1749267417,3.94000000,30.60000000,4.045
1749267417,3.93900000,2.60000000,4.045
1749267417,3.93800000,4.00000000,4.045
1749267719,4.05000000,29.70000000,4.05
1749267719,4.04900000,558.40000000,4.05
1749267719,4.04800000,626.60000000,4.05
1749267719,4.04700000,766.30000000,4.05
1749267719,4.04600000,2154.50000000,4.05
1749267719,4.04500000,5107.20000000,4.05
1749267719,4.04400000,1455.80000000,4.05
1749267719,4.04300000,2969.20000000,4.05
1749267719,4.04200000,3468.40000000,4.05
1749267719,4.04100000,878.70000000,4.05
1749267719,4.04000000,1034.80000000,4.05
1749267719,4.03900000,641.40000000,4.05
1749267719,4.03800000,854.80000000,4.05
1749267719,4.03700000,448.50000000,4.05
1749267719,4.03600000,417.40000000,4.05
1749267719,4.03500000,461.80000000,4.05
1749267719,4.03400000,843.10000000,4.05
1749267719,4.03300000,2718.80000000,4.05
1749267719,4.03200000,2426.10000000,4.05
1749267719,4.03100000,315.50000000,4.05
1749267719,4.03000000,182.80000000,4.05
1749267719,4.02900000,474.60000000,4.05
1749267719,4.02800000,2597.30000000,4.05
1749267719,4.02700000,62.90000000,4.05
1749267719,4.02600000,1841.20000000,4.05
1749267719,4.02500000,371.90000000,4.05
1749267719,4.02400000,62.40000000,4.05
1749267719,4.02300000,551.90000000,4.05
1749267719,4.02200000,3566.50000000,4.05
1749267719,4.02100000,994.00000000,4.05
1749267719,4.02000000,267.00000000,4.05
1749267719,4.01900000,413.10000000,4.05
1749267719,4.01800000,541.10000000,4.05
1749267719,4.01700000,5973.00000000,4.05
1749267719,4.01600000,189.70000000,4.05
1749267719,4.01500000,5817.70000000,4.05
1749267719,4.01400000,6036.70000000,4.05
1749267719,4.01300000,502.80000000,4.05
1749267719,4.01200000,738.20000000,4.05
1749267719,4.01100000,290.50000000,4.05
1749267719,4.01000000,3829.30000000,4.05
1749267719,4.00900000,414.40000000,4.05
1749267719,4.00800000,2435.70000000,4.05
1749267719,4.00700000,9.50000000,4.05
1749267719,4.00600000,979.10000000,4.05
1749267719,4.00500000,255.20000000,4.05
1749267719,4.00400000,4.00000000,4.05
1749267719,4.00300000,7.10000000,4.05
1749267719,4.00200000,632.70000000,4.05
1749267719,4.00100000,4.50000000,4.05
1749267719,4.00000000,143.20000000,4.05
1749267719,3.99900000,255.20000000,4.05
1749267719,3.99800000,34.70000000,4.05
1749267719,3.99700000,4.50000000,4.05
1749267719,3.99600000,253.30000000,4.05
1749267719,3.99500000,17.80000000,4.05
1749267719,3.99400000,64.60000000,4.05
1749267719,3.99300000,1749.60000000,4.05
1749267719,3.99200000,755.60000000,4.05
1749267719,3.99100000,259.80000000,4.05
1749267719,3.99000000,1388.70000000,4.05
1749267719,3.98900000,255.20000000,4.05
1749267719,3.98800000,2.60000000,4.05
1749267719,3.98700000,255.20000000,4.05
1749267719,3.98600000,8.60000000,4.05
1749267719,3.98500000,255.20000000,4.05
1749267719,3.98400000,741.70000000,4.05
1749267719,3.98300000,550.00000000,4.05
1749267719,3.98200000,14.30000000,4.05
1749267719,3.98100000,271.60000000,4.05
1749267719,3.98000000,520.90000000,4.05
1749267719,3.97900000,255.20000000,4.05
1749267719,3.97800000,2.50000000,4.05
1749267719,3.97700000,5588.70000000,4.05
1749267719,3.97600000,254.70000000,4.05
1749267719,3.97500000,63.50000000,4.05
1749267719,3.97400000,285.90000000,4.05
1749267719,3.97300000,11917.60000000,4.05
1749267719,3.97200000,254.50000000,4.05
1749267719,3.97100000,3.20000000,4.05
1749267719,3.97000000,493.60000000,4.05
1749267719,3.96900000,11.40000000,4.05
1749267719,3.96800000,257.10000000,4.05
1749267719,3.96600000,973.90000000,4.05
1749267719,3.96500000,255.20000000,4.05
1749267719,3.96300000,38.90000000,4.05
1749267719,3.96200000,12.60000000,4.05
1749267719,3.96100000,1.50000000,4.05
1749267719,3.96000000,4016.50000000,4.05
1749267719,3.95900000,10.60000000,4.05
1749267719,3.95700000,15.30000000,4.05
1749267719,3.95600000,1930.20000000,4.05
1749267719,3.95500000,677.40000000,4.05
1749267719,3.95300000,14.30000000,4.05
1749267719,3.95200000,5.40000000,4.05
1749267719,3.95100000,549.60000000,4.05
1749267719,3.95000000,1851.70000000,4.05
1749267719,3.94700000,2.50000000,4.05
1749267719,3.94500000,3.50000000,4.05
1749267719,3.94400000,1.50000000,4.05
