timestamp,price,volume,current_price
1749258330,4.02300000,671.00000000,4.023
1749258330,4.02200000,879.10000000,4.023
1749258330,4.02100000,880.70000000,4.023
1749258330,4.02000000,2261.80000000,4.023
1749258330,4.01900000,4824.40000000,4.023
1749258330,4.01800000,748.90000000,4.023
1749258330,4.01700000,752.10000000,4.023
1749258330,4.01600000,1666.10000000,4.023
1749258330,4.01500000,811.00000000,4.023
1749258330,4.01400000,1081.10000000,4.023
1749258330,4.01300000,4228.80000000,4.023
1749258330,4.01200000,233.80000000,4.023
1749258330,4.01100000,1304.00000000,4.023
1749258330,4.01000000,2270.80000000,4.023
1749258330,4.00900000,342.00000000,4.023
1749258330,4.00800000,1651.50000000,4.023
1749258330,4.00700000,2837.20000000,4.023
1749258330,4.00600000,188.70000000,4.023
1749258330,4.00500000,2315.10000000,4.023
1749258330,4.00400000,527.70000000,4.023
1749258330,4.00300000,173.50000000,4.023
1749258330,4.00200000,1282.60000000,4.023
1749258330,4.00100000,1541.20000000,4.023
1749258330,4.00000000,346.30000000,4.023
1749258330,3.99900000,700.40000000,4.023
1749258330,3.99800000,2918.90000000,4.023
1749258330,3.99700000,255.20000000,4.023
1749258330,3.99600000,1038.10000000,4.023
1749258330,3.99500000,265.70000000,4.023
1749258330,3.99400000,161.00000000,4.023
1749258330,3.99300000,11701.10000000,4.023
1749258330,3.99200000,5931.70000000,4.023
1749258330,3.99100000,507.20000000,4.023
1749258330,3.99000000,225.40000000,4.023
1749258330,3.98900000,505.90000000,4.023
1749258330,3.98800000,4.00000000,4.023
1749258330,3.98700000,723.50000000,4.023
1749258330,3.98600000,628.80000000,4.023
1749258330,3.98500000,255.20000000,4.023
1749258330,3.98400000,198.30000000,4.023
1749258330,3.98300000,3195.60000000,4.023
1749258330,3.98200000,143.60000000,4.023
1749258330,3.98100000,271.60000000,4.023
1749258330,3.98000000,186.60000000,4.023
1749258330,3.97900000,255.20000000,4.023
1749258330,3.97800000,2.50000000,4.023
1749258330,3.97700000,31.00000000,4.023
1749258330,3.97600000,381.40000000,4.023
1749258330,3.97500000,798.20000000,4.023
1749258330,3.97400000,253.20000000,4.023
1749258330,3.97300000,5.70000000,4.023
1749258330,3.97200000,1586.80000000,4.023
1749258330,3.97100000,4.40000000,4.023
1749258330,3.97000000,496.10000000,4.023
1749258330,3.96900000,1516.60000000,4.023
1749258330,3.96800000,1015.80000000,4.023
1749258330,3.96700000,2.50000000,4.023
1749258330,3.96600000,4.20000000,4.023
1749258330,3.96500000,257.70000000,4.023
1749258330,3.96400000,2.50000000,4.023
1749258330,3.96300000,1085.40000000,4.023
1749258330,3.96200000,2.50000000,4.023
1749258330,3.96100000,253.20000000,4.023
1749258330,3.96000000,19.00000000,4.023
1749258330,3.95900000,265.70000000,4.023
1749258330,3.95800000,50.10000000,4.023
1749258330,3.95700000,1519.70000000,4.023
1749258330,3.95600000,74.60000000,4.023
1749258330,3.95500000,679.90000000,4.023
1749258330,3.95400000,2.50000000,4.023
1749258330,3.95300000,68.10000000,4.023
1749258330,3.95200000,5601.50000000,4.023
1749258330,3.95100000,5599.40000000,4.023
1749258330,3.95000000,1856.70000000,4.023
1749258330,3.94900000,5600.80000000,4.023
1749258330,3.94800000,2.50000000,4.023
1749258330,3.94700000,4.40000000,4.023
1749258330,3.94600000,4.50000000,4.023
1749258330,3.94500000,5.40000000,4.023
1749258330,3.94400000,1.50000000,4.023
1749258330,3.94300000,26.80000000,4.023
1749258330,3.94200000,10.60000000,4.023
1749258330,3.94100000,8.10000000,4.023
1749258330,3.94000000,30.60000000,4.023
1749258330,3.93900000,7.60000000,4.023
1749258330,3.93800000,4.00000000,4.023
1749258330,3.93700000,1.30000000,4.023
1749258330,3.93500000,680.20000000,4.023
1749258330,3.93400000,8.70000000,4.023
1749258330,3.93200000,11.50000000,4.023
1749258330,3.93100000,47.50000000,4.023
1749258330,3.93000000,38.90000000,4.023
1749258330,3.92900000,7.40000000,4.023
1749258330,3.92800000,258.80000000,4.023
1749258330,3.92700000,19.40000000,4.023
1749258330,3.92600000,2.60000000,4.023
1749258330,3.92500000,56.00000000,4.023
1749258330,3.92400000,46.30000000,4.023
1749258330,3.92100000,771.30000000,4.023
1749258330,3.92000000,631.80000000,4.023
1749258631,4.01400000,553.80000000,4.015
1749258631,4.01300000,318.60000000,4.015
1749258631,4.01200000,549.70000000,4.015
1749258631,4.01100000,1644.00000000,4.015
1749258631,4.01000000,2246.70000000,4.015
1749258631,4.00900000,2812.40000000,4.015
1749258631,4.00800000,1605.70000000,4.015
1749258631,4.00700000,1104.60000000,4.015
1749258631,4.00600000,727.20000000,4.015
1749258631,4.00500000,1951.90000000,4.015
1749258631,4.00400000,844.20000000,4.015
1749258631,4.00300000,4001.00000000,4.015
1749258631,4.00200000,2457.80000000,4.015
1749258631,4.00100000,222.40000000,4.015
1749258631,4.00000000,575.90000000,4.015
1749258631,3.99900000,2639.50000000,4.015
1749258631,3.99800000,2002.50000000,4.015
1749258631,3.99700000,949.40000000,4.015
1749258631,3.99600000,1003.20000000,4.015
1749258631,3.99500000,265.70000000,4.015
1749258631,3.99400000,3026.30000000,4.015
1749258631,3.99300000,1885.60000000,4.015
1749258631,3.99200000,417.20000000,4.015
1749258631,3.99100000,793.50000000,4.015
1749258631,3.99000000,976.70000000,4.015
1749258631,3.98900000,505.90000000,4.015
1749258631,3.98800000,162.60000000,4.015
1749258631,3.98700000,255.20000000,4.015
1749258631,3.98600000,17592.10000000,4.015
1749258631,3.98500000,255.20000000,4.015
1749258631,3.98400000,188.30000000,4.015
1749258631,3.98300000,980.90000000,4.015
1749258631,3.98200000,2408.10000000,4.015
1749258631,3.98100000,580.80000000,4.015
1749258631,3.98000000,188.00000000,4.015
1749258631,3.97900000,255.20000000,4.015
1749258631,3.97800000,2.50000000,4.015
1749258631,3.97700000,190.00000000,4.015
1749258631,3.97600000,447.50000000,4.015
1749258631,3.97500000,79.80000000,4.015
1749258631,3.97400000,253.20000000,4.015
1749258631,3.97300000,5.70000000,4.015
1749258631,3.97200000,386.70000000,4.015
1749258631,3.97100000,4.40000000,4.015
1749258631,3.97000000,496.10000000,4.015
1749258631,3.96900000,13.90000000,4.015
1749258631,3.96800000,259.60000000,4.015
1749258631,3.96700000,2.50000000,4.015
1749258631,3.96600000,851.40000000,4.015
1749258631,3.96500000,257.70000000,4.015
1749258631,3.96400000,2.50000000,4.015
1749258631,3.96300000,294.00000000,4.015
1749258631,3.96200000,1386.10000000,4.015
1749258631,3.96100000,253.20000000,4.015
1749258631,3.96000000,1524.10000000,4.015
1749258631,3.95900000,1034.90000000,4.015
1749258631,3.95800000,2.50000000,4.015
1749258631,3.95700000,1519.70000000,4.015
1749258631,3.95600000,14.00000000,4.015
1749258631,3.95500000,679.90000000,4.015
1749258631,3.95400000,2.50000000,4.015
1749258631,3.95300000,68.10000000,4.015
1749258631,3.95200000,7.90000000,4.015
1749258631,3.95100000,4.40000000,4.015
1749258631,3.95000000,2648.50000000,4.015
1749258631,3.94900000,4.40000000,4.015
1749258631,3.94800000,2.50000000,4.015
1749258631,3.94700000,6.90000000,4.015
1749258631,3.94600000,7.00000000,4.015
1749258631,3.94500000,50.10000000,4.015
1749258631,3.94400000,11210.70000000,4.015
1749258631,3.94300000,5635.50000000,4.015
1749258631,3.94200000,13.20000000,4.015
1749258631,3.94100000,10.70000000,4.015
1749258631,3.94000000,33.20000000,4.015
1749258631,3.93900000,10.20000000,4.015
1749258631,3.93800000,4.00000000,4.015
1749258631,3.93700000,1.30000000,4.015
1749258631,3.93500000,680.20000000,4.015
1749258631,3.93400000,8.70000000,4.015
1749258631,3.93200000,550.70000000,4.015
1749258631,3.93100000,47.50000000,4.015
1749258631,3.93000000,38.90000000,4.015
1749258631,3.92900000,7.40000000,4.015
1749258631,3.92800000,258.80000000,4.015
1749258631,3.92700000,19.40000000,4.015
1749258631,3.92600000,2.60000000,4.015
1749258631,3.92500000,56.00000000,4.015
1749258631,3.92400000,46.30000000,4.015
1749258631,3.92100000,771.30000000,4.015
1749258631,3.92000000,90.70000000,4.015
1749258631,3.91900000,1.30000000,4.015
1749258631,3.91800000,31.10000000,4.015
1749258631,3.91500000,4.60000000,4.015
1749258631,3.91400000,2.60000000,4.015
1749258631,3.91200000,1.50000000,4.015
1749258631,3.91100000,686.10000000,4.015
1749258631,3.91000000,24.80000000,4.015
1749258631,3.90900000,6.30000000,4.015
1749258631,3.90700000,16.70000000,4.015
1749258964,4.00900000,594.60000000,4.009
1749258964,4.00800000,638.90000000,4.009
1749258964,4.00700000,1506.30000000,4.009
1749258964,4.00600000,2550.20000000,4.009
1749258964,4.00500000,743.20000000,4.009
1749258964,4.00400000,1848.00000000,4.009
1749258964,4.00300000,3362.60000000,4.009
1749258964,4.00200000,1705.60000000,4.009
1749258964,4.00100000,3307.90000000,4.009
1749258964,4.00000000,1550.30000000,4.009
1749258964,3.99900000,476.50000000,4.009
1749258964,3.99800000,2012.20000000,4.009
1749258964,3.99700000,617.70000000,4.009
1749258964,3.99600000,591.80000000,4.009
1749258964,3.99500000,1936.90000000,4.009
1749258964,3.99400000,2387.20000000,4.009
1749258964,3.99300000,564.40000000,4.009
1749258964,3.99200000,1488.50000000,4.009
1749258964,3.99100000,2346.10000000,4.009
1749258964,3.99000000,983.20000000,4.009
1749258964,3.98900000,609.30000000,4.009
1749258964,3.98800000,162.60000000,4.009
1749258964,3.98700000,4762.00000000,4.009
1749258964,3.98600000,286.10000000,4.009
1749258964,3.98500000,255.20000000,4.009
1749258964,3.98400000,439.00000000,4.009
1749258964,3.98300000,891.00000000,4.009
1749258964,3.98200000,2408.10000000,4.009
1749258964,3.98100000,522.30000000,4.009
1749258964,3.98000000,11394.00000000,4.009
1749258964,3.97900000,5865.50000000,4.009
1749258964,3.97800000,2.50000000,4.009
1749258964,3.97700000,189.90000000,4.009
1749258964,3.97600000,287.40000000,4.009
1749258964,3.97500000,552.90000000,4.009
1749258964,3.97400000,971.80000000,4.009
1749258964,3.97300000,164.80000000,4.009
1749258964,3.97200000,388.10000000,4.009
1749258964,3.97100000,163.60000000,4.009
1749258964,3.97000000,670.40000000,4.009
1749258964,3.96900000,13.90000000,4.009
1749258964,3.96800000,259.60000000,4.009
1749258964,3.96700000,34.90000000,4.009
1749258964,3.96600000,851.40000000,4.009
1749258964,3.96500000,257.70000000,4.009
1749258964,3.96400000,2.50000000,4.009
1749258964,3.96300000,294.00000000,4.009
1749258964,3.96200000,1386.10000000,4.009
1749258964,3.96100000,253.20000000,4.009
1749258964,3.96000000,19.00000000,4.009
1749258964,3.95900000,265.70000000,4.009
1749258964,3.95800000,2.50000000,4.009
1749258964,3.95700000,1519.70000000,4.009
1749258964,3.95600000,14.00000000,4.009
1749258964,3.95500000,2945.50000000,4.009
1749258964,3.95400000,2.50000000,4.009
1749258964,3.95300000,68.10000000,4.009
1749258964,3.95200000,7.90000000,4.009
1749258964,3.95100000,17.40000000,4.009
1749258964,3.95000000,1881.90000000,4.009
1749258964,3.94900000,4.40000000,4.009
1749258964,3.94800000,63.20000000,4.009
1749258964,3.94700000,786.10000000,4.009
1749258964,3.94600000,7.00000000,4.009
1749258964,3.94500000,40.20000000,4.009
1749258964,3.94400000,14.50000000,4.009
1749258964,3.94300000,5634.10000000,4.009
1749258964,3.94200000,13.20000000,4.009
1749258964,3.94100000,4.40000000,4.009
1749258964,3.94000000,33.20000000,4.009
1749258964,3.93900000,10.20000000,4.009
1749258964,3.93800000,6.60000000,4.009
1749258964,3.93700000,11130.60000000,4.009
1749258964,3.93600000,9.00000000,4.009
1749258964,3.93500000,682.80000000,4.009
1749258964,3.93400000,11.30000000,4.009
1749258964,3.93200000,550.70000000,4.009
1749258964,3.93100000,47.50000000,4.009
1749258964,3.93000000,38.90000000,4.009
1749258964,3.92900000,7.40000000,4.009
1749258964,3.92800000,258.80000000,4.009
1749258964,3.92700000,19.40000000,4.009
1749258964,3.92600000,2.60000000,4.009
1749258964,3.92500000,56.00000000,4.009
1749258964,3.92400000,46.30000000,4.009
1749258964,3.92100000,771.30000000,4.009
1749258964,3.92000000,90.70000000,4.009
1749258964,3.91900000,1.30000000,4.009
1749258964,3.91800000,31.10000000,4.009
1749258964,3.91500000,4.60000000,4.009
1749258964,3.91400000,2.60000000,4.009
1749258964,3.91200000,1.50000000,4.009
1749258964,3.91100000,686.10000000,4.009
1749258964,3.91000000,24.80000000,4.009
1749258964,3.90900000,6.30000000,4.009
1749258964,3.90700000,16.70000000,4.009
1749258964,3.90600000,46.10000000,4.009
1749258964,3.90400000,1.60000000,4.009
1749258964,3.90200000,532.70000000,4.009
1749258964,3.90100000,3.90000000,4.009
1749259272,4.00400000,714.40000000,4.004
1749259272,4.00300000,498.70000000,4.004
1749259272,4.00200000,891.50000000,4.004
1749259272,4.00100000,1755.90000000,4.004
1749259272,4.00000000,1744.80000000,4.004
1749259272,3.99900000,1101.80000000,4.004
1749259272,3.99800000,2802.80000000,4.004
1749259272,3.99700000,4317.00000000,4.004
1749259272,3.99600000,939.50000000,4.004
1749259272,3.99500000,2727.00000000,4.004
1749259272,3.99400000,179.60000000,4.004
1749259272,3.99300000,726.00000000,4.004
1749259272,3.99200000,1007.50000000,4.004
1749259272,3.99100000,2289.50000000,4.004
1749259272,3.99000000,469.50000000,4.004
1749259272,3.98900000,4511.10000000,4.004
1749259272,3.98800000,3949.20000000,4.004
1749259272,3.98700000,313.70000000,4.004
1749259272,3.98600000,221.50000000,4.004
1749259272,3.98500000,815.50000000,4.004
1749259272,3.98400000,494.30000000,4.004
1749259272,3.98300000,372.90000000,4.004
1749259272,3.98200000,634.70000000,4.004
1749259272,3.98100000,1983.40000000,4.004
1749259272,3.98000000,249.00000000,4.004
1749259272,3.97900000,882.90000000,4.004
1749259272,3.97800000,2.50000000,4.004
1749259272,3.97700000,189.90000000,4.004
1749259272,3.97600000,637.80000000,4.004
1749259272,3.97500000,238.90000000,4.004
1749259272,3.97400000,253.20000000,4.004
1749259272,3.97300000,11402.20000000,4.004
1749259272,3.97200000,8113.50000000,4.004
1749259272,3.97100000,414.40000000,4.004
1749259272,3.97000000,670.40000000,4.004
1749259272,3.96900000,489.30000000,4.004
1749259272,3.96800000,261.00000000,4.004
1749259272,3.96700000,162.00000000,4.004
1749259272,3.96600000,975.00000000,4.004
1749259272,3.96500000,282.80000000,4.004
1749259272,3.96400000,3.90000000,4.004
1749259272,3.96300000,453.50000000,4.004
1749259272,3.96200000,1516.10000000,4.004
1749259272,3.96100000,256.40000000,4.004
1749259272,3.96000000,19.00000000,4.004
1749259272,3.95900000,298.20000000,4.004
1749259272,3.95800000,2.50000000,4.004
1749259272,3.95700000,1519.70000000,4.004
1749259272,3.95600000,141.40000000,4.004
1749259272,3.95500000,679.90000000,4.004
1749259272,3.95400000,253.20000000,4.004
1749259272,3.95300000,68.10000000,4.004
1749259272,3.95200000,7.90000000,4.004
1749259272,3.95100000,4.40000000,4.004
1749259272,3.95000000,3365.10000000,4.004
1749259272,3.94900000,727.60000000,4.004
1749259272,3.94800000,762.40000000,4.004
1749259272,3.94700000,785.60000000,4.004
1749259272,3.94600000,7.00000000,4.004
1749259272,3.94500000,40.20000000,4.004
1749259272,3.94400000,29.40000000,4.004
1749259272,3.94300000,29.40000000,4.004
1749259272,3.94200000,13.20000000,4.004
1749259272,3.94100000,4.40000000,4.004
1749259272,3.94000000,33.20000000,4.004
1749259272,3.93900000,10.20000000,4.004
1749259272,3.93800000,11043.00000000,4.004
1749259272,3.93700000,3.90000000,4.004
1749259272,3.93600000,5617.10000000,4.004
1749259272,3.93500000,743.70000000,4.004
1749259272,3.93400000,11.30000000,4.004
1749259272,3.93300000,2.60000000,4.004
1749259272,3.93200000,553.30000000,4.004
1749259272,3.93100000,50.10000000,4.004
1749259272,3.93000000,41.50000000,4.004
1749259272,3.92900000,10.00000000,4.004
1749259272,3.92800000,258.80000000,4.004
1749259272,3.92700000,19.40000000,4.004
1749259272,3.92600000,2.60000000,4.004
1749259272,3.92500000,56.00000000,4.004
1749259272,3.92400000,46.30000000,4.004
1749259272,3.92300000,6.40000000,4.004
1749259272,3.92100000,771.30000000,4.004
1749259272,3.92000000,90.70000000,4.004
1749259272,3.91900000,1.30000000,4.004
1749259272,3.91800000,31.10000000,4.004
1749259272,3.91500000,4.60000000,4.004
1749259272,3.91400000,2.60000000,4.004
1749259272,3.91200000,1.50000000,4.004
1749259272,3.91100000,686.10000000,4.004
1749259272,3.91000000,24.80000000,4.004
1749259272,3.90900000,6.30000000,4.004
1749259272,3.90700000,16.70000000,4.004
1749259272,3.90600000,46.10000000,4.004
1749259272,3.90400000,1.60000000,4.004
1749259272,3.90200000,532.70000000,4.004
1749259272,3.90100000,3.90000000,4.004
1749259272,3.90000000,935.00000000,4.004
1749259272,3.89900000,15.30000000,4.004
1749259272,3.89800000,1.50000000,4.004
