timestamp,price,volume,current_price
1749260756,0.00969300,80208.00000000,0.009694
1749260756,0.00969200,50345.00000000,0.009694
1749260756,0.00969100,80633.00000000,0.009694
1749260756,0.00969000,31363.00000000,0.009694
1749260756,0.00968900,105735.00000000,0.009694
1749260756,0.00968800,227206.00000000,0.009694
1749260756,0.00968700,93921.00000000,0.009694
1749260756,0.00968600,343064.00000000,0.009694
1749260756,0.00968500,672965.00000000,0.009694
1749260756,0.00968400,288619.00000000,0.009694
1749260756,0.00968300,397310.00000000,0.009694
1749260756,0.00968200,732807.00000000,0.009694
1749260756,0.00968100,711532.00000000,0.009694
1749260756,0.00968000,55421.00000000,0.009694
1749260756,0.00967900,130400.00000000,0.009694
1749260756,0.00967800,436852.00000000,0.009694
1749260756,0.00967700,621149.00000000,0.009694
1749260756,0.00967600,293551.00000000,0.009694
1749260756,0.00967500,451872.00000000,0.009694
1749260756,0.00967400,36203.00000000,0.009694
1749260756,0.00967300,58574.00000000,0.009694
1749260756,0.00967200,735297.00000000,0.009694
1749260756,0.00967100,130509.00000000,0.009694
1749260756,0.00967000,129528.00000000,0.009694
1749260756,0.00966900,142559.00000000,0.009694
1749260756,0.00966800,25897.00000000,0.009694
1749260756,0.00966700,25783.00000000,0.009694
1749260756,0.00966600,129496.00000000,0.009694
1749260756,0.00966500,472107.00000000,0.009694
1749260756,0.00966400,504869.00000000,0.009694
1749260756,0.00966300,117981.00000000,0.009694
1749260756,0.00966200,1034.00000000,0.009694
1749260756,0.00966100,1034.00000000,0.009694
1749260756,0.00966000,26054.00000000,0.009694
1749260756,0.00965900,207065.00000000,0.009694
1749260756,0.00965800,129373.00000000,0.009694
1749260756,0.00965700,1034.00000000,0.009694
1749260756,0.00965600,103591.00000000,0.009694
1749260756,0.00965500,967235.00000000,0.009694
1749260756,0.00965400,25785.00000000,0.009694
1749260756,0.00965300,182316.00000000,0.009694
1749260756,0.00965200,104624.00000000,0.009694
1749260756,0.00965100,1035.00000000,0.009694
1749260756,0.00965000,489695.00000000,0.009694
1749260756,0.00964900,1035.00000000,0.009694
1749260756,0.00964800,1150.00000000,0.009694
1749260756,0.00964700,78727.00000000,0.009694
1749260756,0.00964600,208212.00000000,0.009694
1749260756,0.00964500,312834.00000000,0.009694
1749260756,0.00964400,1034.00000000,0.009694
1749260756,0.00964300,2348.00000000,0.009694
1749260756,0.00964200,1036.00000000,0.009694
1749260756,0.00964100,64015.00000000,0.009694
1749260756,0.00964000,23287.00000000,0.009694
1749260756,0.00963900,208214.00000000,0.009694
1749260756,0.00963800,1036.00000000,0.009694
1749260756,0.00963700,1037.00000000,0.009694
1749260756,0.00963600,618164.00000000,0.009694
1749260756,0.00963500,1193.00000000,0.009694
1749260756,0.00963400,409501.00000000,0.009694
1749260756,0.00963300,1037.00000000,0.009694
1749260756,0.00963200,830663.00000000,0.009694
1749260756,0.00963100,1037.00000000,0.009694
1749260756,0.00963000,1193.00000000,0.009694
1749260756,0.00962900,1029.00000000,0.009694
1749260756,0.00962800,208207.00000000,0.009694
1749260756,0.00962700,1029.00000000,0.009694
1749260756,0.00962600,1029.00000000,0.009694
1749260756,0.00962500,1186.00000000,0.009694
1749260756,0.00962400,1145.00000000,0.009694
1749260756,0.00962300,1030.00000000,0.009694
1749260756,0.00962200,208208.00000000,0.009694
1749260756,0.00962100,1030.00000000,0.009694
1749260756,0.00962000,357830.00000000,0.009694
1749260756,0.00961900,1138.00000000,0.009694
1749260756,0.00961800,342212.00000000,0.009694
1749260756,0.00961600,207178.00000000,0.009694
1749260756,0.00961500,155.00000000,0.009694
1749260756,0.00961300,8815.00000000,0.009694
1749260756,0.00961200,115.00000000,0.009694
1749260756,0.00961100,1646.00000000,0.009694
1749260756,0.00961000,214735.00000000,0.009694
1749260756,0.00960900,742916.00000000,0.009694
1749260756,0.00960800,208139.00000000,0.009694
1749260756,0.00960700,32057.00000000,0.009694
1749260756,0.00960600,4146012.00000000,0.009694
1749260756,0.00960500,103744.00000000,0.009694
1749260756,0.00960300,36303.00000000,0.009694
1749260756,0.00960100,2203.00000000,0.009694
1749260756,0.00960000,270.00000000,0.009694
1749260756,0.00959900,207178.00000000,0.009694
1749260756,0.00959600,154143.00000000,0.009694
1749260756,0.00959500,155.00000000,0.009694
1749260756,0.00959300,451311.00000000,0.009694
1749260756,0.00959000,155.00000000,0.009694
1749260756,0.00958800,115.00000000,0.009694
1749260756,0.00958700,103589.00000000,0.009694
1749260756,0.00958600,103589.00000000,0.009694
1749260756,0.00958500,1312.00000000,0.009694
1749260756,0.00958400,33624.00000000,0.009694
1749261077,0.00975400,84757.00000000,0.009755
1749261077,0.00975300,16874.00000000,0.009755
1749261077,0.00975200,109347.00000000,0.009755
1749261077,0.00975100,45571.00000000,0.009755
1749261077,0.00975000,148226.00000000,0.009755
1749261077,0.00974900,247269.00000000,0.009755
1749261077,0.00974800,205957.00000000,0.009755
1749261077,0.00974700,71738.00000000,0.009755
1749261077,0.00974600,206380.00000000,0.009755
1749261077,0.00974500,311204.00000000,0.009755
1749261077,0.00974400,351838.00000000,0.009755
1749261077,0.00974300,377883.00000000,0.009755
1749261077,0.00974200,319501.00000000,0.009755
1749261077,0.00974100,36289.00000000,0.009755
1749261077,0.00974000,69860.00000000,0.009755
1749261077,0.00973900,285253.00000000,0.009755
1749261077,0.00973800,74766.00000000,0.009755
1749261077,0.00973700,172750.00000000,0.009755
1749261077,0.00973600,518491.00000000,0.009755
1749261077,0.00973500,419865.00000000,0.009755
1749261077,0.00973400,82961.00000000,0.009755
1749261077,0.00973300,86454.00000000,0.009755
1749261077,0.00973200,132431.00000000,0.009755
1749261077,0.00973100,477508.00000000,0.009755
1749261077,0.00973000,116361.00000000,0.009755
1749261077,0.00972900,40281.00000000,0.009755
1749261077,0.00972800,296261.00000000,0.009755
1749261077,0.00972700,36139.00000000,0.009755
1749261077,0.00972600,44692.00000000,0.009755
1749261077,0.00972500,481394.00000000,0.009755
1749261077,0.00972400,36268.00000000,0.009755
1749261077,0.00972300,50659.00000000,0.009755
1749261077,0.00972200,51801.00000000,0.009755
1749261077,0.00972100,823836.00000000,0.009755
1749261077,0.00972000,26047.00000000,0.009755
1749261077,0.00971900,36167.00000000,0.009755
1749261077,0.00971800,25778.00000000,0.009755
1749261077,0.00971700,113859.00000000,0.009755
1749261077,0.00971600,2274.00000000,0.009755
1749261077,0.00971500,360672.00000000,0.009755
1749261077,0.00971400,130363.00000000,0.009755
1749261077,0.00971300,1029.00000000,0.009755
1749261077,0.00971200,88835.00000000,0.009755
1749261077,0.00971100,208207.00000000,0.009755
1749261077,0.00971000,1184.00000000,0.009755
1749261077,0.00970900,680144.00000000,0.009755
1749261077,0.00970800,11548.00000000,0.009755
1749261077,0.00970700,1029.00000000,0.009755
1749261077,0.00970600,1029.00000000,0.009755
1749261077,0.00970500,831059.00000000,0.009755
1749261077,0.00970400,11434.00000000,0.009755
1749261077,0.00970300,1029.00000000,0.009755
1749261077,0.00970200,78721.00000000,0.009755
1749261077,0.00970100,1030.00000000,0.009755
1749261077,0.00970000,11590.00000000,0.009755
1749261077,0.00969900,78722.00000000,0.009755
1749261077,0.00969800,11435.00000000,0.009755
1749261077,0.00969700,1030.00000000,0.009755
1749261077,0.00969600,359920.00000000,0.009755
1749261077,0.00969500,369432.00000000,0.009755
1749261077,0.00969400,1030.00000000,0.009755
1749261077,0.00969300,89307.00000000,0.009755
1749261077,0.00969200,1031.00000000,0.009755
1749261077,0.00969100,1031.00000000,0.009755
1749261077,0.00969000,1186.00000000,0.009755
1749261077,0.00968900,115033.00000000,0.009755
1749261077,0.00968800,104620.00000000,0.009755
1749261077,0.00968700,1031.00000000,0.009755
1749261077,0.00968600,1031.00000000,0.009755
1749261077,0.00968500,368449.00000000,0.009755
1749261077,0.00968400,1145.00000000,0.009755
1749261077,0.00968300,104620.00000000,0.009755
1749261077,0.00968200,104621.00000000,0.009755
1749261077,0.00968100,1032.00000000,0.009755
1749261077,0.00968000,1036435.00000000,0.009755
1749261077,0.00967900,77866.00000000,0.009755
1749261077,0.00967800,807012.00000000,0.009755
1749261077,0.00967700,103589.00000000,0.009755
1749261077,0.00967600,440111.00000000,0.009755
1749261077,0.00967500,470908.00000000,0.009755
1749261077,0.00967300,694000.00000000,0.009755
1749261077,0.00967200,114.00000000,0.009755
1749261077,0.00967100,104726.00000000,0.009755
1749261077,0.00967000,103745.00000000,0.009755
1749261077,0.00966800,107.00000000,0.009755
1749261077,0.00966600,29785.00000000,0.009755
1749261077,0.00966500,471073.00000000,0.009755
1749261077,0.00966400,103589.00000000,0.009755
1749261077,0.00966300,4105504.00000000,0.009755
1749261077,0.00966100,207007.00000000,0.009755
1749261077,0.00966000,4105774.00000000,0.009755
1749261077,0.00965900,103589.00000000,0.009755
1749261077,0.00965800,103589.00000000,0.009755
1749261077,0.00965500,373321.00000000,0.009755
1749261077,0.00965400,748526.00000000,0.009755
1749261077,0.00965300,103589.00000000,0.009755
1749261077,0.00965200,113845.00000000,0.009755
1749261077,0.00965100,242493.00000000,0.009755
1749261077,0.00965000,156.00000000,0.009755
1749261077,0.00964900,596.00000000,0.009755
1749261391,0.00979600,14750.00000000,0.009798
1749261391,0.00979500,324466.00000000,0.009798
1749261391,0.00979400,164118.00000000,0.009798
1749261391,0.00979300,29267.00000000,0.009798
1749261391,0.00979200,188788.00000000,0.009798
1749261391,0.00979100,1174.00000000,0.009798
1749261391,0.00979000,115972.00000000,0.009798
1749261391,0.00978900,396780.00000000,0.009798
1749261391,0.00978800,386429.00000000,0.009798
1749261391,0.00978700,302150.00000000,0.009798
1749261391,0.00978600,190074.00000000,0.009798
1749261391,0.00978500,653005.00000000,0.009798
1749261391,0.00978400,106062.00000000,0.009798
1749261391,0.00978300,25771.00000000,0.009798
1749261391,0.00978200,22023.00000000,0.009798
1749261391,0.00978100,78713.00000000,0.009798
1749261391,0.00978000,63620.00000000,0.009798
1749261391,0.00977900,162935.00000000,0.009798
1749261391,0.00977800,427478.00000000,0.009798
1749261391,0.00977700,496669.00000000,0.009798
1749261391,0.00977600,63388.00000000,0.009798
1749261391,0.00977500,461588.00000000,0.009798
1749261391,0.00977400,19689.00000000,0.009798
1749261391,0.00977300,28104.00000000,0.009798
1749261391,0.00977200,616293.00000000,0.009798
1749261391,0.00977100,25773.00000000,0.009798
1749261391,0.00977000,235503.00000000,0.009798
1749261391,0.00976900,103465.00000000,0.009798
1749261391,0.00976800,1136.00000000,0.009798
1749261391,0.00976700,231623.00000000,0.009798
1749261391,0.00976600,78715.00000000,0.009798
1749261391,0.00976500,363318.00000000,0.009798
1749261391,0.00976400,1136.00000000,0.009798
1749261391,0.00976300,310643.00000000,0.009798
1749261391,0.00976200,154792.00000000,0.009798
1749261391,0.00976100,588902.00000000,0.009798
1749261391,0.00976000,103733.00000000,0.009798
1749261391,0.00975900,1024.00000000,0.009798
1749261391,0.00975800,1024.00000000,0.009798
1749261391,0.00975700,207055.00000000,0.009798
1749261391,0.00975600,1137.00000000,0.009798
1749261391,0.00975500,370773.00000000,0.009798
1749261391,0.00975400,281125.00000000,0.009798
1749261391,0.00975300,40280.00000000,0.009798
1749261391,0.00975200,1025.00000000,0.009798
1749261391,0.00975100,104614.00000000,0.009798
1749261391,0.00975000,335147.00000000,0.009798
1749261391,0.00974900,25774.00000000,0.009798
1749261391,0.00974800,104614.00000000,0.009798
1749261391,0.00974700,25775.00000000,0.009798
1749261391,0.00974600,25775.00000000,0.009798
1749261391,0.00974500,361536.00000000,0.009798
1749261391,0.00974400,25888.00000000,0.009798
1749261391,0.00974300,25945.00000000,0.009798
1749261391,0.00974200,232953.00000000,0.009798
1749261391,0.00974100,25775.00000000,0.009798
1749261391,0.00974000,25930.00000000,0.009798
1749261391,0.00973900,25776.00000000,0.009798
1749261391,0.00973800,25776.00000000,0.009798
1749261391,0.00973700,25776.00000000,0.009798
1749261391,0.00973600,234083.00000000,0.009798
1749261391,0.00973500,398031.00000000,0.009798
1749261391,0.00973400,1027.00000000,0.009798
1749261391,0.00973300,1027.00000000,0.009798
1749261391,0.00973200,1141.00000000,0.009798
1749261391,0.00973100,1027.00000000,0.009798
1749261391,0.00973000,1181.00000000,0.009798
1749261391,0.00972900,1026.00000000,0.009798
1749261391,0.00972800,240788.00000000,0.009798
1749261391,0.00972700,1019.00000000,0.009798
1749261391,0.00972600,1019.00000000,0.009798
1749261391,0.00972500,1069232.00000000,0.009798
1749261391,0.00972400,1019.00000000,0.009798
1749261391,0.00972300,1019.00000000,0.009798
1749261391,0.00972200,427157.00000000,0.009798
1749261391,0.00972100,815269.00000000,0.009798
1749261391,0.00972000,807281.00000000,0.009798
1749261391,0.00971700,106.00000000,0.009798
1749261391,0.00971600,29632.00000000,0.009798
1749261391,0.00971500,334894.00000000,0.009798
1749261391,0.00971200,10000.00000000,0.009798
1749261391,0.00971100,207178.00000000,0.009798
1749261391,0.00971000,155.00000000,0.009798
1749261391,0.00970900,205993.00000000,0.009798
1749261391,0.00970800,114.00000000,0.009798
1749261391,0.00970700,4101720.00000000,0.009798
1749261391,0.00970500,1293256.00000000,0.009798
1749261391,0.00970300,1133.00000000,0.009798
1749261391,0.00970000,155.00000000,0.009798
1749261391,0.00969900,241293.00000000,0.009798
1749261391,0.00969600,207292.00000000,0.009798
1749261391,0.00969500,357997.00000000,0.009798
1749261391,0.00969400,152585.00000000,0.009798
1749261391,0.00969300,171.00000000,0.009798
1749261391,0.00969000,10371.00000000,0.009798
1749261391,0.00968900,103589.00000000,0.009798
1749261391,0.00968800,103589.00000000,0.009798
1749261391,0.00968500,367418.00000000,0.009798
1749261391,0.00968400,7831.00000000,0.009798
1749261391,0.00968300,103589.00000000,0.009798
1749261693,0.00983600,84593.00000000,0.009838
1749261693,0.00983500,49213.00000000,0.009838
1749261693,0.00983400,38195.00000000,0.009838
1749261693,0.00983300,98253.00000000,0.009838
1749261693,0.00983200,273729.00000000,0.009838
1749261693,0.00983100,142388.00000000,0.009838
1749261693,0.00983000,333176.00000000,0.009838
1749261693,0.00982900,220687.00000000,0.009838
1749261693,0.00982800,77610.00000000,0.009838
1749261693,0.00982700,254198.00000000,0.009838
1749261693,0.00982600,268911.00000000,0.009838
1749261693,0.00982500,574169.00000000,0.009838
1749261693,0.00982400,488994.00000000,0.009838
1749261693,0.00982300,536174.00000000,0.009838
1749261693,0.00982200,303435.00000000,0.009838
1749261693,0.00982100,189280.00000000,0.009838
1749261693,0.00982000,26187.00000000,0.009838
1749261693,0.00981900,87535.00000000,0.009838
1749261693,0.00981800,313456.00000000,0.009838
1749261693,0.00981700,722162.00000000,0.009838
1749261693,0.00981600,280092.00000000,0.009838
1749261693,0.00981500,896816.00000000,0.009838
1749261693,0.00981400,222993.00000000,0.009838
1749261693,0.00981300,83730.00000000,0.009838
1749261693,0.00981200,172361.00000000,0.009838
1749261693,0.00981100,182299.00000000,0.009838
1749261693,0.00981000,25922.00000000,0.009838
1749261693,0.00980900,36053.00000000,0.009838
1749261693,0.00980800,25882.00000000,0.009838
1749261693,0.00980700,95052.00000000,0.009838
1749261693,0.00980600,207050.00000000,0.009838
1749261693,0.00980500,393099.00000000,0.009838
1749261693,0.00980400,129471.00000000,0.009838
1749261693,0.00980300,331658.00000000,0.009838
1749261693,0.00980200,25769.00000000,0.009838
1749261693,0.00980100,25769.00000000,0.009838
1749261693,0.00980000,182567.00000000,0.009838
1749261693,0.00979900,36059.00000000,0.009838
1749261693,0.00979800,129359.00000000,0.009838
1749261693,0.00979700,36067.00000000,0.009838
1749261693,0.00979600,103575.00000000,0.009838
1749261693,0.00979500,387014.00000000,0.009838
1749261693,0.00979400,104778.00000000,0.009838
1749261693,0.00979300,78712.00000000,0.009838
1749261693,0.00979200,104722.00000000,0.009838
1749261693,0.00979100,11321.00000000,0.009838
1749261693,0.00979000,78866.00000000,0.009838
1749261693,0.00978900,802715.00000000,0.009838
1749261693,0.00978800,104610.00000000,0.009838
1749261693,0.00978700,793406.00000000,0.009838
1749261693,0.00978600,542038.00000000,0.009838
1749261693,0.00978500,152884.00000000,0.009838
1749261693,0.00978400,1021.00000000,0.009838
1749261693,0.00978300,1021.00000000,0.009838
1749261693,0.00978200,74967.00000000,0.009838
1749261693,0.00978100,90101.00000000,0.009838
1749261693,0.00978000,1288.00000000,0.009838
1749261693,0.00977900,333999.00000000,0.009838
1749261693,0.00977800,218486.00000000,0.009838
1749261693,0.00977700,1022.00000000,0.009838
1749261693,0.00977600,895983.00000000,0.009838
1749261693,0.00977500,359139.00000000,0.009838
1749261693,0.00977400,2135.00000000,0.009838
1749261693,0.00977300,1015.00000000,0.009838
1749261693,0.00977200,1015.00000000,0.009838
1749261693,0.00977100,1015.00000000,0.009838
1749261693,0.00977000,208347.00000000,0.009838
1749261693,0.00976900,1015.00000000,0.009838
1749261693,0.00976800,1128.00000000,0.009838
1749261693,0.00976700,1015.00000000,0.009838
1749261693,0.00976600,1015.00000000,0.009838
1749261693,0.00976500,363416.00000000,0.009838
1749261693,0.00976400,1015.00000000,0.009838
1749261693,0.00976300,544345.00000000,0.009838
1749261693,0.00976200,1015.00000000,0.009838
1749261693,0.00976100,1015.00000000,0.009838
1749261693,0.00976000,154.00000000,0.009838
1749261693,0.00975700,104091.00000000,0.009838
1749261693,0.00975600,29623.00000000,0.009838
1749261693,0.00975500,369749.00000000,0.009838
1749261693,0.00975400,103589.00000000,0.009838
1749261693,0.00975200,35777.00000000,0.009838
1749261693,0.00975100,103589.00000000,0.009838
1749261693,0.00975000,1282.00000000,0.009838
1749261693,0.00974900,4070000.00000000,0.009838
1749261693,0.00974800,548831.00000000,0.009838
1749261693,0.00974700,352027.00000000,0.009838
1749261693,0.00974500,512297.00000000,0.009838
1749261693,0.00974400,113.00000000,0.009838
1749261693,0.00974300,170.00000000,0.009838
1749261693,0.00974200,207178.00000000,0.009838
1749261693,0.00974000,154.00000000,0.009838
1749261693,0.00973700,595.00000000,0.009838
1749261693,0.00973600,207822.00000000,0.009838
1749261693,0.00973500,397005.00000000,0.009838
1749261693,0.00973300,179.00000000,0.009838
1749261693,0.00973200,114.00000000,0.009838
1749261693,0.00973000,732560.00000000,0.009838
1749261693,0.00972800,239769.00000000,0.009838
1749261693,0.00972600,21666.00000000,0.009838
1749262000,0.00986300,52644.00000000,0.009863
1749262000,0.00986200,88855.00000000,0.009863
1749262000,0.00986100,100963.00000000,0.009863
1749262000,0.00986000,100696.00000000,0.009863
1749262000,0.00985900,129956.00000000,0.009863
1749262000,0.00985800,291662.00000000,0.009863
1749262000,0.00985700,171210.00000000,0.009863
1749262000,0.00985600,292185.00000000,0.009863
1749262000,0.00985500,180395.00000000,0.009863
1749262000,0.00985400,226247.00000000,0.009863
1749262000,0.00985300,515246.00000000,0.009863
1749262000,0.00985200,244979.00000000,0.009863
1749262000,0.00985100,1167.00000000,0.009863
1749262000,0.00985000,376045.00000000,0.009863
1749262000,0.00984900,246308.00000000,0.009863
1749262000,0.00984800,324074.00000000,0.009863
1749262000,0.00984700,235505.00000000,0.009863
1749262000,0.00984600,574746.00000000,0.009863
1749262000,0.00984500,858819.00000000,0.009863
1749262000,0.00984400,151385.00000000,0.009863
1749262000,0.00984300,71540.00000000,0.009863
1749262000,0.00984200,103569.00000000,0.009863
1749262000,0.00984100,25765.00000000,0.009863
1749262000,0.00984000,123408.00000000,0.009863
1749262000,0.00983900,905333.00000000,0.009863
1749262000,0.00983800,716013.00000000,0.009863
1749262000,0.00983700,65006.00000000,0.009863
1749262000,0.00983600,218937.00000000,0.009863
1749262000,0.00983500,384561.00000000,0.009863
1749262000,0.00983400,25766.00000000,0.009863
1749262000,0.00983300,44455.00000000,0.009863
1749262000,0.00983200,361766.00000000,0.009863
1749262000,0.00983100,40271.00000000,0.009863
1749262000,0.00983000,25919.00000000,0.009863
1749262000,0.00982900,103458.00000000,0.009863
1749262000,0.00982800,1128.00000000,0.009863
1749262000,0.00982700,222011.00000000,0.009863
1749262000,0.00982600,285887.00000000,0.009863
1749262000,0.00982500,370684.00000000,0.009863
1749262000,0.00982400,1129.00000000,0.009863
1749262000,0.00982300,25767.00000000,0.009863
1749262000,0.00982200,2136.00000000,0.009863
1749262000,0.00982100,103460.00000000,0.009863
1749262000,0.00982000,1284.00000000,0.009863
1749262000,0.00981900,1018.00000000,0.009863
1749262000,0.00981800,104607.00000000,0.009863
1749262000,0.00981700,182299.00000000,0.009863
1749262000,0.00981600,1131.00000000,0.009863
1749262000,0.00981500,368862.00000000,0.009863
1749262000,0.00981400,1018.00000000,0.009863
1749262000,0.00981300,206868.00000000,0.009863
1749262000,0.00981200,104607.00000000,0.009863
1749262000,0.00981100,182299.00000000,0.009863
1749262000,0.00981000,75927.00000000,0.009863
1749262000,0.00980900,1193253.00000000,0.009863
1749262000,0.00980800,333012.00000000,0.009863
1749262000,0.00980700,428176.00000000,0.009863
1749262000,0.00980600,104608.00000000,0.009863
1749262000,0.00980500,368349.00000000,0.009863
1749262000,0.00980400,911733.00000000,0.009863
1749262000,0.00980300,1019.00000000,0.009863
1749262000,0.00980200,1019.00000000,0.009863
1749262000,0.00980100,1019.00000000,0.009863
1749262000,0.00980000,104762.00000000,0.009863
1749262000,0.00979900,1011.00000000,0.009863
1749262000,0.00979800,104601.00000000,0.009863
1749262000,0.00979700,1012.00000000,0.009863
1749262000,0.00979600,1012.00000000,0.009863
1749262000,0.00979500,727033.00000000,0.009863
1749262000,0.00979400,104770.00000000,0.009863
1749262000,0.00979300,1012.00000000,0.009863
1749262000,0.00979200,104714.00000000,0.009863
1749262000,0.00979100,2135.00000000,0.009863
1749262000,0.00979000,1166.00000000,0.009863
1749262000,0.00978900,1012.00000000,0.009863
1749262000,0.00978800,439896.00000000,0.009863
1749262000,0.00978600,103589.00000000,0.009863
1749262000,0.00978500,151863.00000000,0.009863
1749262000,0.00978000,267.00000000,0.009863
1749262000,0.00977800,207178.00000000,0.009863
1749262000,0.00977500,562715.00000000,0.009863
1749262000,0.00977400,30576.00000000,0.009863
1749262000,0.00977300,4062560.00000000,0.009863
1749262000,0.00977000,207332.00000000,0.009863
1749262000,0.00976800,113.00000000,0.009863
1749262000,0.00976700,323911.00000000,0.009863
1749262000,0.00976600,457.00000000,0.009863
1749262000,0.00976500,362401.00000000,0.009863
1749262000,0.00976300,242892.00000000,0.009863
1749262000,0.00976000,154.00000000,0.009863
1749262000,0.00975800,117.00000000,0.009863
1749262000,0.00975700,114322.00000000,0.009863
1749262000,0.00975600,730480.00000000,0.009863
1749262000,0.00975500,402340.00000000,0.009863
1749262000,0.00975400,121474.00000000,0.009863
1749262000,0.00975100,104717.00000000,0.009863
1749262000,0.00975000,154.00000000,0.009863
1749262000,0.00974800,344376.00000000,0.009863
1749262000,0.00974500,934122.00000000,0.009863
1749262000,0.00974400,113.00000000,0.009863
1749262306,0.00989400,112.00000000,0.009888
1749262306,0.00989300,11934.00000000,0.009888
1749262306,0.00989200,54973.00000000,0.009888
1749262306,0.00989100,104383.00000000,0.009888
1749262306,0.00989000,183136.00000000,0.009888
1749262306,0.00988900,132286.00000000,0.009888
1749262306,0.00988800,175068.00000000,0.009888
1749262306,0.00988700,219570.00000000,0.009888
1749262306,0.00988600,101280.00000000,0.009888
1749262306,0.00988500,294103.00000000,0.009888
1749262306,0.00988400,168788.00000000,0.009888
1749262306,0.00988300,338980.00000000,0.009888
1749262306,0.00988200,298203.00000000,0.009888
1749262306,0.00988100,316442.00000000,0.009888
1749262306,0.00988000,374801.00000000,0.009888
1749262306,0.00987900,444192.00000000,0.009888
1749262306,0.00987800,386255.00000000,0.009888
1749262306,0.00987700,1145708.00000000,0.009888
1749262306,0.00987600,865918.00000000,0.009888
1749262306,0.00987500,461113.00000000,0.009888
1749262306,0.00987400,25762.00000000,0.009888
1749262306,0.00987300,25762.00000000,0.009888
1749262306,0.00987200,60712.00000000,0.009888
1749262306,0.00987100,310632.00000000,0.009888
1749262306,0.00987000,25914.00000000,0.009888
1749262306,0.00986900,25762.00000000,0.009888
1749262306,0.00986800,80112.00000000,0.009888
1749262306,0.00986700,35988.00000000,0.009888
1749262306,0.00986600,103455.00000000,0.009888
1749262306,0.00986500,518369.00000000,0.009888
1749262306,0.00986400,139689.00000000,0.009888
1749262306,0.00986300,103455.00000000,0.009888
1749262306,0.00986200,129352.00000000,0.009888
1749262306,0.00986100,217091.00000000,0.009888
1749262306,0.00986000,103719.00000000,0.009888
1749262306,0.00985900,1013.00000000,0.009888
1749262306,0.00985800,129352.00000000,0.009888
1749262306,0.00985700,88936.00000000,0.009888
1749262306,0.00985600,104714.00000000,0.009888
1749262306,0.00985500,329712.00000000,0.009888
1749262306,0.00985400,78706.00000000,0.009888
1749262306,0.00985300,11233.00000000,0.009888
1749262306,0.00985200,104715.00000000,0.009888
1749262306,0.00985100,670274.00000000,0.009888
1749262306,0.00985000,104756.00000000,0.009888
1749262306,0.00984900,1014.00000000,0.009888
1749262306,0.00984800,78839.00000000,0.009888
1749262306,0.00984700,11233.00000000,0.009888
1749262306,0.00984600,119790.00000000,0.009888
1749262306,0.00984500,428683.00000000,0.009888
1749262306,0.00984400,104604.00000000,0.009888
1749262306,0.00984300,1014.00000000,0.009888
1749262306,0.00984200,1015.00000000,0.009888
1749262306,0.00984100,1015.00000000,0.009888
1749262306,0.00984000,1280.00000000,0.009888
1749262306,0.00983900,11234.00000000,0.009888
1749262306,0.00983800,541783.00000000,0.009888
1749262306,0.00983700,1015.00000000,0.009888
1749262306,0.00983600,1015.00000000,0.009888
1749262306,0.00983500,1153018.00000000,0.009888
1749262306,0.00983400,1016.00000000,0.009888
1749262306,0.00983300,1016.00000000,0.009888
1749262306,0.00983200,1015206.00000000,0.009888
1749262306,0.00983100,609107.00000000,0.009888
1749262306,0.00983000,1671.00000000,0.009888
1749262306,0.00982900,1016.00000000,0.009888
1749262306,0.00982800,1121.00000000,0.009888
1749262306,0.00982700,1009.00000000,0.009888
1749262306,0.00982600,208187.00000000,0.009888
1749262306,0.00982500,370676.00000000,0.009888
1749262306,0.00982400,1009.00000000,0.009888
1749262306,0.00982300,1009.00000000,0.009888
1749262306,0.00982200,1009.00000000,0.009888
1749262306,0.00982100,1009.00000000,0.009888
1749262306,0.00982000,1162.00000000,0.009888
1749262306,0.00981900,30330.00000000,0.009888
1749262306,0.00981800,103589.00000000,0.009888
1749262306,0.00981700,139110.00000000,0.009888
1749262306,0.00981600,350847.00000000,0.009888
1749262306,0.00981500,367949.00000000,0.009888
1749262306,0.00981200,103589.00000000,0.009888
1749262306,0.00981100,103589.00000000,0.009888
1749262306,0.00981000,153.00000000,0.009888
1749262306,0.00980700,203932.00000000,0.009888
1749262306,0.00980600,4148485.00000000,0.009888
1749262306,0.00980500,368461.00000000,0.009888
1749262306,0.00980400,103702.00000000,0.009888
1749262306,0.00980300,726646.00000000,0.009888
1749262306,0.00980000,136333.00000000,0.009888
1749262306,0.00979900,238831.00000000,0.009888
1749262306,0.00979800,103589.00000000,0.009888
1749262306,0.00979500,526709.00000000,0.009888
1749262306,0.00979400,103758.00000000,0.009888
1749262306,0.00979300,945.00000000,0.009888
1749262306,0.00979200,103702.00000000,0.009888
1749262306,0.00979100,7077.00000000,0.009888
1749262306,0.00979000,154.00000000,0.009888
1749262306,0.00978800,103589.00000000,0.009888
1749262306,0.00978600,104713.00000000,0.009888
1749262306,0.00978500,152669.00000000,0.009888
1749262608,0.00987500,48772.00000000,0.009875
1749262608,0.00987400,11546.00000000,0.009875
1749262608,0.00987300,57196.00000000,0.009875
1749262608,0.00987200,107348.00000000,0.009875
1749262608,0.00987100,121965.00000000,0.009875
1749262608,0.00987000,167989.00000000,0.009875
1749262608,0.00986900,332244.00000000,0.009875
1749262608,0.00986800,273119.00000000,0.009875
1749262608,0.00986700,48280.00000000,0.009875
1749262608,0.00986600,181314.00000000,0.009875
1749262608,0.00986500,894818.00000000,0.009875
1749262608,0.00986400,843020.00000000,0.009875
1749262608,0.00986300,462473.00000000,0.009875
1749262608,0.00986200,606427.00000000,0.009875
1749262608,0.00986100,212168.00000000,0.009875
1749262608,0.00986000,700309.00000000,0.009875
1749262608,0.00985900,758985.00000000,0.009875
1749262608,0.00985800,497040.00000000,0.009875
1749262608,0.00985700,538136.00000000,0.009875
1749262608,0.00985600,36098.00000000,0.009875
1749262608,0.00985500,1154575.00000000,0.009875
1749262608,0.00985400,78706.00000000,0.009875
1749262608,0.00985300,87629.00000000,0.009875
1749262608,0.00985200,48241.00000000,0.009875
1749262608,0.00985100,698011.00000000,0.009875
1749262608,0.00985000,36140.00000000,0.009875
1749262608,0.00984900,35987.00000000,0.009875
1749262608,0.00984800,103568.00000000,0.009875
1749262608,0.00984700,75399.00000000,0.009875
1749262608,0.00984600,36823.00000000,0.009875
1749262608,0.00984500,593578.00000000,0.009875
1749262608,0.00984400,129466.00000000,0.009875
1749262608,0.00984300,11238.00000000,0.009875
1749262608,0.00984200,103457.00000000,0.009875
1749262608,0.00984100,177119.00000000,0.009875
1749262608,0.00984000,36253.00000000,0.009875
1749262608,0.00983900,207046.00000000,0.009875
1749262608,0.00983800,556504.00000000,0.009875
1749262608,0.00983700,35981.00000000,0.009875
1749262608,0.00983600,103562.00000000,0.009875
1749262608,0.00983500,384553.00000000,0.009875
1749262608,0.00983400,231608.00000000,0.009875
1749262608,0.00983300,113673.00000000,0.009875
1749262608,0.00983200,208298.00000000,0.009875
1749262608,0.00983100,11231.00000000,0.009875
1749262608,0.00983000,79355.00000000,0.009875
1749262608,0.00982900,584025.00000000,0.009875
1749262608,0.00982800,11344.00000000,0.009875
1749262608,0.00982700,686792.00000000,0.009875
1749262608,0.00982600,208187.00000000,0.009875
1749262608,0.00982500,370676.00000000,0.009875
1749262608,0.00982400,78701.00000000,0.009875
1749262608,0.00982300,1009.00000000,0.009875
1749262608,0.00982200,1009.00000000,0.009875
1749262608,0.00982100,883257.00000000,0.009875
1749262608,0.00982000,1162.00000000,0.009875
1749262608,0.00981900,1009.00000000,0.009875
1749262608,0.00981800,104599.00000000,0.009875
1749262608,0.00981700,104599.00000000,0.009875
1749262608,0.00981600,2243.00000000,0.009875
1749262608,0.00981500,703331.00000000,0.009875
1749262608,0.00981400,350695.00000000,0.009875
1749262608,0.00981300,1010.00000000,0.009875
1749262608,0.00981200,104599.00000000,0.009875
1749262608,0.00981100,436490.00000000,0.009875
1749262608,0.00981000,1163.00000000,0.009875
1749262608,0.00980900,1010.00000000,0.009875
1749262608,0.00980800,1010.00000000,0.009875
1749262608,0.00980700,1011.00000000,0.009875
1749262608,0.00980600,140197.00000000,0.009875
1749262608,0.00980500,368341.00000000,0.009875
1749262608,0.00980400,104713.00000000,0.009875
1749262608,0.00980300,1011.00000000,0.009875
1749262608,0.00980200,1011.00000000,0.009875
1749262608,0.00980100,1011.00000000,0.009875
1749262608,0.00980000,104753.00000000,0.009875
1749262608,0.00979800,103589.00000000,0.009875
1749262608,0.00979500,526709.00000000,0.009875
1749262608,0.00979400,103758.00000000,0.009875
1749262608,0.00979200,103702.00000000,0.009875
1749262608,0.00979100,30528.00000000,0.009875
1749262608,0.00979000,204424.00000000,0.009875
1749262608,0.00978900,4054320.00000000,0.009875
1749262608,0.00978800,103589.00000000,0.009875
1749262608,0.00978600,103589.00000000,0.009875
1749262608,0.00978500,151863.00000000,0.009875
1749262608,0.00978200,32591.00000000,0.009875
1749262608,0.00978100,946.00000000,0.009875
1749262608,0.00978000,267.00000000,0.009875
1749262608,0.00977800,208302.00000000,0.009875
1749262608,0.00977700,729232.00000000,0.009875
1749262608,0.00977500,358124.00000000,0.009875
1749262608,0.00977400,1120.00000000,0.009875
1749262608,0.00977300,322587.00000000,0.009875
1749262608,0.00977000,207332.00000000,0.009875
1749262608,0.00976800,113.00000000,0.009875
1749262608,0.00976600,105.00000000,0.009875
1749262608,0.00976500,362401.00000000,0.009875
1749262608,0.00976400,715.00000000,0.009875
1749262608,0.00976300,207178.00000000,0.009875
1749262910,0.00993800,10279.00000000,0.00994
1749262910,0.00993700,62062.00000000,0.00994
1749262910,0.00993600,11538.00000000,0.00994
1749262910,0.00993500,56852.00000000,0.00994
1749262910,0.00993400,56185.00000000,0.00994
1749262910,0.00993300,147106.00000000,0.00994
1749262910,0.00993200,358905.00000000,0.00994
1749262910,0.00993100,136925.00000000,0.00994
1749262910,0.00993000,93124.00000000,0.00994
1749262910,0.00992900,82611.00000000,0.00994
1749262910,0.00992800,139635.00000000,0.00994
1749262910,0.00992700,371801.00000000,0.00994
1749262910,0.00992600,863334.00000000,0.00994
1749262910,0.00992500,886151.00000000,0.00994
1749262910,0.00992400,555271.00000000,0.00994
1749262910,0.00992300,297560.00000000,0.00994
1749262910,0.00992200,332639.00000000,0.00994
1749262910,0.00992100,322663.00000000,0.00994
1749262910,0.00992000,383167.00000000,0.00994
1749262910,0.00991900,401419.00000000,0.00994
1749262910,0.00991800,866096.00000000,0.00994
1749262910,0.00991700,207031.00000000,0.00994
1749262910,0.00991600,551284.00000000,0.00994
1749262910,0.00991500,36078.00000000,0.00994
1749262910,0.00991400,49524.00000000,0.00994
1749262910,0.00991300,147342.00000000,0.00994
1749262910,0.00991200,54607.00000000,0.00994
1749262910,0.00991100,208186.00000000,0.00994
1749262910,0.00991000,103713.00000000,0.00994
1749262910,0.00990900,51344.00000000,0.00994
1749262910,0.00990800,1120.00000000,0.00994
1749262910,0.00990700,11186.00000000,0.00994
1749262910,0.00990600,113629.00000000,0.00994
1749262910,0.00990500,412707.00000000,0.00994
1749262910,0.00990400,104710.00000000,0.00994
1749262910,0.00990300,623300.00000000,0.00994
1749262910,0.00990200,25759.00000000,0.00994
1749262910,0.00990100,25759.00000000,0.00994
1749262910,0.00990000,103715.00000000,0.00994
1749262910,0.00989900,25759.00000000,0.00994
1749262910,0.00989800,139537.00000000,0.00994
1749262910,0.00989700,420401.00000000,0.00994
1749262910,0.00989600,198977.00000000,0.00994
1749262910,0.00989500,418611.00000000,0.00994
1749262910,0.00989400,114768.00000000,0.00994
1749262910,0.00989300,580527.00000000,0.00994
1749262910,0.00989200,104599.00000000,0.00994
1749262910,0.00989100,182291.00000000,0.00994
1749262910,0.00989000,1162.00000000,0.00994
1749262910,0.00988900,11215.00000000,0.00994
1749262910,0.00988800,89019.00000000,0.00994
1749262910,0.00988700,1010.00000000,0.00994
1749262910,0.00988600,104599.00000000,0.00994
1749262910,0.00988500,519874.00000000,0.00994
1749262910,0.00988400,1010.00000000,0.00994
1749262910,0.00988300,85108.00000000,0.00994
1749262910,0.00988200,78703.00000000,0.00994
1749262910,0.00988100,11212.00000000,0.00994
1749262910,0.00988000,1163.00000000,0.00994
1749262910,0.00987900,1011.00000000,0.00994
1749262910,0.00987800,11223.00000000,0.00994
1749262910,0.00987700,1011.00000000,0.00994
1749262910,0.00987600,208301.00000000,0.00994
1749262910,0.00987500,380933.00000000,0.00994
1749262910,0.00987400,11234.00000000,0.00994
1749262910,0.00987300,1012.00000000,0.00994
1749262910,0.00987200,1012.00000000,0.00994
1749262910,0.00987100,1012.00000000,0.00994
1749262910,0.00987000,1164.00000000,0.00994
1749262910,0.00986900,208190.00000000,0.00994
1749262910,0.00986800,1012.00000000,0.00994
1749262910,0.00986700,1013.00000000,0.00994
1749262910,0.00986600,333696.00000000,0.00994
1749262910,0.00986500,777135.00000000,0.00994
1749262910,0.00986400,350186.00000000,0.00994
1749262910,0.00986300,1039365.00000000,0.00994
1749262910,0.00986100,344713.00000000,0.00994
1749262910,0.00986000,153.00000000,0.00994
1749262910,0.00985900,606721.00000000,0.00994
1749262910,0.00985700,103589.00000000,0.00994
1749262910,0.00985600,103589.00000000,0.00994
1749262910,0.00985500,377835.00000000,0.00994
1749262910,0.00985200,29334.00000000,0.00994
1749262910,0.00985100,103589.00000000,0.00994
1749262910,0.00985000,4144550.00000000,0.00994
1749262910,0.00984600,203122.00000000,0.00994
1749262910,0.00984500,490290.00000000,0.00994
1749262910,0.00984400,254969.00000000,0.00994
1749262910,0.00984300,936.00000000,0.00994
1749262910,0.00984200,483.00000000,0.00994
1749262910,0.00984000,265.00000000,0.00994
1749262910,0.00983900,103589.00000000,0.00994
1749262910,0.00983800,103589.00000000,0.00994
1749262910,0.00983700,724491.00000000,0.00994
1749262910,0.00983500,384845.00000000,0.00994
1749262910,0.00983200,207178.00000000,0.00994
1749262910,0.00983000,655.00000000,0.00994
1749262910,0.00982800,112.00000000,0.00994
1749262910,0.00982600,207178.00000000,0.00994
1749262910,0.00982500,369667.00000000,0.00994
1749263212,0.00995000,5550.00000000,0.00995
1749263212,0.00994900,11386.00000000,0.00995
1749263212,0.00994800,36398.00000000,0.00995
1749263212,0.00994700,79339.00000000,0.00995
1749263212,0.00994600,245445.00000000,0.00995
1749263212,0.00994500,493410.00000000,0.00995
1749263212,0.00994400,299703.00000000,0.00995
1749263212,0.00994300,73986.00000000,0.00995
1749263212,0.00994200,261895.00000000,0.00995
1749263212,0.00994100,444675.00000000,0.00995
1749263212,0.00994000,130558.00000000,0.00995
1749263212,0.00993900,217573.00000000,0.00995
1749263212,0.00993800,366848.00000000,0.00995
1749263212,0.00993700,594484.00000000,0.00995
1749263212,0.00993600,567638.00000000,0.00995
1749263212,0.00993500,720395.00000000,0.00995
1749263212,0.00993400,401337.00000000,0.00995
1749263212,0.00993300,316876.00000000,0.00995
1749263212,0.00993200,748394.00000000,0.00995
1749263212,0.00993100,183435.00000000,0.00995
1749263212,0.00993000,216705.00000000,0.00995
1749263212,0.00992900,124175.00000000,0.00995
1749263212,0.00992800,250487.00000000,0.00995
1749263212,0.00992700,25757.00000000,0.00995
1749263212,0.00992600,505140.00000000,0.00995
1749263212,0.00992500,351683.00000000,0.00995
1749263212,0.00992400,304701.00000000,0.00995
1749263212,0.00992300,25757.00000000,0.00995
1749263212,0.00992200,1007.00000000,0.00995
1749263212,0.00992100,239953.00000000,0.00995
1749263212,0.00992000,26020.00000000,0.00995
1749263212,0.00991900,103449.00000000,0.00995
1749263212,0.00991800,1007.00000000,0.00995
1749263212,0.00991700,1007.00000000,0.00995
1749263212,0.00991600,182399.00000000,0.00995
1749263212,0.00991500,332580.00000000,0.00995
1749263212,0.00991400,25757.00000000,0.00995
1749263212,0.00991300,103450.00000000,0.00995
1749263212,0.00991200,162350.00000000,0.00995
1749263212,0.00991100,579228.00000000,0.00995
1749263212,0.00991000,182441.00000000,0.00995
1749263212,0.00990900,129347.00000000,0.00995
1749263212,0.00990800,1008.00000000,0.00995
1749263212,0.00990700,1008.00000000,0.00995
1749263212,0.00990600,1009.00000000,0.00995
1749263212,0.00990500,387957.00000000,0.00995
1749263212,0.00990400,104598.00000000,0.00995
1749263212,0.00990300,104598.00000000,0.00995
1749263212,0.00990200,1009.00000000,0.00995
1749263212,0.00990100,1009.00000000,0.00995
1749263212,0.00990000,2384.00000000,0.00995
1749263212,0.00989900,1009.00000000,0.00995
1749263212,0.00989800,104598.00000000,0.00995
1749263212,0.00989700,213319.00000000,0.00995
1749263212,0.00989600,1178.00000000,0.00995
1749263212,0.00989500,383659.00000000,0.00995
1749263212,0.00989400,330109.00000000,0.00995
1749263212,0.00989300,419030.00000000,0.00995
1749263212,0.00989200,1058281.00000000,0.00995
1749263212,0.00989100,935773.00000000,0.00995
1749263212,0.00989000,1154.00000000,0.00995
1749263212,0.00988900,332911.00000000,0.00995
1749263212,0.00988800,1114.00000000,0.00995
1749263212,0.00988700,1003.00000000,0.00995
1749263212,0.00988600,104592.00000000,0.00995
1749263212,0.00988500,442175.00000000,0.00995
1749263212,0.00988400,1003.00000000,0.00995
1749263212,0.00988300,271965.00000000,0.00995
1749263212,0.00988200,1003.00000000,0.00995
1749263212,0.00988100,1003.00000000,0.00995
1749263212,0.00988000,1155.00000000,0.00995
1749263212,0.00987900,1003.00000000,0.00995
1749263212,0.00987800,203463.00000000,0.00995
1749263212,0.00987700,1003.00000000,0.00995
1749263212,0.00987600,208293.00000000,0.00995
1749263212,0.00987500,380925.00000000,0.00995
1749263212,0.00987400,29157.00000000,0.00995
1749263212,0.00987300,319320.00000000,0.00995
1749263212,0.00987000,152.00000000,0.00995
1749263212,0.00986900,239769.00000000,0.00995
1749263212,0.00986700,1114.00000000,0.00995
1749263212,0.00986600,4033064.00000000,0.00995
1749263212,0.00986500,358102.00000000,0.00995
1749263212,0.00986400,229.00000000,0.00995
1749263212,0.00986300,207660.00000000,0.00995
1749263212,0.00986100,10039.00000000,0.00995
1749263212,0.00986000,153.00000000,0.00995
1749263212,0.00985800,959968.00000000,0.00995
1749263212,0.00985700,103589.00000000,0.00995
1749263212,0.00985600,114434.00000000,0.00995
1749263212,0.00985500,377835.00000000,0.00995
1749263212,0.00985300,936.00000000,0.00995
1749263212,0.00985200,112.00000000,0.00995
1749263212,0.00985100,103589.00000000,0.00995
1749263212,0.00985000,104858.00000000,0.00995
1749263212,0.00984500,490290.00000000,0.00995
1749263212,0.00984400,254969.00000000,0.00995
1749263212,0.00984000,187874.00000000,0.00995
1749263212,0.00983900,103589.00000000,0.00995
1749263212,0.00983800,103589.00000000,0.00995
1749263513,0.00998800,6578.00000000,0.00999
1749263513,0.00998700,14309.00000000,0.00999
1749263513,0.00998600,82230.00000000,0.00999
1749263513,0.00998500,141568.00000000,0.00999
1749263513,0.00998400,172076.00000000,0.00999
1749263513,0.00998300,62100.00000000,0.00999
1749263513,0.00998200,99250.00000000,0.00999
1749263513,0.00998100,216893.00000000,0.00999
1749263513,0.00998000,380311.00000000,0.00999
1749263513,0.00997900,63099.00000000,0.00999
1749263513,0.00997800,219049.00000000,0.00999
1749263513,0.00997700,207766.00000000,0.00999
1749263513,0.00997600,417911.00000000,0.00999
1749263513,0.00997500,547979.00000000,0.00999
1749263513,0.00997400,457504.00000000,0.00999
1749263513,0.00997300,565456.00000000,0.00999
1749263513,0.00997200,875923.00000000,0.00999
1749263513,0.00997100,463238.00000000,0.00999
1749263513,0.00997000,603409.00000000,0.00999
1749263513,0.00996900,865215.00000000,0.00999
1749263513,0.00996800,240908.00000000,0.00999
1749263513,0.00996700,430321.00000000,0.00999
1749263513,0.00996600,191860.00000000,0.00999
1749263513,0.00996500,368162.00000000,0.00999
1749263513,0.00996400,512940.00000000,0.00999
1749263513,0.00996300,59661.00000000,0.00999
1749263513,0.00996200,125467.00000000,0.00999
1749263513,0.00996100,233495.00000000,0.00999
1749263513,0.00996000,511532.00000000,0.00999
1749263513,0.00995900,113574.00000000,0.00999
1749263513,0.00995800,50804.00000000,0.00999
1749263513,0.00995700,35882.00000000,0.00999
1749263513,0.00995600,468237.00000000,0.00999
1749263513,0.00995500,555325.00000000,0.00999
1749263513,0.00995400,25753.00000000,0.00999
1749263513,0.00995300,25754.00000000,0.00999
1749263513,0.00995200,113688.00000000,0.00999
1749263513,0.00995100,35890.00000000,0.00999
1749263513,0.00995000,214797.00000000,0.00999
1749263513,0.00994900,316806.00000000,0.00999
1749263513,0.00994800,36003.00000000,0.00999
1749263513,0.00994700,25754.00000000,0.00999
1749263513,0.00994600,286032.00000000,0.00999
1749263513,0.00994500,347435.00000000,0.00999
1749263513,0.00994400,36007.00000000,0.00999
1749263513,0.00994300,25755.00000000,0.00999
1749263513,0.00994200,78697.00000000,0.00999
1749263513,0.00994100,35903.00000000,0.00999
1749263513,0.00994000,25906.00000000,0.00999
1749263513,0.00993900,117952.00000000,0.00999
1749263513,0.00993800,293514.00000000,0.00999
1749263513,0.00993700,25755.00000000,0.00999
1749263513,0.00993600,1116.00000000,0.00999
1749263513,0.00993500,386723.00000000,0.00999
1749263513,0.00993400,88843.00000000,0.00999
1749263513,0.00993300,579086.00000000,0.00999
1749263513,0.00993200,1007.00000000,0.00999
1749263513,0.00993100,88845.00000000,0.00999
1749263513,0.00993000,208336.00000000,0.00999
1749263513,0.00992900,11153.00000000,0.00999
1749263513,0.00992800,36179.00000000,0.00999
1749263513,0.00992700,1007.00000000,0.00999
1749263513,0.00992600,11153.00000000,0.00999
1749263513,0.00992500,958404.00000000,0.00999
1749263513,0.00992400,208296.00000000,0.00999
1749263513,0.00992300,1007.00000000,0.00999
1749263513,0.00992200,429168.00000000,0.00999
1749263513,0.00992100,1007.00000000,0.00999
1749263513,0.00992000,675393.00000000,0.00999
1749263513,0.00991900,842308.00000000,0.00999
1749263513,0.00991800,1007.00000000,0.00999
1749263513,0.00991700,1007.00000000,0.00999
1749263513,0.00991600,104596.00000000,0.00999
1749263513,0.00991500,332677.00000000,0.00999
1749263513,0.00991400,332072.00000000,0.00999
1749263513,0.00991300,2120.00000000,0.00999
1749263513,0.00991200,111.00000000,0.00999
1749263513,0.00991000,103741.00000000,0.00999
1749263513,0.00990900,103589.00000000,0.00999
1749263513,0.00990500,588864.00000000,0.00999
1749263513,0.00990400,103589.00000000,0.00999
1749263513,0.00990300,104091.00000000,0.00999
1749263513,0.00990200,29075.00000000,0.00999
1749263513,0.00990100,4013640.00000000,0.00999
1749263513,0.00990000,1375.00000000,0.00999
1749263513,0.00989800,103589.00000000,0.00999
1749263513,0.00989700,103589.00000000,0.00999
1749263513,0.00989600,168.00000000,0.00999
1749263513,0.00989500,382657.00000000,0.00999
1749263513,0.00989400,149501.00000000,0.00999
1749263513,0.00989200,103589.00000000,0.00999
1749263513,0.00989100,824610.00000000,0.00999
1749263513,0.00989000,152.00000000,0.00999
1749263513,0.00988900,798.00000000,0.00999
1749263513,0.00988800,112.00000000,0.00999
1749263513,0.00988600,103589.00000000,0.00999
1749263513,0.00988500,441172.00000000,0.00999
1749263513,0.00988300,271443.00000000,0.00999
1749263513,0.00988000,152.00000000,0.00999
1749263513,0.00987600,207290.00000000,0.00999
1749263819,0.00997700,59966.00000000,0.009976
1749263819,0.00997600,160261.00000000,0.009976
1749263819,0.00997500,347976.00000000,0.009976
1749263819,0.00997400,20019.00000000,0.009976
1749263819,0.00997300,52735.00000000,0.009976
1749263819,0.00997200,154412.00000000,0.009976
1749263819,0.00997100,106125.00000000,0.009976
1749263819,0.00997000,41198.00000000,0.009976
1749263819,0.00996900,65108.00000000,0.009976
1749263819,0.00996800,184616.00000000,0.009976
1749263819,0.00996700,349461.00000000,0.009976
1749263819,0.00996600,592307.00000000,0.009976
1749263819,0.00996500,573491.00000000,0.009976
1749263819,0.00996400,349977.00000000,0.009976
1749263819,0.00996300,224858.00000000,0.009976
1749263819,0.00996200,351799.00000000,0.009976
1749263819,0.00996100,599929.00000000,0.009976
1749263819,0.00996000,437081.00000000,0.009976
1749263819,0.00995900,1079893.00000000,0.009976
1749263819,0.00995800,1049823.00000000,0.009976
1749263819,0.00995700,59334.00000000,0.009976
1749263819,0.00995600,199102.00000000,0.009976
1749263819,0.00995500,367606.00000000,0.009976
1749263819,0.00995400,48871.00000000,0.009976
1749263819,0.00995300,96988.00000000,0.009976
1749263819,0.00995200,129454.00000000,0.009976
1749263819,0.00995100,39888.00000000,0.009976
1749263819,0.00995000,215526.00000000,0.009976
1749263819,0.00994900,82938.00000000,0.009976
1749263819,0.00994800,1115.00000000,0.009976
1749263819,0.00994700,25754.00000000,0.009976
1749263819,0.00994600,154657.00000000,0.009976
1749263819,0.00994500,472709.00000000,0.009976
1749263819,0.00994400,25865.00000000,0.009976
1749263819,0.00994300,239114.00000000,0.009976
1749263819,0.00994200,207036.00000000,0.009976
1749263819,0.00994100,170186.00000000,0.009976
1749263819,0.00994000,213736.00000000,0.009976
1749263819,0.00993900,153704.00000000,0.009976
1749263819,0.00993800,1005.00000000,0.009976
1749263819,0.00993700,25756.00000000,0.009976
1749263819,0.00993600,1117.00000000,0.009976
1749263819,0.00993500,553855.00000000,0.009976
1749263819,0.00993400,706161.00000000,0.009976
1749263819,0.00993300,1006.00000000,0.009976
1749263819,0.00993200,103448.00000000,0.009976
1749263819,0.00993100,1006.00000000,0.009976
1749263819,0.00993000,3352.00000000,0.009976
1749263819,0.00992900,1007.00000000,0.009976
1749263819,0.00992800,74319.00000000,0.009976
1749263819,0.00992700,208185.00000000,0.009976
1749263819,0.00992600,1007.00000000,0.009976
1749263819,0.00992500,340323.00000000,0.009976
1749263819,0.00992400,1118.00000000,0.009976
1749263819,0.00992300,1007.00000000,0.009976
1749263819,0.00992200,1007.00000000,0.009976
1749263819,0.00992100,1007.00000000,0.009976
1749263819,0.00992000,1158.00000000,0.009976
1749263819,0.00991900,536461.00000000,0.009976
1749263819,0.00991800,347066.00000000,0.009976
1749263819,0.00991700,21161.00000000,0.009976
1749263819,0.00991600,332012.00000000,0.009976
1749263819,0.00991500,222259.00000000,0.009976
1749263819,0.00991400,1000.00000000,0.009976
1749263819,0.00991300,2120.00000000,0.009976
1749263819,0.00991200,607832.00000000,0.009976
1749263819,0.00991100,1000.00000000,0.009976
1749263819,0.00991000,104916.00000000,0.009976
1749263819,0.00990900,104589.00000000,0.009976
1749263819,0.00990800,419028.00000000,0.009976
1749263819,0.00990700,1000.00000000,0.009976
1749263819,0.00990600,1000.00000000,0.009976
1749263819,0.00990500,387949.00000000,0.009976
1749263819,0.00990400,104696.00000000,0.009976
1749263819,0.00990300,105092.00000000,0.009976
1749263819,0.00990200,1001.00000000,0.009976
1749263819,0.00990100,201981.00000000,0.009976
1749263819,0.00990000,264.00000000,0.009976
1749263819,0.00989800,934771.00000000,0.009976
1749263819,0.00989700,103589.00000000,0.009976
1749263819,0.00989600,29261.00000000,0.009976
1749263819,0.00989500,382657.00000000,0.009976
1749263819,0.00989400,32591.00000000,0.009976
1749263819,0.00989200,104701.00000000,0.009976
1749263819,0.00989100,4134621.00000000,0.009976
1749263819,0.00989000,152.00000000,0.009976
1749263819,0.00988800,112.00000000,0.009976
1749263819,0.00988600,104710.00000000,0.009976
1749263819,0.00988500,441172.00000000,0.009976
1749263819,0.00988300,270962.00000000,0.009976
1749263819,0.00988000,152.00000000,0.009976
1749263819,0.00987900,236897.00000000,0.009976
1749263819,0.00987800,10105.00000000,0.009976
1749263819,0.00987700,35353.00000000,0.009976
1749263819,0.00987600,207290.00000000,0.009976
1749263819,0.00987500,1102324.00000000,0.009976
1749263819,0.00987000,152.00000000,0.009976
1749263819,0.00986900,207178.00000000,0.009976
1749263819,0.00986500,358102.00000000,0.009976
1749263819,0.00986400,186705.00000000,0.009976
1749264121,0.01007500,331344.00000000,0.01007
1749264121,0.01007400,361.00000000,0.01007
1749264121,0.01007300,1243.00000000,0.01007
1749264121,0.01007200,1251.00000000,0.01007
1749264121,0.01007100,54707.00000000,0.01007
1749264121,0.01007000,113372.00000000,0.01007
1749264121,0.01006900,109280.00000000,0.01007
1749264121,0.01006800,51981.00000000,0.01007
1749264121,0.01006700,166928.00000000,0.01007
1749264121,0.01006600,608883.00000000,0.01007
1749264121,0.01006500,763180.00000000,0.01007
1749264121,0.01006400,337271.00000000,0.01007
1749264121,0.01006300,155856.00000000,0.01007
1749264121,0.01006200,366616.00000000,0.01007
1749264121,0.01006100,910022.00000000,0.01007
1749264121,0.01006000,211402.00000000,0.01007
1749264121,0.01005900,549531.00000000,0.01007
1749264121,0.01005800,1043985.00000000,0.01007
1749264121,0.01005700,945518.00000000,0.01007
1749264121,0.01005600,490092.00000000,0.01007
1749264121,0.01005500,634851.00000000,0.01007
1749264121,0.01005400,179590.00000000,0.01007
1749264121,0.01005300,103436.00000000,0.01007
1749264121,0.01005200,45583.00000000,0.01007
1749264121,0.01005100,218205.00000000,0.01007
1749264121,0.01005000,116178.00000000,0.01007
1749264121,0.01004900,103436.00000000,0.01007
1749264121,0.01004800,1104.00000000,0.01007
1749264121,0.01004700,39878.00000000,0.01007
1749264121,0.01004600,994.00000000,0.01007
1749264121,0.01004500,527622.00000000,0.01007
1749264121,0.01004400,233032.00000000,0.01007
1749264121,0.01004300,20391.00000000,0.01007
1749264121,0.01004200,25745.00000000,0.01007
1749264121,0.01004100,25179.00000000,0.01007
1749264121,0.01004000,559195.00000000,0.01007
1749264121,0.01003900,25745.00000000,0.01007
1749264121,0.01003800,11045.00000000,0.01007
1749264121,0.01003700,208173.00000000,0.01007
1749264121,0.01003600,292157.00000000,0.01007
1749264121,0.01003500,418799.00000000,0.01007
1749264121,0.01003400,995.00000000,0.01007
1749264121,0.01003300,11046.00000000,0.01007
1749264121,0.01003200,44178.00000000,0.01007
1749264121,0.01003100,996.00000000,0.01007
1749264121,0.01003000,182427.00000000,0.01007
1749264121,0.01002900,675329.00000000,0.01007
1749264121,0.01002800,25746.00000000,0.01007
1749264121,0.01002700,11052.00000000,0.01007
1749264121,0.01002600,25746.00000000,0.01007
1749264121,0.01002500,392935.00000000,0.01007
1749264121,0.01002400,399424.00000000,0.01007
1749264121,0.01002300,129335.00000000,0.01007
1749264121,0.01002200,104585.00000000,0.01007
1749264121,0.01002100,10997.00000000,0.01007
1749264121,0.01002000,353699.00000000,0.01007
1749264121,0.01001900,989.00000000,0.01007
1749264121,0.01001800,10998.00000000,0.01007
1749264121,0.01001700,368379.00000000,0.01007
1749264121,0.01001600,114587.00000000,0.01007
1749264121,0.01001500,453979.00000000,0.01007
1749264121,0.01001400,990.00000000,0.01007
1749264121,0.01001300,25740.00000000,0.01007
1749264121,0.01001200,990.00000000,0.01007
1749264121,0.01001100,990.00000000,0.01007
1749264121,0.01001000,25890.00000000,0.01007
1749264121,0.01000900,104579.00000000,0.01007
1749264121,0.01000800,1100.00000000,0.01007
1749264121,0.01000700,161920.00000000,0.01007
1749264121,0.01000600,990.00000000,0.01007
1749264121,0.01000500,345561.00000000,0.01007
1749264121,0.01000400,991.00000000,0.01007
1749264121,0.01000300,25741.00000000,0.01007
1749264121,0.01000200,2795.00000000,0.01007
1749264121,0.01000100,991.00000000,0.01007
1749264121,0.01000000,815588.00000000,0.01007
1749264121,0.00999900,25850.00000000,0.01007
1749264121,0.00999800,831182.00000000,0.01007
1749264121,0.00999700,418028.00000000,0.01007
1749264121,0.00999600,30012.00000000,0.01007
1749264121,0.00999500,363496.00000000,0.01007
1749264121,0.00999400,712955.00000000,0.01007
1749264121,0.00999300,407309.00000000,0.01007
1749264121,0.00999000,627.00000000,0.01007
1749264121,0.00998800,4023014.00000000,0.01007
1749264121,0.00998700,207178.00000000,0.01007
1749264121,0.00998500,388551.00000000,0.01007
1749264121,0.00998400,1231.00000000,0.01007
1749264121,0.00998000,207329.00000000,0.01007
1749264121,0.00997600,502.00000000,0.01007
1749264121,0.00997500,372586.00000000,0.01007
1749264121,0.00997400,207178.00000000,0.01007
1749264121,0.00997200,111.00000000,0.01007
1749264121,0.00997000,1261.00000000,0.01007
1749264121,0.00996900,9930.00000000,0.01007
1749264121,0.00996700,207178.00000000,0.01007
1749264121,0.00996600,332922.00000000,0.01007
1749264121,0.00996500,337038.00000000,0.01007
1749264121,0.00996400,104.00000000,0.01007
1749264121,0.00996300,316435.00000000,0.01007
1749264427,0.01001300,50577.00000000,0.010014
1749264427,0.01001200,35613.00000000,0.010014
1749264427,0.01001100,95032.00000000,0.010014
1749264427,0.01001000,1408.00000000,0.010014
1749264427,0.01000900,73515.00000000,0.010014
1749264427,0.01000800,124951.00000000,0.010014
1749264427,0.01000700,100046.00000000,0.010014
1749264427,0.01000600,124297.00000000,0.010014
1749264427,0.01000500,429704.00000000,0.010014
1749264427,0.01000400,47215.00000000,0.010014
1749264427,0.01000300,125943.00000000,0.010014
1749264427,0.01000200,401297.00000000,0.010014
1749264427,0.01000100,505697.00000000,0.010014
1749264427,0.01000000,553116.00000000,0.010014
1749264427,0.00999900,761918.00000000,0.010014
1749264427,0.00999800,674978.00000000,0.010014
1749264427,0.00999700,216062.00000000,0.010014
1749264427,0.00999600,735765.00000000,0.010014
1749264427,0.00999500,491710.00000000,0.010014
1749264427,0.00999400,734598.00000000,0.010014
1749264427,0.00999300,676417.00000000,0.010014
1749264427,0.00999200,103545.00000000,0.010014
1749264427,0.00999100,22198.00000000,0.010014
1749264427,0.00999000,71683.00000000,0.010014
1749264427,0.00998900,992.00000000,0.010014
1749264427,0.00998800,130435.00000000,0.010014
1749264427,0.00998700,208171.00000000,0.010014
1749264427,0.00998600,1463646.00000000,0.010014
1749264427,0.00998500,414707.00000000,0.010014
1749264427,0.00998400,26974.00000000,0.010014
1749264427,0.00998300,6950.00000000,0.010014
1749264427,0.00998200,25743.00000000,0.010014
1749264427,0.00998100,78685.00000000,0.010014
1749264427,0.00998000,208433.00000000,0.010014
1749264427,0.00997900,214353.00000000,0.010014
1749264427,0.00997800,25743.00000000,0.010014
1749264427,0.00997700,9311.00000000,0.010014
1749264427,0.00997600,270709.00000000,0.010014
1749264427,0.00997500,409868.00000000,0.010014
1749264427,0.00997400,208172.00000000,0.010014
1749264427,0.00997300,994.00000000,0.010014
1749264427,0.00997200,32915.00000000,0.010014
1749264427,0.00997100,575388.00000000,0.010014
1749264427,0.00997000,26012.00000000,0.010014
1749264427,0.00996900,78686.00000000,0.010014
1749264427,0.00996800,657090.00000000,0.010014
1749264427,0.00996700,208172.00000000,0.010014
1749264427,0.00996600,25744.00000000,0.010014
1749264427,0.00996500,338032.00000000,0.010014
1749264427,0.00996400,25745.00000000,0.010014
1749264427,0.00996300,33586.00000000,0.010014
1749264427,0.00996200,103437.00000000,0.010014
1749264427,0.00996100,552892.00000000,0.010014
1749264427,0.00996000,99920.00000000,0.010014
1749264427,0.00995900,995.00000000,0.010014
1749264427,0.00995800,995.00000000,0.010014
1749264427,0.00995700,201845.00000000,0.010014
1749264427,0.00995600,103437.00000000,0.010014
1749264427,0.00995500,367597.00000000,0.010014
1749264427,0.00995400,25745.00000000,0.010014
1749264427,0.00995300,996.00000000,0.010014
1749264427,0.00995200,104585.00000000,0.010014
1749264427,0.00995100,996.00000000,0.010014
1749264427,0.00995000,104861.00000000,0.010014
1749264427,0.00994900,996.00000000,0.010014
1749264427,0.00994800,1274.00000000,0.010014
1749264427,0.00994700,996.00000000,0.010014
1749264427,0.00994600,104585.00000000,0.010014
1749264427,0.00994500,356125.00000000,0.010014
1749264427,0.00994400,996.00000000,0.010014
1749264427,0.00994300,997.00000000,0.010014
1749264427,0.00994200,104586.00000000,0.010014
1749264427,0.00994100,997.00000000,0.010014
1749264427,0.00994000,104737.00000000,0.010014
1749264427,0.00993900,997.00000000,0.010014
1749264427,0.00993800,997.00000000,0.010014
1749264427,0.00993600,29086.00000000,0.010014
1749264427,0.00993500,450589.00000000,0.010014
1749264427,0.00993400,820471.00000000,0.010014
1749264427,0.00993000,407184.00000000,0.010014
1749264427,0.00992900,1600.00000000,0.010014
1749264427,0.00992700,207657.00000000,0.010014
1749264427,0.00992600,149019.00000000,0.010014
1749264427,0.00992500,340424.00000000,0.010014
1749264427,0.00992400,111.00000000,0.010014
1749264427,0.00992300,3994008.00000000,0.010014
1749264427,0.00992200,318869.00000000,0.010014
1749264427,0.00992000,236070.00000000,0.010014
1749264427,0.00991900,207178.00000000,0.010014
1749264427,0.00991700,30114.00000000,0.010014
1749264427,0.00991500,231327.00000000,0.010014
1749264427,0.00991400,509043.00000000,0.010014
1749264427,0.00991300,1120.00000000,0.010014
1749264427,0.00991200,111.00000000,0.010014
1749264427,0.00991100,554.00000000,0.010014
1749264427,0.00991000,103916.00000000,0.010014
1749264427,0.00990900,136180.00000000,0.010014
1749264427,0.00990500,387218.00000000,0.010014
1749264427,0.00990400,103589.00000000,0.010014
1749264427,0.00990300,104091.00000000,0.010014
1749264729,0.01011400,49396.00000000,0.010114
1749264729,0.01011300,49500.00000000,0.010114
1749264729,0.01011200,34057.00000000,0.010114
1749264729,0.01011100,96981.00000000,0.010114
1749264729,0.01011000,63954.00000000,0.010114
1749264729,0.01010900,137639.00000000,0.010114
1749264729,0.01010800,37119.00000000,0.010114
1749264729,0.01010700,91124.00000000,0.010114
1749264729,0.01010600,182497.00000000,0.010114
1749264729,0.01010500,118418.00000000,0.010114
1749264729,0.01010400,21172.00000000,0.010114
1749264729,0.01010300,20405.00000000,0.010114
1749264729,0.01010200,130678.00000000,0.010114
1749264729,0.01010100,506294.00000000,0.010114
1749264729,0.01010000,459795.00000000,0.010114
1749264729,0.01009900,256464.00000000,0.010114
1749264729,0.01009800,143089.00000000,0.010114
1749264729,0.01009700,68299.00000000,0.010114
1749264729,0.01009600,1024362.00000000,0.010114
1749264729,0.01009500,758203.00000000,0.010114
1749264729,0.01009400,378960.00000000,0.010114
1749264729,0.01009300,297539.00000000,0.010114
1749264729,0.01009200,300958.00000000,0.010114
1749264729,0.01009100,247452.00000000,0.010114
1749264729,0.01009000,103248.00000000,0.010114
1749264729,0.01008900,25740.00000000,0.010114
1749264729,0.01008800,188829.00000000,0.010114
1749264729,0.01008700,583017.00000000,0.010114
1749264729,0.01008600,66106.00000000,0.010114
1749264729,0.01008500,448144.00000000,0.010114
1749264729,0.01008400,270809.00000000,0.010114
1749264729,0.01008300,208432.00000000,0.010114
1749264729,0.01008200,12461.00000000,0.010114
1749264729,0.01008100,44525.00000000,0.010114
1749264729,0.01008000,1250.00000000,0.010114
1749264729,0.01007900,35743.00000000,0.010114
1749264729,0.01007800,386074.00000000,0.010114
1749264729,0.01007700,291818.00000000,0.010114
1749264729,0.01007600,44130.00000000,0.010114
1749264729,0.01007500,363836.00000000,0.010114
1749264729,0.01007400,25742.00000000,0.010114
1749264729,0.01007300,224366.00000000,0.010114
1749264729,0.01007200,1102.00000000,0.010114
1749264729,0.01007100,49893.00000000,0.010114
1749264729,0.01007000,78833.00000000,0.010114
1749264729,0.01006900,6949.00000000,0.010114
1749264729,0.01006800,388280.00000000,0.010114
1749264729,0.01006700,992.00000000,0.010114
1749264729,0.01006600,78684.00000000,0.010114
1749264729,0.01006500,341501.00000000,0.010114
1749264729,0.01006400,25743.00000000,0.010114
1749264729,0.01006300,993.00000000,0.010114
1749264729,0.01006200,113458.00000000,0.010114
1749264729,0.01006100,208170.00000000,0.010114
1749264729,0.01006000,1142.00000000,0.010114
1749264729,0.01005900,110182.00000000,0.010114
1749264729,0.01005800,78684.00000000,0.010114
1749264729,0.01005700,26240.00000000,0.010114
1749264729,0.01005600,11132.00000000,0.010114
1749264729,0.01005500,384630.00000000,0.010114
1749264729,0.01005400,285864.00000000,0.010114
1749264729,0.01005300,349646.00000000,0.010114
1749264729,0.01005200,11188.00000000,0.010114
1749264729,0.01005100,25744.00000000,0.010114
1749264729,0.01005000,11184.00000000,0.010114
1749264729,0.01004900,674353.00000000,0.010114
1749264729,0.01004800,995.00000000,0.010114
1749264729,0.01004700,232923.00000000,0.010114
1749264729,0.01004600,995.00000000,0.010114
1749264729,0.01004500,388610.00000000,0.010114
1749264729,0.01004400,328051.00000000,0.010114
1749264729,0.01004300,25745.00000000,0.010114
1749264729,0.01004200,78687.00000000,0.010114
1749264729,0.01004100,15129.00000000,0.010114
1749264729,0.01004000,25895.00000000,0.010114
1749264729,0.01003900,208173.00000000,0.010114
1749264729,0.01003800,102442.00000000,0.010114
1749264729,0.01003500,325606.00000000,0.010114
1749264729,0.01003400,77692.00000000,0.010114
1749264729,0.01003200,207288.00000000,0.010114
1749264729,0.01003000,150.00000000,0.010114
1749264729,0.01002500,559980.00000000,0.010114
1749264729,0.01002200,4312087.00000000,0.010114
1749264729,0.01002100,418028.00000000,0.010114
1749264729,0.01002000,199854.00000000,0.010114
1749264729,0.01001900,4575361.00000000,0.010114
1749264729,0.01001800,103589.00000000,0.010114
1749264729,0.01001600,103589.00000000,0.010114
1749264729,0.01001500,253.00000000,0.010114
1749264729,0.01001400,831182.00000000,0.010114
1749264729,0.01001000,104185.00000000,0.010114
1749264729,0.01000900,103589.00000000,0.010114
1749264729,0.01000800,110.00000000,0.010114
1749264729,0.01000700,36195.00000000,0.010114
1749264729,0.01000500,327097.00000000,0.010114
1749264729,0.01000400,11077.00000000,0.010114
1749264729,0.01000300,103589.00000000,0.010114
1749264729,0.01000200,105393.00000000,0.010114
1749264729,0.01000100,712879.00000000,0.010114
1749264729,0.01000000,10680.00000000,0.010114
1749265030,0.01021700,75014.00000000,0.010216
1749265030,0.01021600,98141.00000000,0.010216
1749265030,0.01021500,30192.00000000,0.010216
1749265030,0.01021400,70198.00000000,0.010216
1749265030,0.01021300,83493.00000000,0.010216
1749265030,0.01021200,62178.00000000,0.010216
1749265030,0.01021100,99886.00000000,0.010216
1749265030,0.01021000,209596.00000000,0.010216
1749265030,0.01020900,470548.00000000,0.010216
1749265030,0.01020800,281463.00000000,0.010216
1749265030,0.01020700,95213.00000000,0.010216
1749265030,0.01020600,161037.00000000,0.010216
1749265030,0.01020500,592293.00000000,0.010216
1749265030,0.01020400,256417.00000000,0.010216
1749265030,0.01020300,114778.00000000,0.010216
1749265030,0.01020200,427204.00000000,0.010216
1749265030,0.01020100,321716.00000000,0.010216
1749265030,0.01020000,449249.00000000,0.010216
1749265030,0.01019900,877249.00000000,0.010216
1749265030,0.01019800,410253.00000000,0.010216
1749265030,0.01019700,422330.00000000,0.010216
1749265030,0.01019600,492729.00000000,0.010216
1749265030,0.01019500,550697.00000000,0.010216
1749265030,0.01019400,34214.00000000,0.010216
1749265030,0.01019300,140595.00000000,0.010216
1749265030,0.01019200,246900.00000000,0.010216
1749265030,0.01019100,99720.00000000,0.010216
1749265030,0.01019000,10999.00000000,0.010216
1749265030,0.01018900,25730.00000000,0.010216
1749265030,0.01018800,10960.00000000,0.010216
1749265030,0.01018700,25731.00000000,0.010216
1749265030,0.01018600,389213.00000000,0.010216
1749265030,0.01018500,743112.00000000,0.010216
1749265030,0.01018400,10961.00000000,0.010216
1749265030,0.01018300,69542.00000000,0.010216
1749265030,0.01018200,10852.00000000,0.010216
1749265030,0.01018100,232014.00000000,0.010216
1749265030,0.01018000,1238.00000000,0.010216
1749265030,0.01017900,25731.00000000,0.010216
1749265030,0.01017800,982.00000000,0.010216
1749265030,0.01017700,10853.00000000,0.010216
1749265030,0.01017600,432809.00000000,0.010216
1749265030,0.01017500,350816.00000000,0.010216
1749265030,0.01017400,61154.00000000,0.010216
1749265030,0.01017300,890876.00000000,0.010216
1749265030,0.01017200,25841.00000000,0.010216
1749265030,0.01017100,10859.00000000,0.010216
1749265030,0.01017000,36838.00000000,0.010216
1749265030,0.01016900,272278.00000000,0.010216
1749265030,0.01016800,270237.00000000,0.010216
1749265030,0.01016700,982.00000000,0.010216
1749265030,0.01016600,35610.00000000,0.010216
1749265030,0.01016500,420201.00000000,0.010216
1749265030,0.01016400,25842.00000000,0.010216
1749265030,0.01016300,983.00000000,0.010216
1749265030,0.01016200,223039.00000000,0.010216
1749265030,0.01016100,89107.00000000,0.010216
1749265030,0.01016000,346372.00000000,0.010216
1749265030,0.01015900,10860.00000000,0.010216
1749265030,0.01015800,99518.00000000,0.010216
1749265030,0.01015700,10860.00000000,0.010216
1749265030,0.01015600,99886.00000000,0.010216
1749265030,0.01015500,150796.00000000,0.010216
1749265030,0.01015400,198283.00000000,0.010216
1749265030,0.01015300,10854.00000000,0.010216
1749265030,0.01015200,1086.00000000,0.010216
1749265030,0.01015100,977.00000000,0.010216
1749265030,0.01015000,11002.00000000,0.010216
1749265030,0.01014900,33568.00000000,0.010216
1749265030,0.01014800,339376.00000000,0.010216
1749265030,0.01014700,324604.00000000,0.010216
1749265030,0.01014600,977.00000000,0.010216
1749265030,0.01014500,526489.00000000,0.010216
1749265030,0.01014400,977.00000000,0.010216
1749265030,0.01014300,15111.00000000,0.010216
1749265030,0.01014200,977.00000000,0.010216
1749265030,0.01014000,257.00000000,0.010216
1749265030,0.01013800,98653.00000000,0.010216
1749265030,0.01013600,181709.00000000,0.010216
1749265030,0.01013500,347064.00000000,0.010216
1749265030,0.01013300,98653.00000000,0.010216
1749265030,0.01013100,98653.00000000,0.010216
1749265030,0.01013000,10148.00000000,0.010216
1749265030,0.01012800,1195.00000000,0.010216
1749265030,0.01012700,28429.00000000,0.010216
1749265030,0.01012600,99773.00000000,0.010216
1749265030,0.01012500,349773.00000000,0.010216
1749265030,0.01012400,4992530.00000000,0.010216
1749265030,0.01012200,197573.00000000,0.010216
1749265030,0.01012100,502.00000000,0.010216
1749265030,0.01012000,113534.00000000,0.010216
1749265030,0.01011800,606721.00000000,0.010216
1749265030,0.01011700,197408.00000000,0.010216
1749265030,0.01011600,831291.00000000,0.010216
1749265030,0.01011500,340071.00000000,0.010216
1749265030,0.01011400,9788.00000000,0.010216
1749265030,0.01011000,149.00000000,0.010216
1749265030,0.01010800,207100.00000000,0.010216
1749265030,0.01010600,1553244.00000000,0.010216
1749265030,0.01010500,334762.00000000,0.010216
1749265332,0.01022600,43223.00000000,0.01023
1749265332,0.01022500,16769.00000000,0.01023
1749265332,0.01022400,41714.00000000,0.01023
1749265332,0.01022300,123429.00000000,0.01023
1749265332,0.01022200,156888.00000000,0.01023
1749265332,0.01022100,309248.00000000,0.01023
1749265332,0.01022000,329111.00000000,0.01023
1749265332,0.01021900,20590.00000000,0.01023
1749265332,0.01021800,134339.00000000,0.01023
1749265332,0.01021700,299291.00000000,0.01023
1749265332,0.01021600,188859.00000000,0.01023
1749265332,0.01021500,462124.00000000,0.01023
1749265332,0.01021400,413955.00000000,0.01023
1749265332,0.01021300,206216.00000000,0.01023
1749265332,0.01021200,537506.00000000,0.01023
1749265332,0.01021100,505700.00000000,0.01023
1749265332,0.01021000,124553.00000000,0.01023
1749265332,0.01020900,174290.00000000,0.01023
1749265332,0.01020800,685379.00000000,0.01023
1749265332,0.01020700,324431.00000000,0.01023
1749265332,0.01020600,510208.00000000,0.01023
1749265332,0.01020500,355741.00000000,0.01023
1749265332,0.01020400,119206.00000000,0.01023
1749265332,0.01020300,75247.00000000,0.01023
1749265332,0.01020200,80926.00000000,0.01023
1749265332,0.01020100,140626.00000000,0.01023
1749265332,0.01020000,29846.00000000,0.01023
1749265332,0.01019900,25730.00000000,0.01023
1749265332,0.01019800,173623.00000000,0.01023
1749265332,0.01019700,158351.00000000,0.01023
1749265332,0.01019600,273558.00000000,0.01023
1749265332,0.01019500,383389.00000000,0.01023
1749265332,0.01019400,84868.00000000,0.01023
1749265332,0.01019300,25730.00000000,0.01023
1749265332,0.01019200,1088.00000000,0.01023
1749265332,0.01019100,124383.00000000,0.01023
1749265332,0.01019000,221069.00000000,0.01023
1749265332,0.01018900,980.00000000,0.01023
1749265332,0.01018800,1088.00000000,0.01023
1749265332,0.01018700,10890.00000000,0.01023
1749265332,0.01018600,75079.00000000,0.01023
1749265332,0.01018500,590320.00000000,0.01023
1749265332,0.01018400,109543.00000000,0.01023
1749265332,0.01018300,688806.00000000,0.01023
1749265332,0.01018200,75080.00000000,0.01023
1749265332,0.01018100,25731.00000000,0.01023
1749265332,0.01018000,17274.00000000,0.01023
1749265332,0.01017900,126394.00000000,0.01023
1749265332,0.01017800,99831.00000000,0.01023
1749265332,0.01017700,295275.00000000,0.01023
1749265332,0.01017600,134409.00000000,0.01023
1749265332,0.01017500,352339.00000000,0.01023
1749265332,0.01017400,173884.00000000,0.01023
1749265332,0.01017300,10897.00000000,0.01023
1749265332,0.01017200,25732.00000000,0.01023
1749265332,0.01017100,982.00000000,0.01023
1749265332,0.01017000,223773.00000000,0.01023
1749265332,0.01016900,10900.00000000,0.01023
1749265332,0.01016800,99635.00000000,0.01023
1749265332,0.01016700,25834.00000000,0.01023
1749265332,0.01016600,74972.00000000,0.01023
1749265332,0.01016500,346211.00000000,0.01023
1749265332,0.01016400,419120.00000000,0.01023
1749265332,0.01016300,983.00000000,0.01023
1749265332,0.01016200,731107.00000000,0.01023
1749265332,0.01016100,99636.00000000,0.01023
1749265332,0.01016000,346372.00000000,0.01023
1749265332,0.01015900,983.00000000,0.01023
1749265332,0.01015800,25726.00000000,0.01023
1749265332,0.01015700,976.00000000,0.01023
1749265332,0.01015600,349229.00000000,0.01023
1749265332,0.01015500,150789.00000000,0.01023
1749265332,0.01015400,198282.00000000,0.01023
1749265332,0.01015300,976.00000000,0.01023
1749265332,0.01015200,25835.00000000,0.01023
1749265332,0.01015100,977.00000000,0.01023
1749265332,0.01015000,856080.00000000,0.01023
1749265332,0.01014900,338366.00000000,0.01023
1749265332,0.01014800,9026.00000000,0.01023
1749265332,0.01014500,671314.00000000,0.01023
1749265332,0.01014200,28387.00000000,0.01023
1749265332,0.01014100,4229131.00000000,0.01023
1749265332,0.01014000,197476.00000000,0.01023
1749265332,0.01013800,134422.00000000,0.01023
1749265332,0.01013500,347064.00000000,0.01023
1749265332,0.01013300,98653.00000000,0.01023
1749265332,0.01013200,9771.00000000,0.01023
1749265332,0.01013100,99738.00000000,0.01023
1749265332,0.01013000,11233.00000000,0.01023
1749265332,0.01012800,9883.00000000,0.01023
1749265332,0.01012600,803912.00000000,0.01023
1749265332,0.01012500,349773.00000000,0.01023
1749265332,0.01012400,98653.00000000,0.01023
1749265332,0.01012100,502.00000000,0.01023
1749265332,0.01012000,113534.00000000,0.01023
1749265332,0.01011700,197306.00000000,0.01023
1749265332,0.01011600,211.00000000,0.01023
1749265332,0.01011500,340071.00000000,0.01023
1749265332,0.01011000,834.00000000,0.01023
1749265332,0.01010800,209614.00000000,0.01023
1749265634,0.01028700,75171.00000000,0.010287
1749265634,0.01028600,53198.00000000,0.010287
1749265634,0.01028500,27707.00000000,0.010287
1749265634,0.01028400,21954.00000000,0.010287
1749265634,0.01028300,44377.00000000,0.010287
1749265634,0.01028200,84918.00000000,0.010287
1749265634,0.01028100,71713.00000000,0.010287
1749265634,0.01028000,32180.00000000,0.010287
1749265634,0.01027900,99858.00000000,0.010287
1749265634,0.01027800,98569.00000000,0.010287
1749265634,0.01027700,273353.00000000,0.010287
1749265634,0.01027600,217197.00000000,0.010287
1749265634,0.01027500,455407.00000000,0.010287
1749265634,0.01027400,269125.00000000,0.010287
1749265634,0.01027300,676607.00000000,0.010287
1749265634,0.01027200,371458.00000000,0.010287
1749265634,0.01027100,228865.00000000,0.010287
1749265634,0.01027000,292442.00000000,0.010287
1749265634,0.01026900,567142.00000000,0.010287
1749265634,0.01026800,382268.00000000,0.010287
1749265634,0.01026700,452473.00000000,0.010287
1749265634,0.01026600,825461.00000000,0.010287
1749265634,0.01026500,362549.00000000,0.010287
1749265634,0.01026400,55098.00000000,0.010287
1749265634,0.01026300,228410.00000000,0.010287
1749265634,0.01026200,704436.00000000,0.010287
1749265634,0.01026100,1136.00000000,0.010287
1749265634,0.01026000,35803.00000000,0.010287
1749265634,0.01025900,25723.00000000,0.010287
1749265634,0.01025800,179963.00000000,0.010287
1749265634,0.01025700,25724.00000000,0.010287
1749265634,0.01025600,1082.00000000,0.010287
1749265634,0.01025500,539220.00000000,0.010287
1749265634,0.01025400,298125.00000000,0.010287
1749265634,0.01025300,25724.00000000,0.010287
1749265634,0.01025200,9178.00000000,0.010287
1749265634,0.01025100,25724.00000000,0.010287
1749265634,0.01025000,84912.00000000,0.010287
1749265634,0.01024900,156711.00000000,0.010287
1749265634,0.01024800,1083.00000000,0.010287
1749265634,0.01024700,25725.00000000,0.010287
1749265634,0.01024600,282071.00000000,0.010287
1749265634,0.01024500,375191.00000000,0.010287
1749265634,0.01024400,560302.00000000,0.010287
1749265634,0.01024300,975.00000000,0.010287
1749265634,0.01024200,25725.00000000,0.010287
1749265634,0.01024100,975.00000000,0.010287
1749265634,0.01024000,99862.00000000,0.010287
1749265634,0.01023900,321694.00000000,0.010287
1749265634,0.01023800,44473.00000000,0.010287
1749265634,0.01023700,319049.00000000,0.010287
1749265634,0.01023600,208184.00000000,0.010287
1749265634,0.01023500,356750.00000000,0.010287
1749265634,0.01023400,25719.00000000,0.010287
1749265634,0.01023300,76132.00000000,0.010287
1749265634,0.01023200,25719.00000000,0.010287
1749265634,0.01023100,969.00000000,0.010287
1749265634,0.01023000,6532.00000000,0.010287
1749265634,0.01022900,969.00000000,0.010287
1749265634,0.01022800,35526.00000000,0.010287
1749265634,0.01022700,336754.00000000,0.010287
1749265634,0.01022600,232832.00000000,0.010287
1749265634,0.01022500,348978.00000000,0.010287
1749265634,0.01022400,25828.00000000,0.010287
1749265634,0.01022300,970.00000000,0.010287
1749265634,0.01022200,970.00000000,0.010287
1749265634,0.01022100,970.00000000,0.010287
1749265634,0.01022000,419145.00000000,0.010287
1749265634,0.01021900,1071.00000000,0.010287
1749265634,0.01021800,131342.00000000,0.010287
1749265634,0.01021700,607692.00000000,0.010287
1749265634,0.01021600,25721.00000000,0.010287
1749265634,0.01021500,368854.00000000,0.010287
1749265634,0.01021400,124374.00000000,0.010287
1749265634,0.01021300,971.00000000,0.010287
1749265634,0.01021200,2156.00000000,0.010287
1749265634,0.01021100,98653.00000000,0.010287
1749265634,0.01021000,147.00000000,0.010287
1749265634,0.01020900,831182.00000000,0.010287
1749265634,0.01020800,163.00000000,0.010287
1749265634,0.01020700,98653.00000000,0.010287
1749265634,0.01020500,320127.00000000,0.010287
1749265634,0.01020400,294641.00000000,0.010287
1749265634,0.01020300,204.00000000,0.010287
1749265634,0.01020200,28220.00000000,0.010287
1749265634,0.01020100,3901672.00000000,0.010287
1749265634,0.01020000,255.00000000,0.010287
1749265634,0.01019900,35561.00000000,0.010287
1749265634,0.01019800,99773.00000000,0.010287
1749265634,0.01019700,98653.00000000,0.010287
1749265634,0.01019500,360041.00000000,0.010287
1749265634,0.01019400,502.00000000,0.010287
1749265634,0.01019300,309440.00000000,0.010287
1749265634,0.01019200,928444.00000000,0.010287
1749265634,0.01019100,108367.00000000,0.010287
1749265634,0.01019000,469795.00000000,0.010287
1749265634,0.01018800,108.00000000,0.010287
1749265634,0.01018500,329861.00000000,0.010287
1749265634,0.01018400,98653.00000000,0.010287
1749265634,0.01018300,98653.00000000,0.010287
1749265936,0.01033400,301045.00000000,0.010335
1749265936,0.01033300,81620.00000000,0.010335
1749265936,0.01033200,11476.00000000,0.010335
1749265936,0.01033100,25753.00000000,0.010335
1749265936,0.01033000,40965.00000000,0.010335
1749265936,0.01032900,62911.00000000,0.010335
1749265936,0.01032800,38744.00000000,0.010335
1749265936,0.01032700,64581.00000000,0.010335
1749265936,0.01032600,89684.00000000,0.010335
1749265936,0.01032500,245071.00000000,0.010335
1749265936,0.01032400,291401.00000000,0.010335
1749265936,0.01032300,354233.00000000,0.010335
1749265936,0.01032200,289326.00000000,0.010335
1749265936,0.01032100,732804.00000000,0.010335
1749265936,0.01032000,434238.00000000,0.010335
1749265936,0.01031900,327248.00000000,0.010335
1749265936,0.01031800,125847.00000000,0.010335
1749265936,0.01031700,335406.00000000,0.010335
1749265936,0.01031600,549794.00000000,0.010335
1749265936,0.01031500,546563.00000000,0.010335
1749265936,0.01031400,766393.00000000,0.010335
1749265936,0.01031300,404158.00000000,0.010335
1749265936,0.01031200,200830.00000000,0.010335
1749265936,0.01031100,185228.00000000,0.010335
1749265936,0.01031000,147265.00000000,0.010335
1749265936,0.01030900,49969.00000000,0.010335
1749265936,0.01030800,272373.00000000,0.010335
1749265936,0.01030700,35505.00000000,0.010335
1749265936,0.01030600,377702.00000000,0.010335
1749265936,0.01030500,337156.00000000,0.010335
1749265936,0.01030400,10862.00000000,0.010335
1749265936,0.01030300,44372.00000000,0.010335
1749265936,0.01030200,10868.00000000,0.010335
1749265936,0.01030100,74960.00000000,0.010335
1749265936,0.01030000,99876.00000000,0.010335
1749265936,0.01029900,254145.00000000,0.010335
1749265936,0.01029800,10770.00000000,0.010335
1749265936,0.01029700,54854.00000000,0.010335
1749265936,0.01029600,92960.00000000,0.010335
1749265936,0.01029500,420890.00000000,0.010335
1749265936,0.01029400,10770.00000000,0.010335
1749265936,0.01029300,109423.00000000,0.010335
1749265936,0.01029200,124480.00000000,0.010335
1749265936,0.01029100,971.00000000,0.010335
1749265936,0.01029000,99857.00000000,0.010335
1749265936,0.01028900,971.00000000,0.010335
1749265936,0.01028800,347308.00000000,0.010335
1749265936,0.01028700,35527.00000000,0.010335
1749265936,0.01028600,173614.00000000,0.010335
1749265936,0.01028500,445499.00000000,0.010335
1749265936,0.01028400,25828.00000000,0.010335
1749265936,0.01028300,10777.00000000,0.010335
1749265936,0.01028200,31679.00000000,0.010335
1749265936,0.01028100,24919.00000000,0.010335
1749265936,0.01028000,1118.00000000,0.010335
1749265936,0.01027900,99712.00000000,0.010335
1749265936,0.01027800,10785.00000000,0.010335
1749265936,0.01027700,124375.00000000,0.010335
1749265936,0.01027600,99625.00000000,0.010335
1749265936,0.01027500,404993.00000000,0.010335
1749265936,0.01027400,74462.00000000,0.010335
1749265936,0.01027300,35537.00000000,0.010335
1749265936,0.01027200,559389.00000000,0.010335
1749265936,0.01027100,75063.00000000,0.010335
1749265936,0.01027000,35670.00000000,0.010335
1749265936,0.01026900,198279.00000000,0.010335
1749265936,0.01026800,35524.00000000,0.010335
1749265936,0.01026700,74963.00000000,0.010335
1749265936,0.01026600,25723.00000000,0.010335
1749265936,0.01026500,682456.00000000,0.010335
1749265936,0.01026400,35524.00000000,0.010335
1749265936,0.01026300,74964.00000000,0.010335
1749265936,0.01026200,198280.00000000,0.010335
1749265936,0.01026100,1136.00000000,0.010335
1749265936,0.01026000,736624.00000000,0.010335
1749265936,0.01025900,973.00000000,0.010335
1749265936,0.01025800,73990.00000000,0.010335
1749265936,0.01025500,528445.00000000,0.010335
1749265936,0.01025400,905172.00000000,0.010335
1749265936,0.01025200,4221103.00000000,0.010335
1749265936,0.01025000,606868.00000000,0.010335
1749265936,0.01024800,108.00000000,0.010335
1749265936,0.01024600,197306.00000000,0.010335
1749265936,0.01024500,364416.00000000,0.010335
1749265936,0.01024300,145480.00000000,0.010335
1749265936,0.01024200,28110.00000000,0.010335
1749265936,0.01024000,147.00000000,0.010335
1749265936,0.01023600,197414.00000000,0.010335
1749265936,0.01023500,355781.00000000,0.010335
1749265936,0.01023100,195477.00000000,0.010335
1749265936,0.01023000,5563.00000000,0.010335
1749265936,0.01022900,9678.00000000,0.010335
1749265936,0.01022600,197306.00000000,0.010335
1749265936,0.01022500,383501.00000000,0.010335
1749265936,0.01022400,108.00000000,0.010335
1749265936,0.01022000,147.00000000,0.010335
1749265936,0.01021900,101.00000000,0.010335
1749265936,0.01021800,98653.00000000,0.010335
1749265936,0.01021500,367883.00000000,0.010335
1749265936,0.01021400,98653.00000000,0.010335
1749266237,0.01035200,30896.00000000,0.010354
1749266237,0.01035100,11450.00000000,0.010354
1749266237,0.01035000,48599.00000000,0.010354
1749266237,0.01034900,85633.00000000,0.010354
1749266237,0.01034800,100742.00000000,0.010354
1749266237,0.01034700,137295.00000000,0.010354
1749266237,0.01034600,416059.00000000,0.010354
1749266237,0.01034500,298094.00000000,0.010354
1749266237,0.01034400,106171.00000000,0.010354
1749266237,0.01034300,1112.00000000,0.010354
1749266237,0.01034200,83455.00000000,0.010354
1749266237,0.01034100,144512.00000000,0.010354
1749266237,0.01034000,180764.00000000,0.010354
1749266237,0.01033900,420191.00000000,0.010354
1749266237,0.01033800,673585.00000000,0.010354
1749266237,0.01033700,336032.00000000,0.010354
1749266237,0.01033600,728951.00000000,0.010354
1749266237,0.01033500,1270209.00000000,0.010354
1749266237,0.01033400,706140.00000000,0.010354
1749266237,0.01033300,541121.00000000,0.010354
1749266237,0.01033200,231265.00000000,0.010354
1749266237,0.01033100,109470.00000000,0.010354
1749266237,0.01033000,20579.00000000,0.010354
1749266237,0.01032900,39851.00000000,0.010354
1749266237,0.01032800,33717.00000000,0.010354
1749266237,0.01032700,109469.00000000,0.010354
1749266237,0.01032600,10621.00000000,0.010354
1749266237,0.01032500,436473.00000000,0.010354
1749266237,0.01032400,208143.00000000,0.010354
1749266237,0.01032300,99708.00000000,0.010354
1749266237,0.01032200,29559.00000000,0.010354
1749266237,0.01032100,434971.00000000,0.010354
1749266237,0.01032000,7178.00000000,0.010354
1749266237,0.01031900,99708.00000000,0.010354
1749266237,0.01031800,179320.00000000,0.010354
1749266237,0.01031700,223024.00000000,0.010354
1749266237,0.01031600,10837.00000000,0.010354
1749266237,0.01031500,414842.00000000,0.010354
1749266237,0.01031400,25880.00000000,0.010354
1749266237,0.01031300,10731.00000000,0.010354
1749266237,0.01031200,25826.00000000,0.010354
1749266237,0.01031100,24865.00000000,0.010354
1749266237,0.01031000,25865.00000000,0.010354
1749266237,0.01030900,74959.00000000,0.010354
1749266237,0.01030800,25826.00000000,0.010354
1749266237,0.01030700,411635.00000000,0.010354
1749266237,0.01030600,35481.00000000,0.010354
1749266237,0.01030500,395540.00000000,0.010354
1749266237,0.01030400,25719.00000000,0.010354
1749266237,0.01030300,970.00000000,0.010354
1749266237,0.01030200,970.00000000,0.010354
1749266237,0.01030100,970.00000000,0.010354
1749266237,0.01030000,287553.00000000,0.010354
1749266237,0.01029900,557248.00000000,0.010354
1749266237,0.01029800,26788.00000000,0.010354
1749266237,0.01029700,10732.00000000,0.010354
1749266237,0.01029600,99817.00000000,0.010354
1749266237,0.01029500,357338.00000000,0.010354
1749266237,0.01029400,681485.00000000,0.010354
1749266237,0.01029300,136179.00000000,0.010354
1749266237,0.01029200,517651.00000000,0.010354
1749266237,0.01029100,964.00000000,0.010354
1749266237,0.01029000,25860.00000000,0.010354
1749266237,0.01028900,964.00000000,0.010354
1749266237,0.01028800,964.00000000,0.010354
1749266237,0.01028700,964.00000000,0.010354
1749266237,0.01028600,416182.00000000,0.010354
1749266237,0.01028500,445492.00000000,0.010354
1749266237,0.01028400,1166177.00000000,0.010354
1749266237,0.01028300,10727.00000000,0.010354
1749266237,0.01028200,25714.00000000,0.010354
1749266237,0.01028100,10726.00000000,0.010354
1749266237,0.01028000,25860.00000000,0.010354
1749266237,0.01027900,30257.00000000,0.010354
1749266237,0.01027800,344252.00000000,0.010354
1749266237,0.01027700,126667.00000000,0.010354
1749266237,0.01027600,123403.00000000,0.010354
1749266237,0.01027500,305281.00000000,0.010354
1749266237,0.01027300,194839.00000000,0.010354
1749266237,0.01027200,311.00000000,0.010354
1749266237,0.01027100,3869693.00000000,0.010354
1749266237,0.01027000,1266.00000000,0.010354
1749266237,0.01026900,197306.00000000,0.010354
1749266237,0.01026700,502.00000000,0.010354
1749266237,0.01026500,361576.00000000,0.010354
1749266237,0.01026200,197306.00000000,0.010354
1749266237,0.01026100,162.00000000,0.010354
1749266237,0.01026000,255.00000000,0.010354
1749266237,0.01025500,528445.00000000,0.010354
1749266237,0.01025400,1072.00000000,0.010354
1749266237,0.01025300,228255.00000000,0.010354
1749266237,0.01025100,464.00000000,0.010354
1749266237,0.01025000,10968.00000000,0.010354
1749266237,0.01024900,695274.00000000,0.010354
1749266237,0.01024800,108.00000000,0.010354
1749266237,0.01024600,514887.00000000,0.010354
1749266237,0.01024500,364416.00000000,0.010354
1749266237,0.01024300,144407.00000000,0.010354
1749266237,0.01024100,182.00000000,0.010354
1749266237,0.01024000,147.00000000,0.010354
1749266539,0.01022600,5049.00000000,0.010222
1749266539,0.01022500,1371.00000000,0.010222
1749266539,0.01022400,9525.00000000,0.010222
1749266539,0.01022300,44839.00000000,0.010222
1749266539,0.01022200,172719.00000000,0.010222
1749266539,0.01022100,78081.00000000,0.010222
1749266539,0.01022000,231945.00000000,0.010222
1749266539,0.01021900,25875.00000000,0.010222
1749266539,0.01021800,20699.00000000,0.010222
1749266539,0.01021700,32324.00000000,0.010222
1749266539,0.01021600,78432.00000000,0.010222
1749266539,0.01021500,415337.00000000,0.010222
1749266539,0.01021400,534443.00000000,0.010222
1749266539,0.01021300,354331.00000000,0.010222
1749266539,0.01021200,832478.00000000,0.010222
1749266539,0.01021100,730341.00000000,0.010222
1749266539,0.01021000,315308.00000000,0.010222
1749266539,0.01020900,416068.00000000,0.010222
1749266539,0.01020800,352741.00000000,0.010222
1749266539,0.01020700,547525.00000000,0.010222
1749266539,0.01020600,114091.00000000,0.010222
1749266539,0.01020500,1056202.00000000,0.010222
1749266539,0.01020400,20553.00000000,0.010222
1749266539,0.01020300,83729.00000000,0.010222
1749266539,0.01020200,123237.00000000,0.010222
1749266539,0.01020100,25729.00000000,0.010222
1749266539,0.01020000,11124.00000000,0.010222
1749266539,0.01019900,430112.00000000,0.010222
1749266539,0.01019800,272276.00000000,0.010222
1749266539,0.01019700,216712.00000000,0.010222
1749266539,0.01019600,642079.00000000,0.010222
1749266539,0.01019500,380980.00000000,0.010222
1749266539,0.01019400,842057.00000000,0.010222
1749266539,0.01019300,980.00000000,0.010222
1749266539,0.01019200,409666.00000000,0.010222
1749266539,0.01019100,99633.00000000,0.010222
1749266539,0.01019000,313092.00000000,0.010222
1749266539,0.01018900,574463.00000000,0.010222
1749266539,0.01018800,146610.00000000,0.010222
1749266539,0.01018700,118313.00000000,0.010222
1749266539,0.01018600,39831.00000000,0.010222
1749266539,0.01018500,344968.00000000,0.010222
1749266539,0.01018400,198366.00000000,0.010222
1749266539,0.01018300,109531.00000000,0.010222
1749266539,0.01018200,25841.00000000,0.010222
1749266539,0.01018100,10966.00000000,0.010222
1749266539,0.01018000,35736.00000000,0.010222
1749266539,0.01017900,74964.00000000,0.010222
1749266539,0.01017800,25724.00000000,0.010222
1749266539,0.01017700,109491.00000000,0.010222
1749266539,0.01017600,134350.00000000,0.010222
1749266539,0.01017500,351473.00000000,0.010222
1749266539,0.01017400,25724.00000000,0.010222
1749266539,0.01017300,10838.00000000,0.010222
1749266539,0.01017200,99715.00000000,0.010222
1749266539,0.01017100,74698.00000000,0.010222
1749266539,0.01017000,124526.00000000,0.010222
1749266539,0.01016900,348760.00000000,0.010222
1749266539,0.01016800,124378.00000000,0.010222
1749266539,0.01016700,975.00000000,0.010222
1749266539,0.01016600,99715.00000000,0.010222
1749266539,0.01016500,666536.00000000,0.010222
1749266539,0.01016400,25834.00000000,0.010222
1749266539,0.01016300,976.00000000,0.010222
1749266539,0.01016200,124379.00000000,0.010222
1749266539,0.01016100,422835.00000000,0.010222
1749266539,0.01016000,27856.00000000,0.010222
1749266539,0.01015900,74966.00000000,0.010222
1749266539,0.01015800,2058.00000000,0.010222
1749266539,0.01015700,976.00000000,0.010222
1749266539,0.01015600,1139.00000000,0.010222
1749266539,0.01015500,150172.00000000,0.010222
1749266539,0.01015400,198282.00000000,0.010222
1749266539,0.01015300,976.00000000,0.010222
1749266539,0.01015200,95632.00000000,0.010222
1749266539,0.01015100,977.00000000,0.010222
1749266539,0.01015000,929.00000000,0.010222
1749266539,0.01014800,16043.00000000,0.010222
1749266539,0.01014600,73990.00000000,0.010222
1749266539,0.01014500,722643.00000000,0.010222
1749266539,0.01014300,28384.00000000,0.010222
1749266539,0.01014200,3920716.00000000,0.010222
1749266539,0.01014000,256.00000000,0.010222
1749266539,0.01013800,99214.00000000,0.010222
1749266539,0.01013600,5957.00000000,0.010222
1749266539,0.01013500,347063.00000000,0.010222
1749266539,0.01013300,98653.00000000,0.010222
1749266539,0.01013200,1986.00000000,0.010222
1749266539,0.01013100,802542.00000000,0.010222
1749266539,0.01013000,10147.00000000,0.010222
1749266539,0.01012800,109.00000000,0.010222
1749266539,0.01012700,9775.00000000,0.010222
1749266539,0.01012600,100859.00000000,0.010222
1749266539,0.01012500,495961.00000000,0.010222
1749266539,0.01012100,502.00000000,0.010222
1749266539,0.01012000,147.00000000,0.010222
1749266539,0.01011800,98755.00000000,0.010222
1749266539,0.01011600,109.00000000,0.010222
1749266539,0.01011500,340069.00000000,0.010222
1749266539,0.01011400,441.00000000,0.010222
1749266841,0.01034600,107.00000000,0.01034
1749266841,0.01034500,348757.00000000,0.01034
1749266841,0.01034400,1317.00000000,0.01034
1749266841,0.01034300,1111.00000000,0.01034
1749266841,0.01034200,31776.00000000,0.01034
1749266841,0.01034100,39995.00000000,0.01034
1749266841,0.01034000,56382.00000000,0.01034
1749266841,0.01033900,93118.00000000,0.01034
1749266841,0.01033800,224205.00000000,0.01034
1749266841,0.01033700,341182.00000000,0.01034
1749266841,0.01033600,126357.00000000,0.01034
1749266841,0.01033500,368760.00000000,0.01034
1749266841,0.01033400,116396.00000000,0.01034
1749266841,0.01033300,452295.00000000,0.01034
1749266841,0.01033200,509219.00000000,0.01034
1749266841,0.01033100,694445.00000000,0.01034
1749266841,0.01033000,929556.00000000,0.01034
1749266841,0.01032900,479326.00000000,0.01034
1749266841,0.01032800,322895.00000000,0.01034
1749266841,0.01032700,217268.00000000,0.01034
1749266841,0.01032600,233793.00000000,0.01034
1749266841,0.01032500,749358.00000000,0.01034
1749266841,0.01032400,30277.00000000,0.01034
1749266841,0.01032300,134107.00000000,0.01034
1749266841,0.01032200,179039.00000000,0.01034
1749266841,0.01032100,25718.00000000,0.01034
1749266841,0.01032000,12894.00000000,0.01034
1749266841,0.01031900,50098.00000000,0.01034
1749266841,0.01031800,83003.00000000,0.01034
1749266841,0.01031700,59482.00000000,0.01034
1749266841,0.01031600,99416.00000000,0.01034
1749266841,0.01031500,315512.00000000,0.01034
1749266841,0.01031400,124533.00000000,0.01034
1749266841,0.01031300,74959.00000000,0.01034
1749266841,0.01031200,134215.00000000,0.01034
1749266841,0.01031100,969.00000000,0.01034
1749266841,0.01031000,31822.00000000,0.01034
1749266841,0.01030900,84705.00000000,0.01034
1749266841,0.01030800,35572.00000000,0.01034
1749266841,0.01030700,229788.00000000,0.01034
1749266841,0.01030600,25719.00000000,0.01034
1749266841,0.01030500,962655.00000000,0.01034
1749266841,0.01030400,124372.00000000,0.01034
1749266841,0.01030300,329461.00000000,0.01034
1749266841,0.01030200,35459.00000000,0.01034
1749266841,0.01030100,16786.00000000,0.01034
1749266841,0.01030000,27807.00000000,0.01034
1749266841,0.01029900,74959.00000000,0.01034
1749266841,0.01029800,25719.00000000,0.01034
1749266841,0.01029700,10709.00000000,0.01034
1749266841,0.01029600,524379.00000000,0.01034
1749266841,0.01029500,397430.00000000,0.01034
1749266841,0.01029400,25713.00000000,0.01034
1749266841,0.01029300,963.00000000,0.01034
1749266841,0.01029200,963.00000000,0.01034
1749266841,0.01029100,963.00000000,0.01034
1749266841,0.01029000,1109.00000000,0.01034
1749266841,0.01028900,99616.00000000,0.01034
1749266841,0.01028800,963.00000000,0.01034
1749266841,0.01028700,99616.00000000,0.01034
1749266841,0.01028600,964.00000000,0.01034
1749266841,0.01028500,352346.00000000,0.01034
1749266841,0.01028400,1071.00000000,0.01034
1749266841,0.01028300,28962.00000000,0.01034
1749266841,0.01028200,433715.00000000,0.01034
1749266841,0.01028100,964.00000000,0.01034
1749266841,0.01028000,101708.00000000,0.01034
1749266841,0.01027900,964.00000000,0.01034
1749266841,0.01027800,307848.00000000,0.01034
1749266841,0.01027700,965.00000000,0.01034
1749266841,0.01027600,965.00000000,0.01034
1749266841,0.01027500,349009.00000000,0.01034
1749266841,0.01027400,965.00000000,0.01034
1749266841,0.01027300,1235.00000000,0.01034
1749266841,0.01027200,1377.00000000,0.01034
1749266841,0.01027100,965.00000000,0.01034
1749266841,0.01027000,30558.00000000,0.01034
1749266841,0.01026900,98653.00000000,0.01034
1749266841,0.01026800,98653.00000000,0.01034
1749266841,0.01026700,195292.00000000,0.01034
1749266841,0.01026600,144083.00000000,0.01034
1749266841,0.01026500,353854.00000000,0.01034
1749266841,0.01026400,1071.00000000,0.01034
1749266841,0.01026100,3886674.00000000,0.01034
1749266841,0.01026000,197560.00000000,0.01034
1749266841,0.01025600,606721.00000000,0.01034
1749266841,0.01025500,764038.00000000,0.01034
1749266841,0.01025100,1028488.00000000,0.01034
1749266841,0.01025000,260663.00000000,0.01034
1749266841,0.01024900,32608.00000000,0.01034
1749266841,0.01024800,1190.00000000,0.01034
1749266841,0.01024600,694699.00000000,0.01034
1749266841,0.01024500,338237.00000000,0.01034
1749266841,0.01024100,182.00000000,0.01034
1749266841,0.01024000,114116.00000000,0.01034
1749266841,0.01023900,197306.00000000,0.01034
1749266841,0.01023800,469.00000000,0.01034
1749266841,0.01023600,108.00000000,0.01034
1749266841,0.01023500,361598.00000000,0.01034
1749266841,0.01023000,98800.00000000,0.01034
1749267142,0.01029700,2513.00000000,0.010298
1749267142,0.01029600,47606.00000000,0.010298
1749267142,0.01029500,183735.00000000,0.010298
1749267142,0.01029400,142839.00000000,0.010298
1749267142,0.01029300,110545.00000000,0.010298
1749267142,0.01029200,140640.00000000,0.010298
1749267142,0.01029100,171669.00000000,0.010298
1749267142,0.01029000,243930.00000000,0.010298
1749267142,0.01028900,97369.00000000,0.010298
1749267142,0.01028800,295426.00000000,0.010298
1749267142,0.01028700,596009.00000000,0.010298
1749267142,0.01028600,777617.00000000,0.010298
1749267142,0.01028500,980519.00000000,0.010298
1749267142,0.01028400,534190.00000000,0.010298
1749267142,0.01028300,462785.00000000,0.010298
1749267142,0.01028200,184799.00000000,0.010298
1749267142,0.01028100,375366.00000000,0.010298
1749267142,0.01028000,947634.00000000,0.010298
1749267142,0.01027900,20485.00000000,0.010298
1749267142,0.01027800,35643.00000000,0.010298
1749267142,0.01027700,105687.00000000,0.010298
1749267142,0.01027600,468188.00000000,0.010298
1749267142,0.01027500,593725.00000000,0.010298
1749267142,0.01027400,33803.00000000,0.010298
1749267142,0.01027300,300786.00000000,0.010298
1749267142,0.01027200,35943.00000000,0.010298
1749267142,0.01027100,74955.00000000,0.010298
