timestamp,price,volume,current_price
1749260830,0.24570000,10340.40000000,0.2457
1749260830,0.24560000,63314.50000000,0.2457
1749260830,0.24550000,89548.00000000,0.2457
1749260830,0.24540000,274809.50000000,0.2457
1749260830,0.24530000,84756.90000000,0.2457
1749260830,0.24520000,186310.20000000,0.2457
1749260830,0.24510000,73571.60000000,0.2457
1749260830,0.24500000,57046.70000000,0.2457
1749260830,0.24490000,21083.60000000,0.2457
1749260830,0.24480000,31481.10000000,0.2457
1749260830,0.24470000,40215.90000000,0.2457
1749260830,0.24460000,10256.90000000,0.2457
1749260830,0.24450000,120609.30000000,0.2457
1749260830,0.24440000,91152.40000000,0.2457
1749260830,0.24430000,91472.50000000,0.2457
1749260830,0.24420000,8263.10000000,0.2457
1749260830,0.24410000,11157.10000000,0.2457
1749260830,0.24400000,68795.20000000,0.2457
1749260830,0.24390000,149453.40000000,0.2457
1749260830,0.24380000,50663.40000000,0.2457
1749260830,0.24370000,39966.30000000,0.2457
1749260830,0.24360000,144567.40000000,0.2457
1749260830,0.24350000,252.50000000,0.2457
1749260830,0.24340000,2007.50000000,0.2457
1749260830,0.24330000,9845.40000000,0.2457
1749260830,0.24320000,158.20000000,0.2457
1749260830,0.24310000,9674.20000000,0.2457
1749260830,0.24300000,22618.60000000,0.2457
1749260830,0.24290000,120480.50000000,0.2457
1749260830,0.24280000,185.00000000,0.2457
1749260830,0.24270000,70461.80000000,0.2457
1749260830,0.24260000,16546.40000000,0.2457
1749260830,0.24250000,11603.60000000,0.2457
1749260830,0.24240000,160.80000000,0.2457
1749260830,0.24230000,68.50000000,0.2457
1749260830,0.24220000,2662.80000000,0.2457
1749260830,0.24210000,137.00000000,0.2457
1749260830,0.24200000,29899.90000000,0.2457
1749260830,0.24190000,389.00000000,0.2457
1749260830,0.24180000,41.30000000,0.2457
1749260830,0.24170000,71218.60000000,0.2457
1749260830,0.24160000,5132.90000000,0.2457
1749260830,0.24150000,57699.50000000,0.2457
1749260830,0.24140000,223.00000000,0.2457
1749260830,0.24130000,41.40000000,0.2457
1749260830,0.24120000,22175.10000000,0.2457
1749260830,0.24110000,2066.10000000,0.2457
1749260830,0.24100000,3149.70000000,0.2457
1749260830,0.24090000,1049.00000000,0.2457
1749260830,0.24080000,41.40000000,0.2457
1749260830,0.24070000,41.50000000,0.2457
1749260830,0.24060000,11614.10000000,0.2457
1749260830,0.24050000,2056.40000000,0.2457
1749260830,0.24040000,58846.30000000,0.2457
1749260830,0.24030000,2073.20000000,0.2457
1749260830,0.24020000,144.60000000,0.2457
1749260830,0.24010000,65057.90000000,0.2457
1749260830,0.24000000,17405.40000000,0.2457
1749260830,0.23990000,40.30000000,0.2457
1749260830,0.23980000,35833.80000000,0.2457
1749260830,0.23970000,40.40000000,0.2457
1749260830,0.23960000,89.00000000,0.2457
1749260830,0.23950000,123.80000000,0.2457
1749260830,0.23940000,45.40000000,0.2457
1749260830,0.23930000,8398.10000000,0.2457
1749260830,0.23920000,97.50000000,0.2457
1749260830,0.23910000,40.50000000,0.2457
1749260830,0.23900000,20959.10000000,0.2457
1749260830,0.23890000,40.50000000,0.2457
1749260830,0.23880000,97.40000000,0.2457
1749260830,0.23870000,48.80000000,0.2457
1749260830,0.23860000,54.60000000,0.2457
1749260830,0.23850000,131.60000000,0.2457
1749260830,0.23840000,2585.20000000,0.2457
1749260830,0.23830000,40.60000000,0.2457
1749260830,0.23820000,187.30000000,0.2457
1749260830,0.23810000,215.30000000,0.2457
1749260830,0.23800000,28988.00000000,0.2457
1749260830,0.23780000,6175.80000000,0.2457
1749260830,0.23740000,14.00000000,0.2457
1749260830,0.23700000,901.50000000,0.2457
1749260830,0.23690000,8958.50000000,0.2457
1749260830,0.23680000,40.40000000,0.2457
1749260830,0.23670000,2322.20000000,0.2457
1749260830,0.23660000,5.00000000,0.2457
1749260830,0.23650000,1361.90000000,0.2457
1749260830,0.23640000,11.80000000,0.2457
1749260830,0.23620000,69.30000000,0.2457
1749260830,0.23610000,13584.60000000,0.2457
1749260830,0.23600000,720.00000000,0.2457
1749260830,0.23590000,429.50000000,0.2457
1749260830,0.23580000,2267.70000000,0.2457
1749260830,0.23560000,14.00000000,0.2457
1749260830,0.23550000,47.40000000,0.2457
1749260830,0.23530000,2046.40000000,0.2457
1749260830,0.23520000,51.50000000,0.2457
1749260830,0.23500000,7929.80000000,0.2457
1749260830,0.23490000,92.40000000,0.2457
1749260830,0.23470000,157.90000000,0.2457
1749260830,0.23460000,19.10000000,0.2457
1749261156,0.24630000,20643.10000000,0.2464
1749261156,0.24620000,60986.50000000,0.2464
1749261156,0.24610000,156029.90000000,0.2464
1749261156,0.24600000,181530.80000000,0.2464
1749261156,0.24590000,204973.10000000,0.2464
1749261156,0.24580000,84197.40000000,0.2464
1749261156,0.24570000,97404.20000000,0.2464
1749261156,0.24560000,19378.30000000,0.2464
1749261156,0.24550000,89135.50000000,0.2464
1749261156,0.24540000,9194.90000000,0.2464
1749261156,0.24530000,199631.40000000,0.2464
1749261156,0.24520000,100282.00000000,0.2464
1749261156,0.24510000,135953.90000000,0.2464
1749261156,0.24500000,15183.40000000,0.2464
1749261156,0.24490000,8271.40000000,0.2464
1749261156,0.24480000,9173.60000000,0.2464
1749261156,0.24470000,2184.40000000,0.2464
1749261156,0.24460000,152674.50000000,0.2464
1749261156,0.24450000,63370.10000000,0.2464
1749261156,0.24440000,3130.20000000,0.2464
1749261156,0.24430000,2055.10000000,0.2464
1749261156,0.24420000,47.00000000,0.2464
1749261156,0.24410000,109.70000000,0.2464
1749261156,0.24400000,25824.80000000,0.2464
1749261156,0.24390000,31877.20000000,0.2464
1749261156,0.24380000,52.00000000,0.2464
1749261156,0.24370000,119087.70000000,0.2464
1749261156,0.24360000,278.80000000,0.2464
1749261156,0.24350000,252.50000000,0.2464
1749261156,0.24340000,64204.30000000,0.2464
1749261156,0.24330000,12225.10000000,0.2464
1749261156,0.24320000,10295.70000000,0.2464
1749261156,0.24310000,9684.50000000,0.2464
1749261156,0.24300000,257.20000000,0.2464
1749261156,0.24290000,90.20000000,0.2464
1749261156,0.24280000,57679.30000000,0.2464
1749261156,0.24270000,20466.50000000,0.2464
1749261156,0.24260000,24013.90000000,0.2464
1749261156,0.24250000,2055.70000000,0.2464
1749261156,0.24240000,566.40000000,0.2464
1749261156,0.24230000,4759.00000000,0.2464
1749261156,0.24220000,266.10000000,0.2464
1749261156,0.24210000,130.80000000,0.2464
1749261156,0.24200000,29119.90000000,0.2464
1749261156,0.24190000,60.20000000,0.2464
1749261156,0.24180000,1033.70000000,0.2464
1749261156,0.24170000,128668.60000000,0.2464
1749261156,0.24160000,1758.20000000,0.2464
1749261156,0.24150000,49.50000000,0.2464
1749261156,0.24140000,65401.80000000,0.2464
1749261156,0.24130000,1319.10000000,0.2464
1749261156,0.24120000,22550.40000000,0.2464
1749261156,0.24110000,681.80000000,0.2464
1749261156,0.24100000,3252.40000000,0.2464
1749261156,0.24090000,10412.50000000,0.2464
1749261156,0.24080000,41.40000000,0.2464
1749261156,0.24070000,41.50000000,0.2464
1749261156,0.24060000,49.70000000,0.2464
1749261156,0.24050000,2471.40000000,0.2464
1749261156,0.24040000,180.70000000,0.2464
1749261156,0.24030000,2073.20000000,0.2464
1749261156,0.24020000,41.50000000,0.2464
1749261156,0.24010000,41.50000000,0.2464
1749261156,0.24000000,17201.10000000,0.2464
1749261156,0.23990000,872.50000000,0.2464
1749261156,0.23980000,35833.80000000,0.2464
1749261156,0.23970000,165.40000000,0.2464
1749261156,0.23960000,89.00000000,0.2464
1749261156,0.23950000,40.40000000,0.2464
1749261156,0.23940000,2568.10000000,0.2464
1749261156,0.23930000,8398.10000000,0.2464
1749261156,0.23920000,97.50000000,0.2464
1749261156,0.23910000,40.50000000,0.2464
1749261156,0.23900000,20959.10000000,0.2464
1749261156,0.23890000,40.50000000,0.2464
1749261156,0.23880000,515.40000000,0.2464
1749261156,0.23870000,8.30000000,0.2464
1749261156,0.23860000,432.30000000,0.2464
1749261156,0.23850000,91.00000000,0.2464
1749261156,0.23840000,11.30000000,0.2464
1749261156,0.23820000,20.90000000,0.2464
1749261156,0.23810000,5.40000000,0.2464
1749261156,0.23800000,28988.00000000,0.2464
1749261156,0.23780000,8473.80000000,0.2464
1749261156,0.23740000,14.00000000,0.2464
1749261156,0.23700000,901.50000000,0.2464
1749261156,0.23690000,8958.50000000,0.2464
1749261156,0.23680000,40.40000000,0.2464
1749261156,0.23670000,13.50000000,0.2464
1749261156,0.23660000,5.00000000,0.2464
1749261156,0.23650000,1361.90000000,0.2464
1749261156,0.23640000,11.80000000,0.2464
1749261156,0.23620000,69.30000000,0.2464
1749261156,0.23610000,13584.60000000,0.2464
1749261156,0.23600000,720.00000000,0.2464
1749261156,0.23590000,429.50000000,0.2464
1749261156,0.23580000,2267.70000000,0.2464
1749261156,0.23560000,14.00000000,0.2464
1749261156,0.23550000,47.40000000,0.2464
1749261156,0.23530000,2046.40000000,0.2464
1749261472,0.24710000,11467.40000000,0.2472
1749261472,0.24700000,38806.50000000,0.2472
1749261472,0.24690000,81303.00000000,0.2472
1749261472,0.24680000,141999.00000000,0.2472
1749261472,0.24670000,207619.30000000,0.2472
1749261472,0.24660000,225887.90000000,0.2472
1749261472,0.24650000,85039.60000000,0.2472
1749261472,0.24640000,27651.20000000,0.2472
1749261472,0.24630000,39090.90000000,0.2472
1749261472,0.24620000,118976.60000000,0.2472
1749261472,0.24610000,9159.60000000,0.2472
1749261472,0.24600000,64071.50000000,0.2472
1749261472,0.24590000,128961.40000000,0.2472
1749261472,0.24580000,64600.10000000,0.2472
1749261472,0.24570000,177496.10000000,0.2472
1749261472,0.24560000,11237.90000000,0.2472
1749261472,0.24550000,6032.80000000,0.2472
1749261472,0.24540000,2197.00000000,0.2472
1749261472,0.24530000,2186.20000000,0.2472
1749261472,0.24520000,33576.00000000,0.2472
1749261472,0.24510000,46.90000000,0.2472
1749261472,0.24500000,157740.40000000,0.2472
1749261472,0.24490000,24202.30000000,0.2472
1749261472,0.24480000,1311.00000000,0.2472
1749261472,0.24470000,100.70000000,0.2472
1749261472,0.24460000,18227.80000000,0.2472
1749261472,0.24450000,110262.00000000,0.2472
1749261472,0.24440000,9775.60000000,0.2472
1749261472,0.24430000,60.00000000,0.2472
1749261472,0.24420000,47.00000000,0.2472
1749261472,0.24410000,109.70000000,0.2472
1749261472,0.24400000,123381.80000000,0.2472
1749261472,0.24390000,23028.40000000,0.2472
1749261472,0.24380000,52.00000000,0.2472
1749261472,0.24370000,388.30000000,0.2472
1749261472,0.24360000,147.20000000,0.2472
1749261472,0.24350000,17426.00000000,0.2472
1749261472,0.24340000,13738.80000000,0.2472
1749261472,0.24330000,28657.90000000,0.2472
1749261472,0.24320000,562.40000000,0.2472
1749261472,0.24310000,41.10000000,0.2472
1749261472,0.24300000,76004.10000000,0.2472
1749261472,0.24290000,84.00000000,0.2472
1749261472,0.24280000,155.10000000,0.2472
1749261472,0.24270000,1029.90000000,0.2472
1749261472,0.24260000,3947.30000000,0.2472
1749261472,0.24250000,1525.00000000,0.2472
1749261472,0.24240000,667.20000000,0.2472
1749261472,0.24230000,21069.50000000,0.2472
1749261472,0.24220000,58119.90000000,0.2472
1749261472,0.24210000,64610.10000000,0.2472
1749261472,0.24200000,42310.60000000,0.2472
1749261472,0.24190000,60.20000000,0.2472
1749261472,0.24180000,2207.90000000,0.2472
1749261472,0.24170000,64.80000000,0.2472
1749261472,0.24160000,935.30000000,0.2472
1749261472,0.24150000,49.50000000,0.2472
1749261472,0.24140000,120.40000000,0.2472
1749261472,0.24130000,41.40000000,0.2472
1749261472,0.24120000,22075.10000000,0.2472
1749261472,0.24110000,267.80000000,0.2472
1749261472,0.24100000,4392.30000000,0.2472
1749261472,0.24090000,52.90000000,0.2472
1749261472,0.24080000,41.40000000,0.2472
1749261472,0.24070000,41.50000000,0.2472
1749261472,0.24060000,294.50000000,0.2472
1749261472,0.24050000,2056.40000000,0.2472
1749261472,0.24040000,18677.80000000,0.2472
1749261472,0.24030000,2197.90000000,0.2472
1749261472,0.24020000,41.50000000,0.2472
1749261472,0.24010000,41.50000000,0.2472
1749261472,0.24000000,17201.10000000,0.2472
1749261472,0.23990000,40.30000000,0.2472
1749261472,0.23980000,36666.20000000,0.2472
1749261472,0.23970000,40.40000000,0.2472
1749261472,0.23960000,89.00000000,0.2472
1749261472,0.23950000,5001.60000000,0.2472
1749261472,0.23940000,5.00000000,0.2472
1749261472,0.23930000,8357.70000000,0.2472
1749261472,0.23920000,57.10000000,0.2472
1749261472,0.23900000,2530.00000000,0.2472
1749261472,0.23880000,56.90000000,0.2472
1749261472,0.23870000,8.30000000,0.2472
1749261472,0.23860000,14.00000000,0.2472
1749261472,0.23850000,91.00000000,0.2472
1749261472,0.23840000,11.30000000,0.2472
1749261472,0.23820000,20.90000000,0.2472
1749261472,0.23810000,5.40000000,0.2472
1749261472,0.23800000,28988.00000000,0.2472
1749261472,0.23780000,6175.80000000,0.2472
1749261472,0.23770000,2318.10000000,0.2472
1749261472,0.23740000,14.00000000,0.2472
1749261472,0.23700000,901.50000000,0.2472
1749261472,0.23690000,8958.50000000,0.2472
1749261472,0.23680000,40.40000000,0.2472
1749261472,0.23670000,13.50000000,0.2472
1749261472,0.23660000,5.00000000,0.2472
1749261472,0.23650000,1361.90000000,0.2472
1749261472,0.23640000,11.80000000,0.2472
1749261472,0.23620000,69.30000000,0.2472
1749261778,0.24670000,8311.80000000,0.2468
1749261778,0.24660000,50697.60000000,0.2468
1749261778,0.24650000,170210.20000000,0.2468
1749261778,0.24640000,149450.90000000,0.2468
1749261778,0.24630000,179024.70000000,0.2468
1749261778,0.24620000,194990.10000000,0.2468
1749261778,0.24610000,41177.90000000,0.2468
1749261778,0.24600000,119268.50000000,0.2468
1749261778,0.24590000,214690.10000000,0.2468
1749261778,0.24580000,187073.30000000,0.2468
1749261778,0.24570000,9071.60000000,0.2468
1749261778,0.24560000,33714.10000000,0.2468
1749261778,0.24550000,146624.50000000,0.2468
1749261778,0.24540000,2197.00000000,0.2468
1749261778,0.24530000,29023.10000000,0.2468
1749261778,0.24520000,52809.60000000,0.2468
1749261778,0.24510000,2172.00000000,0.2468
1749261778,0.24500000,12868.70000000,0.2468
1749261778,0.24490000,2184.80000000,0.2468
1749261778,0.24480000,147.00000000,0.2468
1749261778,0.24470000,47.00000000,0.2468
1749261778,0.24460000,40157.40000000,0.2468
1749261778,0.24450000,110208.30000000,0.2468
1749261778,0.24440000,12175.80000000,0.2468
1749261778,0.24430000,60.00000000,0.2468
1749261778,0.24420000,87.80000000,0.2468
1749261778,0.24410000,109.70000000,0.2468
1749261778,0.24400000,123320.20000000,0.2468
1749261778,0.24390000,10103.30000000,0.2468
1749261778,0.24380000,52.00000000,0.2468
1749261778,0.24370000,388.30000000,0.2468
1749261778,0.24360000,147.20000000,0.2468
1749261778,0.24350000,781.00000000,0.2468
1749261778,0.24340000,69.30000000,0.2468
1749261778,0.24330000,239.20000000,0.2468
1749261778,0.24320000,353.90000000,0.2468
1749261778,0.24310000,16462.30000000,0.2468
1749261778,0.24300000,75474.60000000,0.2468
1749261778,0.24290000,84.00000000,0.2468
1749261778,0.24280000,155.10000000,0.2468
1749261778,0.24270000,1029.90000000,0.2468
1749261778,0.24260000,3648.20000000,0.2468
1749261778,0.24250000,247.30000000,0.2468
1749261778,0.24240000,667.20000000,0.2468
1749261778,0.24230000,62.30000000,0.2468
1749261778,0.24220000,57707.80000000,0.2468
1749261778,0.24210000,64610.10000000,0.2468
1749261778,0.24200000,29019.90000000,0.2468
1749261778,0.24190000,27487.10000000,0.2468
1749261778,0.24180000,1319.00000000,0.2468
1749261778,0.24170000,64.80000000,0.2468
1749261778,0.24160000,935.30000000,0.2468
1749261778,0.24150000,49.50000000,0.2468
1749261778,0.24140000,120.40000000,0.2468
1749261778,0.24130000,41.40000000,0.2468
1749261778,0.24120000,22075.10000000,0.2468
1749261778,0.24110000,267.80000000,0.2468
1749261778,0.24100000,3149.70000000,0.2468
1749261778,0.24090000,52.90000000,0.2468
1749261778,0.24080000,41.40000000,0.2468
1749261778,0.24070000,41.50000000,0.2468
1749261778,0.24060000,294.50000000,0.2468
1749261778,0.24050000,2056.40000000,0.2468
1749261778,0.24040000,18677.80000000,0.2468
1749261778,0.24030000,2197.90000000,0.2468
1749261778,0.24020000,374.50000000,0.2468
1749261778,0.24010000,41.50000000,0.2468
1749261778,0.24000000,17201.10000000,0.2468
1749261778,0.23990000,40.30000000,0.2468
1749261778,0.23980000,8406.80000000,0.2468
1749261778,0.23970000,40.40000000,0.2468
1749261778,0.23960000,89.00000000,0.2468
1749261778,0.23950000,40.40000000,0.2468
1749261778,0.23940000,45.40000000,0.2468
1749261778,0.23930000,8398.10000000,0.2468
1749261778,0.23920000,97.50000000,0.2468
1749261778,0.23900000,2530.00000000,0.2468
1749261778,0.23880000,56.90000000,0.2468
1749261778,0.23870000,8.30000000,0.2468
1749261778,0.23860000,2323.40000000,0.2468
1749261778,0.23850000,91.00000000,0.2468
1749261778,0.23840000,11.30000000,0.2468
1749261778,0.23820000,20.90000000,0.2468
1749261778,0.23810000,5.40000000,0.2468
1749261778,0.23800000,28988.00000000,0.2468
1749261778,0.23780000,6175.80000000,0.2468
1749261778,0.23740000,14.00000000,0.2468
1749261778,0.23700000,901.50000000,0.2468
1749261778,0.23690000,8958.50000000,0.2468
1749261778,0.23680000,40.40000000,0.2468
1749261778,0.23670000,13.50000000,0.2468
1749261778,0.23660000,5.00000000,0.2468
1749261778,0.23650000,1361.90000000,0.2468
1749261778,0.23640000,11.80000000,0.2468
1749261778,0.23620000,69.30000000,0.2468
1749261778,0.23610000,13584.60000000,0.2468
1749261778,0.23600000,720.00000000,0.2468
1749261778,0.23590000,429.50000000,0.2468
1749261778,0.23580000,2267.70000000,0.2468
1749261778,0.23560000,14.00000000,0.2468
1749262081,0.24580000,603.20000000,0.2458
1749262081,0.24570000,19923.30000000,0.2458
1749262081,0.24560000,41457.30000000,0.2458
1749262081,0.24550000,63960.90000000,0.2458
1749262081,0.24540000,160987.30000000,0.2458
1749262081,0.24530000,144862.50000000,0.2458
1749262081,0.24520000,130172.10000000,0.2458
1749262081,0.24510000,102298.90000000,0.2458
1749262081,0.24500000,17064.80000000,0.2458
1749262081,0.24490000,91762.90000000,0.2458
1749262081,0.24480000,228701.70000000,0.2458
1749262081,0.24470000,9194.10000000,0.2458
1749262081,0.24460000,79828.30000000,0.2458
1749262081,0.24450000,81180.80000000,0.2458
1749262081,0.24440000,177703.00000000,0.2458
1749262081,0.24430000,2257.10000000,0.2458
1749262081,0.24420000,16076.90000000,0.2458
1749262081,0.24410000,15159.30000000,0.2458
1749262081,0.24400000,10627.20000000,0.2458
1749262081,0.24390000,2188.80000000,0.2458
1749262081,0.24380000,110209.10000000,0.2458
1749262081,0.24370000,2388.30000000,0.2458
1749262081,0.24360000,147.20000000,0.2458
1749262081,0.24350000,10003.60000000,0.2458
1749262081,0.24340000,133504.40000000,0.2458
1749262081,0.24330000,41.00000000,0.2458
1749262081,0.24320000,152.00000000,0.2458
1749262081,0.24310000,22393.30000000,0.2458
1749262081,0.24300000,72452.80000000,0.2458
1749262081,0.24290000,84.00000000,0.2458
1749262081,0.24280000,155.10000000,0.2458
1749262081,0.24270000,41.10000000,0.2458
1749262081,0.24260000,13730.50000000,0.2458
1749262081,0.24250000,247.30000000,0.2458
1749262081,0.24240000,154.60000000,0.2458
1749262081,0.24230000,4350.70000000,0.2458
1749262081,0.24220000,58264.50000000,0.2458
1749262081,0.24210000,130.80000000,0.2458
1749262081,0.24200000,45479.40000000,0.2458
1749262081,0.24190000,28479.10000000,0.2458
1749262081,0.24180000,1319.00000000,0.2458
1749262081,0.24170000,64.80000000,0.2458
1749262081,0.24160000,935.30000000,0.2458
1749262081,0.24150000,49.50000000,0.2458
1749262081,0.24140000,735.50000000,0.2458
1749262081,0.24130000,41.40000000,0.2458
1749262081,0.24120000,22075.10000000,0.2458
1749262081,0.24110000,329.30000000,0.2458
1749262081,0.24100000,3252.40000000,0.2458
1749262081,0.24090000,64853.40000000,0.2458
1749262081,0.24080000,41.40000000,0.2458
1749262081,0.24070000,41.50000000,0.2458
1749262081,0.24060000,132.70000000,0.2458
1749262081,0.24050000,2056.40000000,0.2458
1749262081,0.24040000,97.60000000,0.2458
1749262081,0.24030000,2073.20000000,0.2458
1749262081,0.24020000,374.50000000,0.2458
1749262081,0.24010000,41.50000000,0.2458
1749262081,0.24000000,17201.10000000,0.2458
1749262081,0.23990000,40.30000000,0.2458
1749262081,0.23980000,8406.80000000,0.2458
1749262081,0.23970000,40.40000000,0.2458
1749262081,0.23960000,89.00000000,0.2458
1749262081,0.23950000,40.40000000,0.2458
1749262081,0.23940000,45.40000000,0.2458
1749262081,0.23930000,8398.10000000,0.2458
1749262081,0.23920000,97.50000000,0.2458
1749262081,0.23910000,18775.80000000,0.2458
1749262081,0.23900000,5254.40000000,0.2458
1749262081,0.23890000,40.50000000,0.2458
1749262081,0.23880000,97.40000000,0.2458
1749262081,0.23870000,48.80000000,0.2458
1749262081,0.23860000,54.50000000,0.2458
1749262081,0.23850000,131.60000000,0.2458
1749262081,0.23840000,51.90000000,0.2458
1749262081,0.23830000,40.60000000,0.2458
1749262081,0.23820000,20.90000000,0.2458
1749262081,0.23810000,5.40000000,0.2458
1749262081,0.23800000,28988.00000000,0.2458
1749262081,0.23780000,6175.80000000,0.2458
1749262081,0.23760000,2300.00000000,0.2458
1749262081,0.23740000,14.00000000,0.2458
1749262081,0.23700000,901.50000000,0.2458
1749262081,0.23690000,8958.50000000,0.2458
1749262081,0.23680000,40.40000000,0.2458
1749262081,0.23670000,13.50000000,0.2458
1749262081,0.23660000,5.00000000,0.2458
1749262081,0.23650000,1361.90000000,0.2458
1749262081,0.23640000,11.80000000,0.2458
1749262081,0.23620000,69.30000000,0.2458
1749262081,0.23610000,13584.60000000,0.2458
1749262081,0.23600000,720.00000000,0.2458
1749262081,0.23590000,429.50000000,0.2458
1749262081,0.23580000,2267.70000000,0.2458
1749262081,0.23560000,14.00000000,0.2458
1749262081,0.23550000,47.40000000,0.2458
1749262081,0.23530000,2046.40000000,0.2458
1749262081,0.23520000,51.50000000,0.2458
1749262081,0.23500000,7929.80000000,0.2458
1749262081,0.23490000,92.40000000,0.2458
1749262387,0.24710000,6675.60000000,0.2471
1749262387,0.24700000,39907.70000000,0.2471
1749262387,0.24690000,84534.60000000,0.2471
1749262387,0.24680000,86180.30000000,0.2471
1749262387,0.24670000,135807.90000000,0.2471
1749262387,0.24660000,114497.70000000,0.2471
1749262387,0.24650000,222119.80000000,0.2471
1749262387,0.24640000,28187.80000000,0.2471
1749262387,0.24630000,150188.10000000,0.2471
1749262387,0.24620000,26052.60000000,0.2471
1749262387,0.24610000,18765.60000000,0.2471
1749262387,0.24600000,119260.80000000,0.2471
1749262387,0.24590000,45822.10000000,0.2471
1749262387,0.24580000,97221.80000000,0.2471
1749262387,0.24570000,68072.70000000,0.2471
1749262387,0.24560000,12387.70000000,0.2471
1749262387,0.24550000,11145.70000000,0.2471
1749262387,0.24540000,134062.70000000,0.2471
1749262387,0.24530000,35582.40000000,0.2471
1749262387,0.24520000,87925.80000000,0.2471
1749262387,0.24510000,109074.50000000,0.2471
1749262387,0.24500000,2175.50000000,0.2471
1749262387,0.24490000,22245.80000000,0.2471
1749262387,0.24480000,155725.90000000,0.2471
1749262387,0.24470000,47.00000000,0.2471
1749262387,0.24460000,8234.70000000,0.2471
1749262387,0.24450000,51.20000000,0.2471
1749262387,0.24440000,3454.10000000,0.2471
1749262387,0.24430000,60.00000000,0.2471
1749262387,0.24420000,63971.80000000,0.2471
1749262387,0.24410000,13024.70000000,0.2471
1749262387,0.24400000,8489.10000000,0.2471
1749262387,0.24390000,52.40000000,0.2471
1749262387,0.24380000,120279.30000000,0.2471
1749262387,0.24370000,593.10000000,0.2471
1749262387,0.24360000,147.20000000,0.2471
1749262387,0.24350000,10003.60000000,0.2471
1749262387,0.24340000,67001.00000000,0.2471
1749262387,0.24330000,41.00000000,0.2471
1749262387,0.24320000,29998.50000000,0.2471
1749262387,0.24310000,41.10000000,0.2471
1749262387,0.24300000,76782.60000000,0.2471
1749262387,0.24290000,84.00000000,0.2471
1749262387,0.24280000,155.10000000,0.2471
1749262387,0.24270000,1029.90000000,0.2471
1749262387,0.24260000,3546.10000000,0.2471
1749262387,0.24250000,859.60000000,0.2471
1749262387,0.24240000,154.60000000,0.2471
1749262387,0.24230000,264.90000000,0.2471
1749262387,0.24220000,1208.80000000,0.2471
1749262387,0.24210000,192.10000000,0.2471
1749262387,0.24200000,29019.90000000,0.2471
1749262387,0.24190000,92019.70000000,0.2471
1749262387,0.24180000,143.70000000,0.2471
1749262387,0.24170000,1755.50000000,0.2471
1749262387,0.24160000,935.30000000,0.2471
1749262387,0.24150000,49.50000000,0.2471
1749262387,0.24140000,7563.80000000,0.2471
1749262387,0.24130000,41.40000000,0.2471
1749262387,0.24120000,22075.10000000,0.2471
1749262387,0.24110000,267.80000000,0.2471
1749262387,0.24100000,3232.60000000,0.2471
1749262387,0.24090000,52.90000000,0.2471
1749262387,0.24080000,41.40000000,0.2471
1749262387,0.24070000,41.50000000,0.2471
1749262387,0.24060000,49.70000000,0.2471
1749262387,0.24050000,20518.50000000,0.2471
1749262387,0.24040000,97.60000000,0.2471
1749262387,0.24030000,2073.20000000,0.2471
1749262387,0.24020000,374.50000000,0.2471
1749262387,0.24010000,41.50000000,0.2471
1749262387,0.24000000,17201.10000000,0.2471
1749262387,0.23990000,40.30000000,0.2471
1749262387,0.23980000,8406.80000000,0.2471
1749262387,0.23970000,40.40000000,0.2471
1749262387,0.23960000,89.00000000,0.2471
1749262387,0.23940000,5.00000000,0.2471
1749262387,0.23930000,125.20000000,0.2471
1749262387,0.23920000,57.10000000,0.2471
1749262387,0.23900000,5213.90000000,0.2471
1749262387,0.23880000,56.90000000,0.2471
1749262387,0.23870000,8.30000000,0.2471
1749262387,0.23860000,14.00000000,0.2471
1749262387,0.23850000,91.00000000,0.2471
1749262387,0.23840000,11.30000000,0.2471
1749262387,0.23820000,20.90000000,0.2471
1749262387,0.23810000,5.40000000,0.2471
1749262387,0.23800000,28988.00000000,0.2471
1749262387,0.23790000,2316.20000000,0.2471
1749262387,0.23780000,6175.80000000,0.2471
1749262387,0.23740000,14.00000000,0.2471
1749262387,0.23700000,901.50000000,0.2471
1749262387,0.23690000,8958.50000000,0.2471
1749262387,0.23680000,40.40000000,0.2471
1749262387,0.23670000,13.50000000,0.2471
1749262387,0.23660000,5.00000000,0.2471
1749262387,0.23650000,1361.90000000,0.2471
1749262387,0.23640000,11.80000000,0.2471
1749262387,0.23620000,69.30000000,0.2471
1749262387,0.23610000,13584.60000000,0.2471
1749262689,0.24730000,2633.50000000,0.2473
1749262689,0.24720000,58598.20000000,0.2473
1749262689,0.24710000,81516.70000000,0.2473
1749262689,0.24700000,150684.10000000,0.2473
1749262689,0.24690000,151501.70000000,0.2473
1749262689,0.24680000,128396.60000000,0.2473
1749262689,0.24670000,143192.80000000,0.2473
1749262689,0.24660000,162559.30000000,0.2473
1749262689,0.24650000,97151.20000000,0.2473
1749262689,0.24640000,74784.40000000,0.2473
1749262689,0.24630000,116052.60000000,0.2473
1749262689,0.24620000,8353.30000000,0.2473
1749262689,0.24610000,118965.20000000,0.2473
1749262689,0.24600000,152154.60000000,0.2473
1749262689,0.24590000,65011.30000000,0.2473
1749262689,0.24580000,259858.30000000,0.2473
1749262689,0.24570000,31317.20000000,0.2473
1749262689,0.24560000,2276.40000000,0.2473
1749262689,0.24550000,2176.50000000,0.2473
1749262689,0.24540000,4224.50000000,0.2473
1749262689,0.24530000,6084.90000000,0.2473
1749262689,0.24520000,2290.00000000,0.2473
1749262689,0.24510000,2172.00000000,0.2473
1749262689,0.24500000,10207.20000000,0.2473
1749262689,0.24490000,64957.80000000,0.2473
1749262689,0.24480000,10978.60000000,0.2473
1749262689,0.24470000,47.00000000,0.2473
1749262689,0.24460000,176484.00000000,0.2473
1749262689,0.24450000,1328.90000000,0.2473
1749262689,0.24440000,176.40000000,0.2473
1749262689,0.24430000,60.00000000,0.2473
1749262689,0.24420000,47.00000000,0.2473
1749262689,0.24410000,13024.70000000,0.2473
1749262689,0.24400000,2427.00000000,0.2473
1749262689,0.24390000,580.00000000,0.2473
1749262689,0.24380000,10132.50000000,0.2473
1749262689,0.24370000,4450.60000000,0.2473
1749262689,0.24360000,147.20000000,0.2473
1749262689,0.24350000,10003.60000000,0.2473
1749262689,0.24340000,56851.10000000,0.2473
1749262689,0.24330000,41.00000000,0.2473
1749262689,0.24320000,152.00000000,0.2473
1749262689,0.24310000,102.10000000,0.2473
1749262689,0.24300000,72708.60000000,0.2473
1749262689,0.24290000,700.40000000,0.2473
1749262689,0.24280000,64448.50000000,0.2473
1749262689,0.24270000,2307.60000000,0.2473
1749262689,0.24260000,3546.10000000,0.2473
1749262689,0.24250000,961.70000000,0.2473
1749262689,0.24240000,7406.00000000,0.2473
1749262689,0.24230000,264.90000000,0.2473
1749262689,0.24220000,596.50000000,0.2473
1749262689,0.24210000,130.80000000,0.2473
1749262689,0.24200000,29019.90000000,0.2473
1749262689,0.24190000,27487.10000000,0.2473
1749262689,0.24180000,41.30000000,0.2473
1749262689,0.24170000,64.80000000,0.2473
1749262689,0.24160000,935.30000000,0.2473
1749262689,0.24150000,49.50000000,0.2473
1749262689,0.24140000,120.40000000,0.2473
1749262689,0.24130000,41.40000000,0.2473
1749262689,0.24120000,22157.90000000,0.2473
1749262689,0.24110000,267.80000000,0.2473
1749262689,0.24100000,3149.70000000,0.2473
1749262689,0.24090000,52.90000000,0.2473
1749262689,0.24080000,41.40000000,0.2473
1749262689,0.24070000,41.50000000,0.2473
1749262689,0.24060000,49.70000000,0.2473
1749262689,0.24050000,20643.10000000,0.2473
1749262689,0.24040000,97.60000000,0.2473
1749262689,0.24030000,2073.20000000,0.2473
1749262689,0.24020000,374.50000000,0.2473
1749262689,0.24010000,41.50000000,0.2473
1749262689,0.24000000,17201.10000000,0.2473
1749262689,0.23990000,40.30000000,0.2473
1749262689,0.23980000,8406.80000000,0.2473
1749262689,0.23960000,48.60000000,0.2473
1749262689,0.23940000,5.00000000,0.2473
1749262689,0.23920000,57.10000000,0.2473
1749262689,0.23900000,5213.90000000,0.2473
1749262689,0.23880000,56.90000000,0.2473
1749262689,0.23870000,8.30000000,0.2473
1749262689,0.23860000,14.00000000,0.2473
1749262689,0.23850000,2401.40000000,0.2473
1749262689,0.23840000,11.30000000,0.2473
1749262689,0.23820000,20.90000000,0.2473
1749262689,0.23810000,5.40000000,0.2473
1749262689,0.23800000,28988.00000000,0.2473
1749262689,0.23780000,6175.80000000,0.2473
1749262689,0.23740000,14.00000000,0.2473
1749262689,0.23700000,901.50000000,0.2473
1749262689,0.23690000,8958.50000000,0.2473
1749262689,0.23680000,40.40000000,0.2473
1749262689,0.23670000,13.50000000,0.2473
1749262689,0.23660000,5.00000000,0.2473
1749262689,0.23650000,1361.90000000,0.2473
1749262689,0.23640000,11.80000000,0.2473
1749262689,0.23620000,69.30000000,0.2473
1749262689,0.23610000,13584.60000000,0.2473
1749262689,0.23600000,720.00000000,0.2473
1749262998,0.24650000,15996.80000000,0.2466
1749262998,0.24640000,32001.90000000,0.2466
1749262998,0.24630000,36582.80000000,0.2466
1749262998,0.24620000,59785.00000000,0.2466
1749262998,0.24610000,58427.80000000,0.2466
1749262998,0.24600000,104995.10000000,0.2466
1749262998,0.24590000,84498.40000000,0.2466
1749262998,0.24580000,32157.60000000,0.2466
1749262998,0.24570000,32512.70000000,0.2466
1749262998,0.24560000,173867.40000000,0.2466
1749262998,0.24550000,112262.00000000,0.2466
1749262998,0.24540000,120858.20000000,0.2466
1749262998,0.24530000,14393.40000000,0.2466
1749262998,0.24520000,239897.90000000,0.2466
1749262998,0.24510000,9080.10000000,0.2466
1749262998,0.24500000,9206.50000000,0.2466
1749262998,0.24490000,9173.70000000,0.2466
1749262998,0.24480000,62284.00000000,0.2466
1749262998,0.24470000,2176.40000000,0.2466
1749262998,0.24460000,61.00000000,0.2466
1749262998,0.24450000,13368.90000000,0.2466
1749262998,0.24440000,122524.20000000,0.2466
1749262998,0.24430000,70013.40000000,0.2466
1749262998,0.24420000,23430.70000000,0.2466
1749262998,0.24410000,13065.60000000,0.2466
1749262998,0.24400000,4427.00000000,0.2466
1749262998,0.24390000,52.40000000,0.2466
1749262998,0.24380000,52.00000000,0.2466
1749262998,0.24370000,1666.00000000,0.2466
1749262998,0.24360000,15473.00000000,0.2466
1749262998,0.24350000,10003.60000000,0.2466
1749262998,0.24340000,56851.10000000,0.2466
1749262998,0.24330000,41.00000000,0.2466
1749262998,0.24320000,152.00000000,0.2466
1749262998,0.24310000,78638.90000000,0.2466
1749262998,0.24300000,1501.30000000,0.2466
1749262998,0.24290000,84.00000000,0.2466
1749262998,0.24280000,155.10000000,0.2466
1749262998,0.24270000,41.10000000,0.2466
1749262998,0.24260000,3546.10000000,0.2466
1749262998,0.24250000,281.60000000,0.2466
1749262998,0.24240000,154.60000000,0.2466
1749262998,0.24230000,62.30000000,0.2466
1749262998,0.24220000,596.50000000,0.2466
1749262998,0.24210000,4220.00000000,0.2466
1749262998,0.24200000,93687.20000000,0.2466
1749262998,0.24190000,1052.20000000,0.2466
1749262998,0.24180000,57277.30000000,0.2466
1749262998,0.24170000,167.20000000,0.2466
1749262998,0.24160000,935.30000000,0.2466
1749262998,0.24150000,49.50000000,0.2466
1749262998,0.24140000,7502.30000000,0.2466
1749262998,0.24130000,27877.30000000,0.2466
1749262998,0.24120000,22075.10000000,0.2466
1749262998,0.24110000,1545.50000000,0.2466
1749262998,0.24100000,3149.70000000,0.2466
1749262998,0.24090000,4941.60000000,0.2466
1749262998,0.24080000,41.40000000,0.2466
1749262998,0.24070000,41.50000000,0.2466
1749262998,0.24060000,49.70000000,0.2466
1749262998,0.24050000,20518.50000000,0.2466
1749262998,0.24040000,97.60000000,0.2466
1749262998,0.24030000,2073.20000000,0.2466
1749262998,0.24020000,374.50000000,0.2466
1749262998,0.24010000,41.50000000,0.2466
1749262998,0.24000000,17201.10000000,0.2466
1749262998,0.23990000,40.30000000,0.2466
1749262998,0.23980000,8406.80000000,0.2466
1749262998,0.23970000,165.40000000,0.2466
1749262998,0.23960000,89.00000000,0.2466
1749262998,0.23950000,40.40000000,0.2466
1749262998,0.23940000,27600.70000000,0.2466
1749262998,0.23930000,40.40000000,0.2466
1749262998,0.23920000,97.60000000,0.2466
1749262998,0.23910000,40.50000000,0.2466
1749262998,0.23900000,11589.80000000,0.2466
1749262998,0.23880000,56.90000000,0.2466
1749262998,0.23870000,8.30000000,0.2466
1749262998,0.23860000,14.00000000,0.2466
1749262998,0.23850000,91.00000000,0.2466
1749262998,0.23840000,11.30000000,0.2466
1749262998,0.23820000,20.90000000,0.2466
1749262998,0.23810000,5.40000000,0.2466
1749262998,0.23800000,1834.50000000,0.2466
1749262998,0.23780000,6175.80000000,0.2466
1749262998,0.23760000,14023.10000000,0.2466
1749262998,0.23750000,2300.90000000,0.2466
1749262998,0.23740000,14.00000000,0.2466
1749262998,0.23700000,901.50000000,0.2466
1749262998,0.23690000,8958.50000000,0.2466
1749262998,0.23680000,40.40000000,0.2466
1749262998,0.23670000,13.50000000,0.2466
1749262998,0.23660000,5.00000000,0.2466
1749262998,0.23650000,1361.90000000,0.2466
1749262998,0.23640000,11.80000000,0.2466
1749262998,0.23620000,69.30000000,0.2466
1749262998,0.23610000,19.00000000,0.2466
1749262998,0.23600000,720.00000000,0.2466
1749262998,0.23590000,3354.40000000,0.2466
1749262998,0.23580000,2267.70000000,0.2466
1749263306,0.24760000,674.10000000,0.2476
1749263306,0.24750000,25426.60000000,0.2476
1749263306,0.24740000,45941.90000000,0.2476
1749263306,0.24730000,132223.30000000,0.2476
1749263306,0.24720000,136111.90000000,0.2476
1749263306,0.24710000,170230.60000000,0.2476
1749263306,0.24700000,117261.10000000,0.2476
1749263306,0.24690000,68117.20000000,0.2476
1749263306,0.24680000,32058.80000000,0.2476
1749263306,0.24670000,48494.50000000,0.2476
1749263306,0.24660000,9990.80000000,0.2476
1749263306,0.24650000,120490.60000000,0.2476
1749263306,0.24640000,26731.10000000,0.2476
1749263306,0.24630000,62836.90000000,0.2476
1749263306,0.24620000,14383.70000000,0.2476
1749263306,0.24610000,92136.10000000,0.2476
1749263306,0.24600000,48613.30000000,0.2476
1749263306,0.24590000,37497.70000000,0.2476
1749263306,0.24580000,64562.90000000,0.2476
1749263306,0.24570000,113791.90000000,0.2476
1749263306,0.24560000,166249.20000000,0.2476
1749263306,0.24550000,33447.60000000,0.2476
1749263306,0.24540000,2065.70000000,0.2476
1749263306,0.24530000,54.90000000,0.2476
1749263306,0.24520000,2360.00000000,0.2476
1749263306,0.24510000,10866.10000000,0.2476
1749263306,0.24500000,69.40000000,0.2476
1749263306,0.24490000,12614.00000000,0.2476
1749263306,0.24480000,72082.60000000,0.2476
1749263306,0.24470000,47.00000000,0.2476
1749263306,0.24460000,56372.00000000,0.2476
1749263306,0.24450000,51.20000000,0.2476
1749263306,0.24440000,134297.40000000,0.2476
1749263306,0.24430000,6133.80000000,0.2476
1749263306,0.24420000,47.00000000,0.2476
1749263306,0.24410000,13065.60000000,0.2476
1749263306,0.24400000,2427.00000000,0.2476
1749263306,0.24390000,52.40000000,0.2476
1749263306,0.24380000,52.00000000,0.2476
1749263306,0.24370000,1666.00000000,0.2476
1749263306,0.24360000,6394.20000000,0.2476
1749263306,0.24350000,5589.70000000,0.2476
1749263306,0.24340000,56851.10000000,0.2476
1749263306,0.24330000,41.00000000,0.2476
1749263306,0.24320000,152.00000000,0.2476
1749263306,0.24310000,67799.40000000,0.2476
1749263306,0.24300000,1562.40000000,0.2476
1749263306,0.24290000,84.00000000,0.2476
1749263306,0.24280000,1043.50000000,0.2476
1749263306,0.24270000,64361.00000000,0.2476
1749263306,0.24260000,3546.10000000,0.2476
1749263306,0.24250000,349.40000000,0.2476
1749263306,0.24240000,8430.40000000,0.2476
1749263306,0.24230000,3110.50000000,0.2476
1749263306,0.24220000,596.50000000,0.2476
1749263306,0.24210000,130.80000000,0.2476
1749263306,0.24200000,29019.90000000,0.2476
1749263306,0.24190000,60.20000000,0.2476
1749263306,0.24180000,41.30000000,0.2476
1749263306,0.24170000,5147.50000000,0.2476
1749263306,0.24160000,935.30000000,0.2476
1749263306,0.24150000,49.50000000,0.2476
1749263306,0.24140000,120.40000000,0.2476
1749263306,0.24130000,27261.90000000,0.2476
1749263306,0.24120000,22075.10000000,0.2476
1749263306,0.24110000,267.80000000,0.2476
1749263306,0.24100000,3149.70000000,0.2476
1749263306,0.24090000,2497.20000000,0.2476
1749263306,0.24080000,41.40000000,0.2476
1749263306,0.24070000,41.50000000,0.2476
1749263306,0.24060000,49.70000000,0.2476
1749263306,0.24050000,20518.50000000,0.2476
1749263306,0.24040000,222.20000000,0.2476
1749263306,0.24030000,2073.20000000,0.2476
1749263306,0.24020000,374.50000000,0.2476
1749263306,0.24010000,41.50000000,0.2476
1749263306,0.24000000,21529.30000000,0.2476
1749263306,0.23980000,8366.50000000,0.2476
1749263306,0.23960000,48.60000000,0.2476
1749263306,0.23940000,27560.30000000,0.2476
1749263306,0.23920000,57.10000000,0.2476
1749263306,0.23900000,11549.30000000,0.2476
1749263306,0.23880000,56.90000000,0.2476
1749263306,0.23870000,8.30000000,0.2476
1749263306,0.23860000,14.00000000,0.2476
1749263306,0.23850000,9358.80000000,0.2476
1749263306,0.23840000,11.30000000,0.2476
1749263306,0.23830000,2312.30000000,0.2476
1749263306,0.23820000,20.90000000,0.2476
1749263306,0.23810000,5.40000000,0.2476
1749263306,0.23800000,2413.50000000,0.2476
1749263306,0.23780000,6175.80000000,0.2476
1749263306,0.23760000,14023.10000000,0.2476
1749263306,0.23740000,14.00000000,0.2476
1749263306,0.23700000,901.50000000,0.2476
1749263306,0.23690000,8958.50000000,0.2476
1749263306,0.23680000,40.40000000,0.2476
1749263306,0.23670000,13.50000000,0.2476
1749263306,0.23660000,5.00000000,0.2476
1749263306,0.23650000,1361.90000000,0.2476
1749263608,0.24730000,10583.70000000,0.2473
1749263608,0.24720000,42487.60000000,0.2473
1749263608,0.24710000,121252.30000000,0.2473
1749263608,0.24700000,169888.50000000,0.2473
1749263608,0.24690000,158753.40000000,0.2473
1749263608,0.24680000,183430.10000000,0.2473
1749263608,0.24670000,73603.00000000,0.2473
1749263608,0.24660000,152693.00000000,0.2473
1749263608,0.24650000,116887.20000000,0.2473
1749263608,0.24640000,8363.60000000,0.2473
1749263608,0.24630000,297442.70000000,0.2473
1749263608,0.24620000,10322.80000000,0.2473
1749263608,0.24610000,8262.10000000,0.2473
1749263608,0.24600000,10410.70000000,0.2473
1749263608,0.24590000,41621.40000000,0.2473
1749263608,0.24580000,2193.70000000,0.2473
1749263608,0.24570000,5209.30000000,0.2473
1749263608,0.24560000,161378.20000000,0.2473
1749263608,0.24550000,41966.30000000,0.2473
1749263608,0.24540000,15036.00000000,0.2473
1749263608,0.24530000,12990.30000000,0.2473
1749263608,0.24520000,115349.40000000,0.2473
1749263608,0.24510000,24171.60000000,0.2473
1749263608,0.24500000,1237.50000000,0.2473
1749263608,0.24490000,12614.00000000,0.2473
1749263608,0.24480000,74082.70000000,0.2473
1749263608,0.24470000,47.00000000,0.2473
1749263608,0.24460000,56412.80000000,0.2473
1749263608,0.24450000,51.20000000,0.2473
1749263608,0.24440000,9892.70000000,0.2473
1749263608,0.24430000,79.10000000,0.2473
1749263608,0.24420000,47.00000000,0.2473
1749263608,0.24410000,677.80000000,0.2473
1749263608,0.24400000,2427.00000000,0.2473
1749263608,0.24390000,52.40000000,0.2473
1749263608,0.24380000,10138.80000000,0.2473
1749263608,0.24370000,388.30000000,0.2473
1749263608,0.24360000,6884.00000000,0.2473
1749263608,0.24350000,21983.90000000,0.2473
1749263608,0.24340000,473.20000000,0.2473
1749263608,0.24330000,41.00000000,0.2473
1749263608,0.24320000,152.00000000,0.2473
1749263608,0.24310000,67799.40000000,0.2473
1749263608,0.24300000,58262.40000000,0.2473
1749263608,0.24290000,84.00000000,0.2473
1749263608,0.24280000,1043.50000000,0.2473
1749263608,0.24270000,64361.00000000,0.2473
1749263608,0.24260000,3546.10000000,0.2473
1749263608,0.24250000,349.40000000,0.2473
1749263608,0.24240000,8018.60000000,0.2473
1749263608,0.24230000,2492.60000000,0.2473
1749263608,0.24220000,802.20000000,0.2473
1749263608,0.24210000,130.80000000,0.2473
1749263608,0.24200000,29019.90000000,0.2473
1749263608,0.24190000,60.20000000,0.2473
1749263608,0.24180000,41.30000000,0.2473
1749263608,0.24170000,5064.80000000,0.2473
1749263608,0.24160000,935.30000000,0.2473
1749263608,0.24150000,49.50000000,0.2473
1749263608,0.24140000,120.40000000,0.2473
1749263608,0.24130000,27261.90000000,0.2473
1749263608,0.24120000,22075.10000000,0.2473
1749263608,0.24110000,681.80000000,0.2473
1749263608,0.24100000,3149.70000000,0.2473
1749263608,0.24090000,2497.20000000,0.2473
1749263608,0.24080000,41.40000000,0.2473
1749263608,0.24070000,41.50000000,0.2473
1749263608,0.24060000,49.70000000,0.2473
1749263608,0.24050000,20643.10000000,0.2473
1749263608,0.24040000,97.60000000,0.2473
1749263608,0.24030000,2073.20000000,0.2473
1749263608,0.24020000,374.50000000,0.2473
1749263608,0.24010000,40.30000000,0.2473
1749263608,0.24000000,21569.60000000,0.2473
1749263608,0.23990000,456.40000000,0.2473
1749263608,0.23980000,8406.80000000,0.2473
1749263608,0.23960000,48.60000000,0.2473
1749263608,0.23940000,27560.30000000,0.2473
1749263608,0.23920000,57.10000000,0.2473
1749263608,0.23900000,11549.30000000,0.2473
1749263608,0.23880000,56.90000000,0.2473
1749263608,0.23870000,8.30000000,0.2473
1749263608,0.23860000,14.00000000,0.2473
1749263608,0.23850000,9358.80000000,0.2473
1749263608,0.23840000,2322.60000000,0.2473
1749263608,0.23820000,230.80000000,0.2473
1749263608,0.23810000,5.40000000,0.2473
1749263608,0.23800000,2413.50000000,0.2473
1749263608,0.23780000,6175.80000000,0.2473
1749263608,0.23760000,14023.10000000,0.2473
1749263608,0.23740000,14.00000000,0.2473
1749263608,0.23700000,901.50000000,0.2473
1749263608,0.23690000,8958.50000000,0.2473
1749263608,0.23680000,40.40000000,0.2473
1749263608,0.23670000,13.50000000,0.2473
1749263608,0.23660000,5.00000000,0.2473
1749263608,0.23650000,1361.90000000,0.2473
1749263608,0.23640000,11.80000000,0.2473
1749263608,0.23620000,69.30000000,0.2473
1749263608,0.23610000,19.00000000,0.2473
1749263910,0.24880000,8.60000000,0.2488
1749263910,0.24870000,20201.50000000,0.2488
1749263910,0.24860000,44903.10000000,0.2488
1749263910,0.24850000,133878.10000000,0.2488
1749263910,0.24840000,204815.00000000,0.2488
1749263910,0.24830000,165295.40000000,0.2488
1749263910,0.24820000,154574.10000000,0.2488
1749263910,0.24810000,77422.00000000,0.2488
1749263910,0.24800000,29308.30000000,0.2488
1749263910,0.24790000,43800.90000000,0.2488
1749263910,0.24780000,8671.90000000,0.2488
1749263910,0.24770000,118156.40000000,0.2488
1749263910,0.24760000,8373.90000000,0.2488
1749263910,0.24750000,83701.60000000,0.2488
1749263910,0.24740000,68927.40000000,0.2488
1749263910,0.24730000,22117.90000000,0.2488
1749263910,0.24720000,23539.10000000,0.2488
1749263910,0.24710000,104510.60000000,0.2488
1749263910,0.24700000,2184.00000000,0.2488
1749263910,0.24690000,211306.70000000,0.2488
1749263910,0.24680000,18098.60000000,0.2488
1749263910,0.24670000,2163.60000000,0.2488
1749263910,0.24660000,165106.80000000,0.2488
1749263910,0.24650000,46.60000000,0.2488
1749263910,0.24640000,10922.70000000,0.2488
1749263910,0.24630000,22108.40000000,0.2488
1749263910,0.24620000,9567.00000000,0.2488
1749263910,0.24610000,8184.90000000,0.2488
1749263910,0.24600000,2101.00000000,0.2488
1749263910,0.24590000,129.50000000,0.2488
1749263910,0.24580000,55835.70000000,0.2488
1749263910,0.24570000,9752.30000000,0.2488
1749263910,0.24560000,10282.80000000,0.2488
1749263910,0.24550000,1609.20000000,0.2488
1749263910,0.24540000,65.70000000,0.2488
1749263910,0.24530000,54.90000000,0.2488
1749263910,0.24520000,115353.90000000,0.2488
1749263910,0.24510000,41327.10000000,0.2488
1749263910,0.24500000,13543.20000000,0.2488
1749263910,0.24490000,7094.10000000,0.2488
1749263910,0.24480000,66758.80000000,0.2488
1749263910,0.24470000,40.80000000,0.2488
1749263910,0.24460000,54.80000000,0.2488
1749263910,0.24450000,861.40000000,0.2488
1749263910,0.24440000,68536.10000000,0.2488
1749263910,0.24430000,2769.10000000,0.2488
1749263910,0.24420000,40.80000000,0.2488
1749263910,0.24410000,144.40000000,0.2488
1749263910,0.24400000,2422.40000000,0.2488
1749263910,0.24390000,64049.70000000,0.2488
1749263910,0.24380000,243.60000000,0.2488
1749263910,0.24370000,13471.00000000,0.2488
1749263910,0.24360000,26245.10000000,0.2488
1749263910,0.24350000,9252.10000000,0.2488
1749263910,0.24340000,63.10000000,0.2488
1749263910,0.24330000,142.80000000,0.2488
1749263910,0.24320000,52.00000000,0.2488
1749263910,0.24310000,862.30000000,0.2488
1749263910,0.24300000,1582.80000000,0.2488
1749263910,0.24290000,84.00000000,0.2488
1749263910,0.24280000,55.10000000,0.2488
1749263910,0.24270000,41.10000000,0.2488
1749263910,0.24260000,3546.10000000,0.2488
1749263910,0.24250000,247.30000000,0.2488
1749263910,0.24240000,54.60000000,0.2488
1749263910,0.24230000,2492.60000000,0.2488
1749263910,0.24220000,390.10000000,0.2488
1749263910,0.24210000,130.80000000,0.2488
1749263910,0.24200000,29482.40000000,0.2488
1749263910,0.24190000,60.20000000,0.2488
1749263910,0.24180000,19049.60000000,0.2488
1749263910,0.24170000,2564.80000000,0.2488
1749263910,0.24160000,935.30000000,0.2488
1749263910,0.24150000,49.50000000,0.2488
1749263910,0.24140000,119.20000000,0.2488
1749263910,0.24130000,27260.60000000,0.2488
1749263910,0.24120000,22033.70000000,0.2488
1749263910,0.24110000,226.40000000,0.2488
1749263910,0.24100000,3282.60000000,0.2488
1749263910,0.24090000,2870.10000000,0.2488
1749263910,0.24080000,414.50000000,0.2488
1749263910,0.24060000,8.20000000,0.2488
1749263910,0.24050000,2022.30000000,0.2488
1749263910,0.24040000,56.10000000,0.2488
1749263910,0.24030000,2031.70000000,0.2488
1749263910,0.24020000,333.00000000,0.2488
1749263910,0.24000000,23806.30000000,0.2488
1749263910,0.23980000,8366.50000000,0.2488
1749263910,0.23960000,48.60000000,0.2488
1749263910,0.23940000,27560.30000000,0.2488
1749263910,0.23920000,555.90000000,0.2488
1749263910,0.23900000,11549.30000000,0.2488
1749263910,0.23880000,56.90000000,0.2488
1749263910,0.23870000,8.30000000,0.2488
1749263910,0.23860000,14.00000000,0.2488
1749263910,0.23850000,91.00000000,0.2488
1749263910,0.23840000,11.30000000,0.2488
1749263910,0.23820000,230.80000000,0.2488
1749263910,0.23810000,6005.40000000,0.2488
1749263910,0.23800000,2413.50000000,0.2488
1749264211,0.24830000,3520.60000000,0.2484
1749264211,0.24820000,35911.10000000,0.2484
1749264211,0.24810000,98983.70000000,0.2484
1749264211,0.24800000,108916.00000000,0.2484
1749264211,0.24790000,198909.00000000,0.2484
1749264211,0.24780000,164048.10000000,0.2484
1749264211,0.24770000,127471.90000000,0.2484
1749264211,0.24760000,209410.00000000,0.2484
1749264211,0.24750000,209420.60000000,0.2484
1749264211,0.24740000,2269.90000000,0.2484
1749264211,0.24730000,48556.50000000,0.2484
1749264211,0.24720000,171950.40000000,0.2484
1749264211,0.24710000,9317.10000000,0.2484
1749264211,0.24700000,2202.30000000,0.2484
1749264211,0.24690000,8148.00000000,0.2484
1749264211,0.24680000,176466.60000000,0.2484
1749264211,0.24670000,12315.70000000,0.2484
1749264211,0.24660000,4236.60000000,0.2484
1749264211,0.24650000,23977.40000000,0.2484
1749264211,0.24640000,160.60000000,0.2484
1749264211,0.24630000,46.60000000,0.2484
1749264211,0.24620000,9850.80000000,0.2484
1749264211,0.24610000,1268.20000000,0.2484
1749264211,0.24600000,2609.50000000,0.2484
1749264211,0.24590000,22173.80000000,0.2484
1749264211,0.24580000,55876.30000000,0.2484
1749264211,0.24570000,79914.70000000,0.2484
1749264211,0.24560000,64637.60000000,0.2484
1749264211,0.24550000,11422.00000000,0.2484
1749264211,0.24540000,65.70000000,0.2484
1749264211,0.24530000,48.70000000,0.2484
1749264211,0.24520000,164.00000000,0.2484
1749264211,0.24510000,852.30000000,0.2484
1749264211,0.24500000,6052.50000000,0.2484
1749264211,0.24490000,4822.20000000,0.2484
1749264211,0.24480000,29811.20000000,0.2484
1749264211,0.24470000,84228.00000000,0.2484
1749264211,0.24460000,21027.30000000,0.2484
1749264211,0.24450000,45.00000000,0.2484
1749264211,0.24440000,777.80000000,0.2484
1749264211,0.24430000,1463.60000000,0.2484
1749264211,0.24420000,40.80000000,0.2484
1749264211,0.24410000,245.80000000,0.2484
1749264211,0.24400000,2422.90000000,0.2484
1749264211,0.24390000,46.20000000,0.2484
1749264211,0.24380000,20514.40000000,0.2484
1749264211,0.24370000,382.10000000,0.2484
1749264211,0.24360000,9905.70000000,0.2484
1749264211,0.24350000,13346.00000000,0.2484
1749264211,0.24340000,27283.60000000,0.2484
1749264211,0.24330000,41.00000000,0.2484
1749264211,0.24320000,64239.70000000,0.2484
1749264211,0.24310000,41.10000000,0.2484
1749264211,0.24300000,1381.20000000,0.2484
1749264211,0.24290000,84.00000000,0.2484
1749264211,0.24280000,55.10000000,0.2484
1749264211,0.24270000,41.10000000,0.2484
1749264211,0.24260000,3546.10000000,0.2484
1749264211,0.24250000,658.90000000,0.2484
1749264211,0.24240000,54.60000000,0.2484
1749264211,0.24230000,2616.20000000,0.2484
1749264211,0.24220000,802.20000000,0.2484
1749264211,0.24210000,374.10000000,0.2484
1749264211,0.24200000,29069.90000000,0.2484
1749264211,0.24190000,60.20000000,0.2484
1749264211,0.24180000,18788.80000000,0.2484
1749264211,0.24170000,2976.50000000,0.2484
1749264211,0.24160000,934.00000000,0.2484
1749264211,0.24150000,48.30000000,0.2484
1749264211,0.24140000,119.20000000,0.2484
1749264211,0.24130000,40.10000000,0.2484
1749264211,0.24120000,22073.80000000,0.2484
1749264211,0.24110000,266.50000000,0.2484
1749264211,0.24100000,2390.50000000,0.2484
1749264211,0.24090000,2910.30000000,0.2484
1749264211,0.24080000,40.20000000,0.2484
1749264211,0.24060000,8.20000000,0.2484
1749264211,0.24050000,2022.30000000,0.2484
1749264211,0.24040000,56.10000000,0.2484
1749264211,0.24030000,2031.70000000,0.2484
1749264211,0.24020000,333.00000000,0.2484
1749264211,0.24000000,23193.10000000,0.2484
1749264211,0.23980000,10664.30000000,0.2484
1749264211,0.23960000,48.60000000,0.2484
1749264211,0.23940000,27560.30000000,0.2484
1749264211,0.23930000,8274.10000000,0.2484
1749264211,0.23920000,555.90000000,0.2484
1749264211,0.23900000,11549.30000000,0.2484
1749264211,0.23880000,56.90000000,0.2484
1749264211,0.23870000,8.30000000,0.2484
1749264211,0.23860000,14.00000000,0.2484
1749264211,0.23850000,91.00000000,0.2484
1749264211,0.23840000,11.30000000,0.2484
1749264211,0.23820000,230.80000000,0.2484
1749264211,0.23810000,6005.40000000,0.2484
1749264211,0.23800000,2413.50000000,0.2484
1749264211,0.23780000,6175.80000000,0.2484
1749264211,0.23760000,14023.10000000,0.2484
1749264211,0.23740000,14.00000000,0.2484
1749264211,0.23700000,901.50000000,0.2484
1749264513,0.24910000,10907.20000000,0.2492
1749264513,0.24900000,24192.70000000,0.2492
1749264513,0.24890000,78152.10000000,0.2492
1749264513,0.24880000,176575.00000000,0.2492
1749264513,0.24870000,136777.90000000,0.2492
1749264513,0.24860000,136569.60000000,0.2492
1749264513,0.24850000,122530.70000000,0.2492
1749264513,0.24840000,50134.10000000,0.2492
1749264513,0.24830000,85661.70000000,0.2492
1749264513,0.24820000,29420.20000000,0.2492
1749264513,0.24810000,131158.70000000,0.2492
1749264513,0.24800000,10353.70000000,0.2492
1749264513,0.24790000,61437.00000000,0.2492
1749264513,0.24780000,10264.10000000,0.2492
1749264513,0.24770000,30189.70000000,0.2492
1749264513,0.24760000,110248.80000000,0.2492
1749264513,0.24750000,67782.80000000,0.2492
1749264513,0.24740000,119851.20000000,0.2492
1749264513,0.24730000,184247.30000000,0.2492
1749264513,0.24720000,2273.80000000,0.2492
1749264513,0.24710000,43643.20000000,0.2492
1749264513,0.24700000,60.50000000,0.2492
1749264513,0.24690000,3395.40000000,0.2492
1749264513,0.24680000,28313.30000000,0.2492
1749264513,0.24670000,99.90000000,0.2492
1749264513,0.24660000,22106.00000000,0.2492
1749264513,0.24650000,19220.30000000,0.2492
1749264513,0.24640000,176.50000000,0.2492
1749264513,0.24630000,46.60000000,0.2492
1749264513,0.24620000,11545.00000000,0.2492
1749264513,0.24610000,114226.40000000,0.2492
1749264513,0.24600000,3000.30000000,0.2492
1749264513,0.24590000,76.10000000,0.2492
1749264513,0.24580000,55876.30000000,0.2492
1749264513,0.24570000,9800.00000000,0.2492
1749264513,0.24560000,670.70000000,0.2492
1749264513,0.24550000,13957.80000000,0.2492
1749264513,0.24540000,13511.70000000,0.2492
1749264513,0.24530000,14019.20000000,0.2492
1749264513,0.24520000,28418.50000000,0.2492
1749264513,0.24510000,67970.60000000,0.2492
1749264513,0.24500000,1604.30000000,0.2492
1749264513,0.24490000,3051.70000000,0.2492
1749264513,0.24480000,6003.40000000,0.2492
1749264513,0.24470000,68207.00000000,0.2492
1749264513,0.24460000,1766.80000000,0.2492
1749264513,0.24450000,45.00000000,0.2492
1749264513,0.24440000,975.10000000,0.2492
1749264513,0.24430000,1055.00000000,0.2492
1749264513,0.24420000,653.90000000,0.2492
1749264513,0.24410000,83854.00000000,0.2492
1749264513,0.24400000,2463.10000000,0.2492
1749264513,0.24390000,455.40000000,0.2492
1749264513,0.24380000,864.60000000,0.2492
1749264513,0.24370000,382.10000000,0.2492
1749264513,0.24360000,7037.40000000,0.2492
1749264513,0.24350000,7933.40000000,0.2492
1749264513,0.24340000,27283.60000000,0.2492
1749264513,0.24330000,41.00000000,0.2492
1749264513,0.24320000,64239.70000000,0.2492
1749264513,0.24310000,41.10000000,0.2492
1749264513,0.24300000,1299.00000000,0.2492
1749264513,0.24290000,84.00000000,0.2492
1749264513,0.24280000,548.50000000,0.2492
1749264513,0.24270000,41.10000000,0.2492
1749264513,0.24260000,3546.10000000,0.2492
1749264513,0.24250000,488.20000000,0.2492
1749264513,0.24240000,466.40000000,0.2492
1749264513,0.24230000,2492.60000000,0.2492
1749264513,0.24220000,390.10000000,0.2492
1749264513,0.24210000,130.80000000,0.2492
1749264513,0.24200000,29069.90000000,0.2492
1749264513,0.24190000,60.20000000,0.2492
1749264513,0.24180000,18912.70000000,0.2492
1749264513,0.24170000,2563.50000000,0.2492
1749264513,0.24160000,934.00000000,0.2492
1749264513,0.24150000,421.50000000,0.2492
1749264513,0.24140000,79.10000000,0.2492
1749264513,0.24120000,22033.70000000,0.2492
1749264513,0.24110000,226.40000000,0.2492
1749264513,0.24100000,2764.60000000,0.2492
1749264513,0.24090000,2455.80000000,0.2492
1749264513,0.24060000,8.20000000,0.2492
1749264513,0.24050000,2022.30000000,0.2492
1749264513,0.24040000,56.10000000,0.2492
1749264513,0.24030000,2031.70000000,0.2492
1749264513,0.24020000,2627.00000000,0.2492
1749264513,0.24000000,21089.90000000,0.2492
1749264513,0.23980000,8366.50000000,0.2492
1749264513,0.23960000,48.60000000,0.2492
1749264513,0.23940000,27560.30000000,0.2492
1749264513,0.23920000,555.90000000,0.2492
1749264513,0.23900000,11549.30000000,0.2492
1749264513,0.23880000,56.90000000,0.2492
1749264513,0.23870000,8.30000000,0.2492
1749264513,0.23860000,14.00000000,0.2492
1749264513,0.23850000,91.00000000,0.2492
1749264513,0.23840000,11.30000000,0.2492
1749264513,0.23820000,230.80000000,0.2492
1749264513,0.23810000,6047.30000000,0.2492
1749264814,0.24950000,22247.30000000,0.2496
1749264814,0.24940000,35114.30000000,0.2496
1749264814,0.24930000,102304.50000000,0.2496
1749264814,0.24920000,149630.80000000,0.2496
1749264814,0.24910000,75545.60000000,0.2496
1749264814,0.24900000,129378.30000000,0.2496
1749264814,0.24890000,90339.90000000,0.2496
1749264814,0.24880000,72713.10000000,0.2496
1749264814,0.24870000,51023.10000000,0.2496
1749264814,0.24860000,117944.80000000,0.2496
1749264814,0.24850000,8221.00000000,0.2496
1749264814,0.24840000,8690.10000000,0.2496
1749264814,0.24830000,31952.50000000,0.2496
1749264814,0.24820000,62870.70000000,0.2496
1749264814,0.24810000,25514.30000000,0.2496
1749264814,0.24800000,147209.40000000,0.2496
1749264814,0.24790000,18335.30000000,0.2496
1749264814,0.24780000,44942.50000000,0.2496
1749264814,0.24770000,133695.90000000,0.2496
1749264814,0.24760000,14029.80000000,0.2496
1749264814,0.24750000,2180.50000000,0.2496
1749264814,0.24740000,55335.40000000,0.2496
1749264814,0.24730000,143126.90000000,0.2496
1749264814,0.24720000,10881.70000000,0.2496
1749264814,0.24710000,3210.30000000,0.2496
1749264814,0.24700000,22064.70000000,0.2496
1749264814,0.24690000,122310.30000000,0.2496
1749264814,0.24680000,18694.20000000,0.2496
1749264814,0.24670000,99.90000000,0.2496
1749264814,0.24660000,71.00000000,0.2496
1749264814,0.24650000,19220.30000000,0.2496
1749264814,0.24640000,160.60000000,0.2496
1749264814,0.24630000,46.60000000,0.2496
1749264814,0.24620000,72972.60000000,0.2496
1749264814,0.24610000,10619.80000000,0.2496
1749264814,0.24600000,2609.50000000,0.2496
1749264814,0.24590000,2430.60000000,0.2496
1749264814,0.24580000,59863.30000000,0.2496
1749264814,0.24570000,9800.00000000,0.2496
1749264814,0.24560000,140.60000000,0.2496
1749264814,0.24550000,1318.40000000,0.2496
1749264814,0.24540000,59.50000000,0.2496
1749264814,0.24530000,48.70000000,0.2496
1749264814,0.24520000,1142.50000000,0.2496
1749264814,0.24510000,241.40000000,0.2496
1749264814,0.24500000,4459.30000000,0.2496
1749264814,0.24490000,3051.70000000,0.2496
1749264814,0.24480000,2639.60000000,0.2496
1749264814,0.24470000,68207.00000000,0.2496
1749264814,0.24460000,63875.10000000,0.2496
1749264814,0.24450000,7333.30000000,0.2496
1749264814,0.24440000,677.80000000,0.2496
1749264814,0.24430000,72.90000000,0.2496
1749264814,0.24420000,40.80000000,0.2496
1749264814,0.24410000,144.40000000,0.2496
1749264814,0.24400000,2463.10000000,0.2496
1749264814,0.24390000,46.20000000,0.2496
1749264814,0.24380000,45.80000000,0.2496
1749264814,0.24370000,382.10000000,0.2496
1749264814,0.24360000,7037.40000000,0.2496
1749264814,0.24350000,246.30000000,0.2496
1749264814,0.24340000,27283.60000000,0.2496
1749264814,0.24330000,41.00000000,0.2496
1749264814,0.24320000,52.00000000,0.2496
1749264814,0.24310000,64255.20000000,0.2496
1749264814,0.24300000,1359.00000000,0.2496
1749264814,0.24290000,84.00000000,0.2496
1749264814,0.24280000,55.10000000,0.2496
1749264814,0.24270000,41.10000000,0.2496
1749264814,0.24260000,3546.10000000,0.2496
1749264814,0.24250000,247.30000000,0.2496
1749264814,0.24240000,54.60000000,0.2496
1749264814,0.24230000,2492.60000000,0.2496
1749264814,0.24220000,390.10000000,0.2496
1749264814,0.24210000,129.60000000,0.2496
1749264814,0.24200000,29068.70000000,0.2496
1749264814,0.24190000,142.90000000,0.2496
1749264814,0.24180000,18748.80000000,0.2496
1749264814,0.24170000,2523.50000000,0.2496
1749264814,0.24160000,894.00000000,0.2496
1749264814,0.24150000,8.20000000,0.2496
1749264814,0.24140000,79.10000000,0.2496
1749264814,0.24120000,22033.70000000,0.2496
1749264814,0.24110000,226.40000000,0.2496
1749264814,0.24100000,2350.40000000,0.2496
1749264814,0.24090000,4743.20000000,0.2496
1749264814,0.24060000,8.20000000,0.2496
1749264814,0.24050000,2022.30000000,0.2496
1749264814,0.24040000,56.10000000,0.2496
1749264814,0.24030000,2031.70000000,0.2496
1749264814,0.24020000,333.00000000,0.2496
1749264814,0.24000000,21089.90000000,0.2496
1749264814,0.23980000,8366.50000000,0.2496
1749264814,0.23960000,48.60000000,0.2496
1749264814,0.23950000,8084.60000000,0.2496
1749264814,0.23940000,27560.30000000,0.2496
1749264814,0.23920000,530.80000000,0.2496
1749264814,0.23900000,10934.80000000,0.2496
1749264814,0.23880000,56.90000000,0.2496
1749264814,0.23870000,8.30000000,0.2496
1749265116,0.25020000,29029.80000000,0.2503
1749265116,0.25010000,68019.10000000,0.2503
1749265116,0.25000000,193422.90000000,0.2503
1749265116,0.24990000,234329.50000000,0.2503
1749265116,0.24980000,123134.60000000,0.2503
1749265116,0.24970000,158280.80000000,0.2503
1749265116,0.24960000,89598.10000000,0.2503
1749265116,0.24950000,80865.90000000,0.2503
1749265116,0.24940000,81147.60000000,0.2503
1749265116,0.24930000,20423.20000000,0.2503
1749265116,0.24920000,256313.00000000,0.2503
1749265116,0.24910000,26482.50000000,0.2503
1749265116,0.24900000,8349.70000000,0.2503
1749265116,0.24890000,125955.40000000,0.2503
1749265116,0.24880000,177196.70000000,0.2503
1749265116,0.24870000,49999.90000000,0.2503
1749265116,0.24860000,5285.70000000,0.2503
1749265116,0.24850000,23826.70000000,0.2503
1749265116,0.24840000,5279.70000000,0.2503
1749265116,0.24830000,51.50000000,0.2503
1749265116,0.24820000,2215.10000000,0.2503
1749265116,0.24810000,17725.30000000,0.2503
1749265116,0.24800000,2675.30000000,0.2503
1749265116,0.24790000,50.50000000,0.2503
1749265116,0.24780000,36027.30000000,0.2503
1749265116,0.24770000,123907.00000000,0.2503
1749265116,0.24760000,9634.60000000,0.2503
1749265116,0.24750000,75.80000000,0.2503
1749265116,0.24740000,46.40000000,0.2503
1749265116,0.24730000,73525.70000000,0.2503
1749265116,0.24720000,154.50000000,0.2503
1749265116,0.24710000,3210.30000000,0.2503
1749265116,0.24700000,55549.30000000,0.2503
1749265116,0.24690000,46.50000000,0.2503
1749265116,0.24680000,5324.50000000,0.2503
1749265116,0.24670000,2446.80000000,0.2503
1749265116,0.24660000,592.80000000,0.2503
1749265116,0.24650000,13624.60000000,0.2503
1749265116,0.24640000,4777.20000000,0.2503
1749265116,0.24630000,40.50000000,0.2503
1749265116,0.24620000,1756.10000000,0.2503
1749265116,0.24610000,53.80000000,0.2503
1749265116,0.24600000,71237.10000000,0.2503
1749265116,0.24590000,130.30000000,0.2503
1749265116,0.24580000,55619.60000000,0.2503
1749265116,0.24570000,63663.50000000,0.2503
1749265116,0.24560000,237.00000000,0.2503
1749265116,0.24550000,7299.30000000,0.2503
1749265116,0.24540000,664.60000000,0.2503
1749265116,0.24530000,48.70000000,0.2503
1749265116,0.24520000,408.20000000,0.2503
1749265116,0.24510000,40.70000000,0.2503
1749265116,0.24500000,4459.30000000,0.2503
1749265116,0.24490000,3051.70000000,0.2503
1749265116,0.24480000,161.00000000,0.2503
1749265116,0.24470000,856.60000000,0.2503
1749265116,0.24460000,136.50000000,0.2503
1749265116,0.24450000,40.80000000,0.2503
1749265116,0.24440000,70.20000000,0.2503
1749265116,0.24430000,72.90000000,0.2503
1749265116,0.24420000,40.80000000,0.2503
1749265116,0.24410000,103.50000000,0.2503
1749265116,0.24400000,4048.40000000,0.2503
1749265116,0.24390000,455.40000000,0.2503
1749265116,0.24380000,45.80000000,0.2503
1749265116,0.24370000,64438.10000000,0.2503
1749265116,0.24360000,5759.70000000,0.2503
1749265116,0.24350000,254.50000000,0.2503
1749265116,0.24340000,27283.60000000,0.2503
1749265116,0.24330000,41.00000000,0.2503
1749265116,0.24320000,52.00000000,0.2503
1749265116,0.24310000,18732.10000000,0.2503
1749265116,0.24300000,1409.00000000,0.2503
1749265116,0.24290000,82.70000000,0.2503
1749265116,0.24280000,53.90000000,0.2503
1749265116,0.24270000,451.20000000,0.2503
1749265116,0.24260000,3505.00000000,0.2503
1749265116,0.24250000,206.10000000,0.2503
1749265116,0.24240000,27568.70000000,0.2503
1749265116,0.24230000,2451.40000000,0.2503
1749265116,0.24220000,430.60000000,0.2503
1749265116,0.24210000,89.60000000,0.2503
1749265116,0.24200000,29028.70000000,0.2503
1749265116,0.24190000,19.00000000,0.2503
1749265116,0.24180000,153.30000000,0.2503
1749265116,0.24170000,2523.50000000,0.2503
1749265116,0.24160000,894.00000000,0.2503
1749265116,0.24150000,16.50000000,0.2503
1749265116,0.24140000,2371.60000000,0.2503
1749265116,0.24120000,22033.70000000,0.2503
1749265116,0.24110000,226.40000000,0.2503
1749265116,0.24100000,3178.80000000,0.2503
1749265116,0.24090000,5380.70000000,0.2503
1749265116,0.24080000,6620.70000000,0.2503
1749265116,0.24060000,8.20000000,0.2503
1749265116,0.24050000,8124.80000000,0.2503
1749265116,0.24040000,32.80000000,0.2503
1749265116,0.24030000,2100.00000000,0.2503
1749265116,0.24020000,333.00000000,0.2503
1749265116,0.24000000,21150.60000000,0.2503
1749265417,0.25050000,15731.70000000,0.2506
1749265417,0.25040000,53028.60000000,0.2506
1749265417,0.25030000,98682.50000000,0.2506
1749265417,0.25020000,175201.00000000,0.2506
1749265417,0.25010000,221054.70000000,0.2506
1749265417,0.25000000,71320.40000000,0.2506
1749265417,0.24990000,189224.40000000,0.2506
1749265417,0.24980000,15567.30000000,0.2506
1749265417,0.24970000,29014.50000000,0.2506
1749265417,0.24960000,76159.50000000,0.2506
1749265417,0.24950000,121594.70000000,0.2506
1749265417,0.24940000,24456.30000000,0.2506
1749265417,0.24930000,103784.70000000,0.2506
1749265417,0.24920000,176663.10000000,0.2506
1749265417,0.24910000,32561.10000000,0.2506
1749265417,0.24900000,6250.90000000,0.2506
1749265417,0.24890000,8165.50000000,0.2506
1749265417,0.24880000,175081.30000000,0.2506
1749265417,0.24870000,47900.20000000,0.2506
1749265417,0.24860000,25044.60000000,0.2506
1749265417,0.24850000,23826.70000000,0.2506
1749265417,0.24840000,3180.90000000,0.2506
1749265417,0.24830000,51.50000000,0.2506
1749265417,0.24820000,1438.40000000,0.2506
1749265417,0.24810000,12759.40000000,0.2506
1749265417,0.24800000,1424.00000000,0.2506
1749265417,0.24790000,8116.10000000,0.2506
1749265417,0.24780000,6029.00000000,0.2506
1749265417,0.24770000,123801.00000000,0.2506
1749265417,0.24760000,9634.60000000,0.2506
1749265417,0.24750000,182.00000000,0.2506
1749265417,0.24740000,46.40000000,0.2506
1749265417,0.24730000,75866.90000000,0.2506
1749265417,0.24720000,154.50000000,0.2506
1749265417,0.24710000,3731.10000000,0.2506
1749265417,0.24700000,55549.30000000,0.2506
1749265417,0.24690000,46.50000000,0.2506
1749265417,0.24680000,5324.50000000,0.2506
1749265417,0.24670000,99.90000000,0.2506
1749265417,0.24660000,71.00000000,0.2506
1749265417,0.24650000,46.60000000,0.2506
1749265417,0.24640000,4372.10000000,0.2506
1749265417,0.24630000,850.90000000,0.2506
1749265417,0.24620000,55.20000000,0.2506
1749265417,0.24610000,1951.40000000,0.2506
1749265417,0.24600000,71845.70000000,0.2506
1749265417,0.24590000,130.30000000,0.2506
1749265417,0.24580000,55619.60000000,0.2506
1749265417,0.24570000,63663.50000000,0.2506
1749265417,0.24560000,141.40000000,0.2506
1749265417,0.24550000,7705.90000000,0.2506
1749265417,0.24540000,1071.30000000,0.2506
1749265417,0.24530000,48.70000000,0.2506
1749265417,0.24520000,408.20000000,0.2506
1749265417,0.24510000,447.90000000,0.2506
1749265417,0.24500000,4459.30000000,0.2506
1749265417,0.24490000,3051.70000000,0.2506
1749265417,0.24480000,59.80000000,0.2506
1749265417,0.24470000,40.80000000,0.2506
1749265417,0.24460000,54.80000000,0.2506
1749265417,0.24450000,13321.60000000,0.2506
1749265417,0.24440000,70.20000000,0.2506
1749265417,0.24430000,72.90000000,0.2506
1749265417,0.24420000,40.80000000,0.2506
1749265417,0.24410000,1381.20000000,0.2506
1749265417,0.24400000,2361.60000000,0.2506
1749265417,0.24390000,455.40000000,0.2506
1749265417,0.24380000,864.60000000,0.2506
1749265417,0.24370000,66938.10000000,0.2506
1749265417,0.24360000,41.00000000,0.2506
1749265417,0.24350000,254.50000000,0.2506
1749265417,0.24340000,27406.70000000,0.2506
1749265417,0.24330000,41.00000000,0.2506
1749265417,0.24320000,52.00000000,0.2506
1749265417,0.24310000,18608.90000000,0.2506
1749265417,0.24300000,1819.80000000,0.2506
1749265417,0.24290000,42.90000000,0.2506
1749265417,0.24280000,14.00000000,0.2506
1749265417,0.24260000,3916.40000000,0.2506
1749265417,0.24250000,206.10000000,0.2506
1749265417,0.24240000,27568.70000000,0.2506
1749265417,0.24230000,2451.40000000,0.2506
1749265417,0.24220000,18.50000000,0.2506
1749265417,0.24210000,89.60000000,0.2506
1749265417,0.24200000,29028.70000000,0.2506
1749265417,0.24190000,19.00000000,0.2506
1749265417,0.24180000,153.30000000,0.2506
1749265417,0.24170000,2523.50000000,0.2506
1749265417,0.24160000,894.00000000,0.2506
1749265417,0.24150000,16.50000000,0.2506
1749265417,0.24140000,89.00000000,0.2506
1749265417,0.24130000,2283.60000000,0.2506
1749265417,0.24120000,22033.70000000,0.2506
1749265417,0.24110000,725.40000000,0.2506
1749265417,0.24100000,2350.40000000,0.2506
1749265417,0.24090000,5380.70000000,0.2506
1749265417,0.24080000,7449.80000000,0.2506
1749265417,0.24060000,8.20000000,0.2506
1749265417,0.24050000,14361.80000000,0.2506
1749265417,0.24040000,32.80000000,0.2506
1749265723,0.25140000,8045.80000000,0.2515
1749265723,0.25130000,41629.10000000,0.2515
1749265723,0.25120000,99068.80000000,0.2515
1749265723,0.25110000,138628.60000000,0.2515
1749265723,0.25100000,187866.30000000,0.2515
1749265723,0.25090000,94397.70000000,0.2515
1749265723,0.25080000,81908.70000000,0.2515
1749265723,0.25070000,14887.80000000,0.2515
1749265723,0.25060000,47637.10000000,0.2515
1749265723,0.25050000,119836.20000000,0.2515
1749265723,0.25040000,76661.20000000,0.2515
1749265723,0.25030000,80327.80000000,0.2515
1749265723,0.25020000,102161.50000000,0.2515
1749265723,0.25010000,32142.90000000,0.2515
1749265723,0.25000000,16285.90000000,0.2515
1749265723,0.24990000,49203.80000000,0.2515
1749265723,0.24980000,130877.90000000,0.2515
1749265723,0.24970000,26796.70000000,0.2515
1749265723,0.24960000,6221.40000000,0.2515
1749265723,0.24950000,33046.90000000,0.2515
1749265723,0.24940000,14186.30000000,0.2515
1749265723,0.24930000,147959.90000000,0.2515
1749265723,0.24920000,7482.50000000,0.2515
1749265723,0.24910000,21469.80000000,0.2515
1749265723,0.24900000,3110.20000000,0.2515
1749265723,0.24890000,8186.60000000,0.2515
1749265723,0.24880000,160.20000000,0.2515
1749265723,0.24870000,52.90000000,0.2515
1749265723,0.24860000,21927.20000000,0.2515
1749265723,0.24850000,114212.70000000,0.2515
1749265723,0.24840000,2075.20000000,0.2515
1749265723,0.24830000,51.50000000,0.2515
1749265723,0.24820000,54449.30000000,0.2515
1749265723,0.24810000,22332.00000000,0.2515
1749265723,0.24800000,11562.60000000,0.2515
1749265723,0.24790000,50.50000000,0.2515
1749265723,0.24780000,64114.00000000,0.2515
1749265723,0.24770000,2383.80000000,0.2515
1749265723,0.24760000,4719.80000000,0.2515
1749265723,0.24750000,479.10000000,0.2515
1749265723,0.24740000,543.80000000,0.2515
1749265723,0.24730000,67839.10000000,0.2515
1749265723,0.24720000,148.40000000,0.2515
1749265723,0.24710000,2540.40000000,0.2515
1749265723,0.24700000,131.30000000,0.2515
1749265723,0.24690000,54728.40000000,0.2515
1749265723,0.24680000,6290.70000000,0.2515
1749265723,0.24670000,2375.70000000,0.2515
1749265723,0.24660000,7291.10000000,0.2515
1749265723,0.24650000,40330.60000000,0.2515
1749265723,0.24640000,65810.40000000,0.2515
1749265723,0.24630000,40.50000000,0.2515
1749265723,0.24620000,55.20000000,0.2515
1749265723,0.24610000,53.80000000,0.2515
1749265723,0.24600000,3781.10000000,0.2515
1749265723,0.24590000,70.00000000,0.2515
1749265723,0.24580000,64.60000000,0.2515
1749265723,0.24570000,128.90000000,0.2515
1749265723,0.24560000,27261.10000000,0.2515
1749265723,0.24550000,40.70000000,0.2515
1749265723,0.24540000,59.50000000,0.2515
1749265723,0.24530000,2083.40000000,0.2515
1749265723,0.24520000,408.20000000,0.2515
1749265723,0.24510000,447.90000000,0.2515
1749265723,0.24500000,3334.50000000,0.2515
1749265723,0.24490000,3459.30000000,0.2515
1749265723,0.24480000,59.80000000,0.2515
1749265723,0.24470000,279.60000000,0.2515
1749265723,0.24460000,63875.10000000,0.2515
1749265723,0.24450000,13321.60000000,0.2515
1749265723,0.24440000,18879.10000000,0.2515
1749265723,0.24430000,2545.00000000,0.2515
1749265723,0.24420000,40.80000000,0.2515
1749265723,0.24410000,103.50000000,0.2515
1749265723,0.24400000,2534.40000000,0.2515
1749265723,0.24390000,863.40000000,0.2515
1749265723,0.24380000,4.90000000,0.2515
1749265723,0.24370000,2841.20000000,0.2515
1749265723,0.24350000,213.50000000,0.2515
1749265723,0.24340000,22.10000000,0.2515
1749265723,0.24320000,11.00000000,0.2515
1749265723,0.24310000,123.20000000,0.2515
1749265723,0.24300000,1367.90000000,0.2515
1749265723,0.24290000,42.90000000,0.2515
1749265723,0.24280000,14.00000000,0.2515
1749265723,0.24260000,3505.00000000,0.2515
1749265723,0.24250000,206.10000000,0.2515
1749265723,0.24240000,29823.10000000,0.2515
1749265723,0.24230000,2451.40000000,0.2515
1749265723,0.24220000,18.50000000,0.2515
1749265723,0.24210000,89.60000000,0.2515
1749265723,0.24200000,29853.70000000,0.2515
1749265723,0.24190000,19.00000000,0.2515
1749265723,0.24180000,153.30000000,0.2515
1749265723,0.24170000,2513.50000000,0.2515
1749265723,0.24160000,894.00000000,0.2515
1749265723,0.24150000,16.50000000,0.2515
1749265723,0.24140000,14112.10000000,0.2515
1749265723,0.24120000,22033.70000000,0.2515
1749265723,0.24110000,725.40000000,0.2515
1749266025,0.25360000,10153.60000000,0.2537
1749266025,0.25350000,59306.50000000,0.2537
1749266025,0.25340000,125726.60000000,0.2537
1749266025,0.25330000,128594.30000000,0.2537
1749266025,0.25320000,180090.10000000,0.2537
1749266025,0.25310000,117230.80000000,0.2537
1749266025,0.25300000,95164.70000000,0.2537
1749266025,0.25290000,80578.70000000,0.2537
1749266025,0.25280000,31449.70000000,0.2537
1749266025,0.25270000,38260.10000000,0.2537
1749266025,0.25260000,17411.30000000,0.2537
1749266025,0.25250000,108835.70000000,0.2537
1749266025,0.25240000,18571.90000000,0.2537
1749266025,0.25230000,21389.50000000,0.2537
1749266025,0.25220000,70880.00000000,0.2537
1749266025,0.25210000,13005.00000000,0.2537
1749266025,0.25200000,16197.60000000,0.2537
1749266025,0.25190000,70331.00000000,0.2537
1749266025,0.25180000,14191.80000000,0.2537
1749266025,0.25170000,2071.40000000,0.2537
1749266025,0.25160000,71150.50000000,0.2537
1749266025,0.25150000,55630.70000000,0.2537
1749266025,0.25140000,91404.50000000,0.2537
1749266025,0.25130000,50.90000000,0.2537
1749266025,0.25120000,6233.60000000,0.2537
1749266025,0.25110000,32254.20000000,0.2537
1749266025,0.25100000,117754.20000000,0.2537
1749266025,0.25090000,8015.90000000,0.2537
1749266025,0.25080000,160635.80000000,0.2537
1749266025,0.25070000,4777.60000000,0.2537
1749266025,0.25060000,6129.00000000,0.2537
1749266025,0.25050000,9417.70000000,0.2537
1749266025,0.25040000,26262.00000000,0.2537
1749266025,0.25030000,186.50000000,0.2537
1749266025,0.25020000,325.10000000,0.2537
1749266025,0.25010000,150398.30000000,0.2537
1749266025,0.25000000,229245.70000000,0.2537
1749266025,0.24990000,56.60000000,0.2537
1749266025,0.24980000,23924.00000000,0.2537
1749266025,0.24970000,4420.00000000,0.2537
1749266025,0.24960000,146.10000000,0.2537
1749266025,0.24950000,40.00000000,0.2537
1749266025,0.24940000,54487.40000000,0.2537
1749266025,0.24930000,62657.10000000,0.2537
1749266025,0.24920000,1207.70000000,0.2537
1749266025,0.24910000,458.20000000,0.2537
1749266025,0.24900000,6270.20000000,0.2537
1749266025,0.24890000,40.10000000,0.2537
1749266025,0.24880000,54.10000000,0.2537
1749266025,0.24870000,67805.10000000,0.2537
1749266025,0.24860000,40.10000000,0.2537
1749266025,0.24850000,6261.50000000,0.2537
1749266025,0.24840000,40.20000000,0.2537
1749266025,0.24830000,80.40000000,0.2537
1749266025,0.24820000,3491.80000000,0.2537
1749266025,0.24810000,618.70000000,0.2537
1749266025,0.24800000,450.90000000,0.2537
1749266025,0.24790000,63417.70000000,0.2537
1749266025,0.24780000,2167.00000000,0.2537
1749266025,0.24770000,443.30000000,0.2537
1749266025,0.24760000,9500.20000000,0.2537
1749266025,0.24750000,1567.10000000,0.2537
1749266025,0.24740000,40.30000000,0.2537
1749266025,0.24730000,80.80000000,0.2537
1749266025,0.24720000,552.40000000,0.2537
1749266025,0.24710000,468.30000000,0.2537
1749266025,0.24700000,71.20000000,0.2537
1749266025,0.24690000,40.40000000,0.2537
1749266025,0.24680000,5218.40000000,0.2537
1749266025,0.24670000,93.80000000,0.2537
1749266025,0.24660000,73.70000000,0.2537
1749266025,0.24650000,445.40000000,0.2537
1749266025,0.24640000,254.30000000,0.2537
1749266025,0.24630000,2729.70000000,0.2537
1749266025,0.24620000,55.20000000,0.2537
1749266025,0.24610000,454.80000000,0.2537
1749266025,0.24600000,56.50000000,0.2537
1749266025,0.24590000,155.90000000,0.2537
1749266025,0.24580000,19120.80000000,0.2537
1749266025,0.24570000,88.30000000,0.2537
1749266025,0.24560000,90781.00000000,0.2537
1749266025,0.24540000,18.80000000,0.2537
1749266025,0.24530000,414.90000000,0.2537
1749266025,0.24520000,46.10000000,0.2537
1749266025,0.24500000,3039.80000000,0.2537
1749266025,0.24490000,11.00000000,0.2537
1749266025,0.24480000,19.00000000,0.2537
1749266025,0.24460000,14.00000000,0.2537
1749266025,0.24450000,13280.80000000,0.2537
1749266025,0.24440000,29.40000000,0.2537
1749266025,0.24430000,1666.60000000,0.2537
1749266025,0.24410000,62.60000000,0.2537
1749266025,0.24400000,2370.70000000,0.2537
1749266025,0.24390000,5.30000000,0.2537
1749266025,0.24380000,10435.50000000,0.2537
1749266025,0.24370000,341.20000000,0.2537
1749266025,0.24350000,703.50000000,0.2537
1749266025,0.24340000,2420.70000000,0.2537
1749266025,0.24330000,820.50000000,0.2537
1749266025,0.24320000,11.00000000,0.2537
1749266327,0.25290000,35945.20000000,0.253
1749266327,0.25280000,70373.50000000,0.253
1749266327,0.25270000,203090.60000000,0.253
1749266327,0.25260000,122748.60000000,0.253
1749266327,0.25250000,96798.60000000,0.253
1749266327,0.25240000,107526.50000000,0.253
1749266327,0.25230000,83681.30000000,0.253
1749266327,0.25220000,119215.30000000,0.253
1749266327,0.25210000,2266.90000000,0.253
1749266327,0.25200000,147290.50000000,0.253
1749266327,0.25190000,116395.00000000,0.253
1749266327,0.25180000,119918.50000000,0.253
1749266327,0.25170000,23493.80000000,0.253
1749266327,0.25160000,207414.60000000,0.253
1749266327,0.25150000,10068.10000000,0.253
1749266327,0.25140000,25281.90000000,0.253
1749266327,0.25130000,2130.10000000,0.253
1749266327,0.25120000,15840.60000000,0.253
1749266327,0.25110000,74561.50000000,0.253
1749266327,0.25100000,114318.10000000,0.253
1749266327,0.25090000,15703.50000000,0.253
1749266327,0.25080000,5294.90000000,0.253
1749266327,0.25070000,21720.40000000,0.253
1749266327,0.25060000,7352.70000000,0.253
1749266327,0.25050000,12592.40000000,0.253
1749266327,0.25040000,9690.00000000,0.253
1749266327,0.25030000,75.50000000,0.253
1749266327,0.25020000,39.90000000,0.253
1749266327,0.25010000,78294.50000000,0.253
1749266327,0.25000000,233330.10000000,0.253
1749266327,0.24990000,50.60000000,0.253
1749266327,0.24980000,45.10000000,0.253
1749266327,0.24970000,49.50000000,0.253
1749266327,0.24960000,536.60000000,0.253
1749266327,0.24950000,338.50000000,0.253
1749266327,0.24940000,57882.40000000,0.253
1749266327,0.24930000,1032.70000000,0.253
1749266327,0.24920000,543.60000000,0.253
1749266327,0.24910000,53692.50000000,0.253
1749266327,0.24900000,153284.50000000,0.253
1749266327,0.24890000,24784.10000000,0.253
1749266327,0.24880000,949.90000000,0.253
1749266327,0.24870000,87.00000000,0.253
1749266327,0.24860000,10198.20000000,0.253
1749266327,0.24850000,1603.30000000,0.253
1749266327,0.24840000,17344.80000000,0.253
1749266327,0.24830000,475.10000000,0.253
1749266327,0.24820000,1411.60000000,0.253
1749266327,0.24810000,29053.70000000,0.253
1749266327,0.24800000,14588.40000000,0.253
1749266327,0.24790000,63332.20000000,0.253
1749266327,0.24780000,27293.30000000,0.253
1749266327,0.24770000,8057.10000000,0.253
1749266327,0.24760000,8097.20000000,0.253
1749266327,0.24750000,3574.70000000,0.253
1749266327,0.24740000,40.30000000,0.253
1749266327,0.24730000,10575.90000000,0.253
1749266327,0.24720000,19080.50000000,0.253
1749266327,0.24710000,64.40000000,0.253
1749266327,0.24700000,522.00000000,0.253
1749266327,0.24690000,39.20000000,0.253
1749266327,0.24680000,68468.60000000,0.253
1749266327,0.24670000,92.60000000,0.253
1749266327,0.24660000,473.90000000,0.253
1749266327,0.24650000,39.30000000,0.253
1749266327,0.24640000,53.30000000,0.253
1749266327,0.24630000,39.30000000,0.253
1749266327,0.24620000,2486.70000000,0.253
1749266327,0.24610000,173.20000000,0.253
1749266327,0.24600000,297.20000000,0.253
1749266327,0.24590000,73.50000000,0.253
1749266327,0.24580000,4936.80000000,0.253
1749266327,0.24570000,127.70000000,0.253
1749266327,0.24560000,39.40000000,0.253
1749266327,0.24550000,39.40000000,0.253
1749266327,0.24540000,27851.60000000,0.253
1749266327,0.24530000,411.50000000,0.253
1749266327,0.24520000,449.80000000,0.253
1749266327,0.24500000,4149.00000000,0.253
1749266327,0.24490000,11.00000000,0.253
1749266327,0.24480000,3066.80000000,0.253
1749266327,0.24460000,4102.30000000,0.253
1749266327,0.24440000,29.40000000,0.253
1749266327,0.24430000,32.10000000,0.253
1749266327,0.24420000,1621.70000000,0.253
1749266327,0.24410000,8174.00000000,0.253
1749266327,0.24400000,2370.70000000,0.253
1749266327,0.24390000,5.30000000,0.253
1749266327,0.24380000,4.90000000,0.253
1749266327,0.24370000,341.20000000,0.253
1749266327,0.24350000,703.50000000,0.253
1749266327,0.24340000,2420.70000000,0.253
1749266327,0.24320000,2204.90000000,0.253
1749266327,0.24310000,4113.50000000,0.253
1749266327,0.24300000,2511.50000000,0.253
1749266327,0.24290000,42.90000000,0.253
1749266327,0.24280000,14.00000000,0.253
1749266327,0.24260000,3505.00000000,0.253
1749266327,0.24250000,206.10000000,0.253
1749266327,0.24240000,13.40000000,0.253
1749266636,0.25460000,22941.90000000,0.2546
1749266636,0.25450000,44348.80000000,0.2546
1749266636,0.25440000,61985.60000000,0.2546
1749266636,0.25430000,157705.10000000,0.2546
1749266636,0.25420000,90908.90000000,0.2546
1749266636,0.25410000,228270.10000000,0.2546
1749266636,0.25400000,144255.70000000,0.2546
1749266636,0.25390000,115538.10000000,0.2546
1749266636,0.25380000,43986.80000000,0.2546
1749266636,0.25370000,23143.40000000,0.2546
1749266636,0.25360000,9220.80000000,0.2546
1749266636,0.25350000,40975.80000000,0.2546
1749266636,0.25340000,113769.70000000,0.2546
1749266636,0.25330000,28530.40000000,0.2546
1749266636,0.25320000,106246.10000000,0.2546
1749266636,0.25310000,53958.80000000,0.2546
1749266636,0.25300000,6242.40000000,0.2546
1749266636,0.25290000,14557.50000000,0.2546
1749266636,0.25280000,73711.30000000,0.2546
1749266636,0.25270000,83930.20000000,0.2546
1749266636,0.25260000,32815.20000000,0.2546
1749266636,0.25250000,119657.10000000,0.2546
1749266636,0.25240000,30353.80000000,0.2546
1749266636,0.25230000,1377.40000000,0.2546
1749266636,0.25220000,28938.20000000,0.2546
1749266636,0.25210000,146766.20000000,0.2546
1749266636,0.25200000,14084.40000000,0.2546
1749266636,0.25190000,8102.20000000,0.2546
1749266636,0.25180000,67470.80000000,0.2546
1749266636,0.25170000,45.60000000,0.2546
1749266636,0.25160000,6291.20000000,0.2546
1749266636,0.25150000,97.90000000,0.2546
1749266636,0.25140000,6114.90000000,0.2546
1749266636,0.25130000,507.90000000,0.2546
1749266636,0.25120000,5105.80000000,0.2546
1749266636,0.25110000,91.80000000,0.2546
1749266636,0.25100000,122116.40000000,0.2546
1749266636,0.25090000,45.80000000,0.2546
1749266636,0.25080000,22203.70000000,0.2546
1749266636,0.25070000,42887.40000000,0.2546
1749266636,0.25060000,16121.30000000,0.2546
1749266636,0.25050000,69.20000000,0.2546
1749266636,0.25040000,51787.40000000,0.2546
1749266636,0.25030000,5388.00000000,0.2546
1749266636,0.25020000,434.80000000,0.2546
1749266636,0.25010000,68201.90000000,0.2546
1749266636,0.25000000,230534.00000000,0.2546
1749266636,0.24990000,2367.40000000,0.2546
1749266636,0.24980000,45.10000000,0.2546
1749266636,0.24970000,49.50000000,0.2546
1749266636,0.24960000,25632.10000000,0.2546
1749266636,0.24950000,62606.90000000,0.2546
1749266636,0.24940000,23064.40000000,0.2546
1749266636,0.24930000,40.00000000,0.2546
1749266636,0.24920000,46.40000000,0.2546
1749266636,0.24910000,577.90000000,0.2546
1749266636,0.24900000,1103.90000000,0.2546
1749266636,0.24890000,1317.80000000,0.2546
1749266636,0.24880000,70457.10000000,0.2546
1749266636,0.24870000,167.30000000,0.2546
1749266636,0.24860000,9995.80000000,0.2546
1749266636,0.24850000,637.60000000,0.2546
1749266636,0.24840000,40.20000000,0.2546
1749266636,0.24830000,80.40000000,0.2546
1749266636,0.24820000,1392.70000000,0.2546
1749266636,0.24810000,40.20000000,0.2546
1749266636,0.24800000,2064.40000000,0.2546
1749266636,0.24790000,44.40000000,0.2546
1749266636,0.24780000,27345.30000000,0.2546
1749266636,0.24770000,14548.50000000,0.2546
1749266636,0.24760000,417.10000000,0.2546
1749266636,0.24750000,1894.90000000,0.2546
1749266636,0.24740000,40.30000000,0.2546
1749266636,0.24730000,484.40000000,0.2546
1749266636,0.24720000,18575.30000000,0.2546
1749266636,0.24710000,14174.40000000,0.2546
1749266636,0.24700000,80.80000000,0.2546
1749266636,0.24690000,400.90000000,0.2546
1749266636,0.24680000,5178.00000000,0.2546
1749266636,0.24670000,290.20000000,0.2546
1749266636,0.24660000,63335.90000000,0.2546
1749266636,0.24650000,404.90000000,0.2546
1749266636,0.24640000,14.00000000,0.2546
1749266636,0.24620000,14.70000000,0.2546
1749266636,0.24610000,13.20000000,0.2546
1749266636,0.24600000,56.50000000,0.2546
1749266636,0.24590000,34.10000000,0.2546
1749266636,0.24580000,24.00000000,0.2546
1749266636,0.24570000,88.30000000,0.2546
1749266636,0.24540000,27574.10000000,0.2546
1749266636,0.24530000,8147.00000000,0.2546
1749266636,0.24520000,4931.50000000,0.2546
1749266636,0.24500000,6379.50000000,0.2546
1749266636,0.24490000,11.00000000,0.2546
1749266636,0.24480000,1636.70000000,0.2546
1749266636,0.24460000,14.00000000,0.2546
1749266636,0.24440000,29.40000000,0.2546
1749266636,0.24430000,32.10000000,0.2546
1749266636,0.24410000,62.60000000,0.2546
1749266636,0.24400000,2370.70000000,0.2546
1749266938,0.25520000,46538.90000000,0.2552
1749266938,0.25510000,43681.30000000,0.2552
1749266938,0.25500000,105216.40000000,0.2552
1749266938,0.25490000,184376.50000000,0.2552
1749266938,0.25480000,180571.20000000,0.2552
1749266938,0.25470000,203777.10000000,0.2552
1749266938,0.25460000,158063.00000000,0.2552
1749266938,0.25450000,52131.60000000,0.2552
1749266938,0.25440000,105239.60000000,0.2552
1749266938,0.25430000,121782.30000000,0.2552
1749266938,0.25420000,8494.30000000,0.2552
1749266938,0.25410000,319477.00000000,0.2552
1749266938,0.25400000,10648.90000000,0.2552
1749266938,0.25390000,58267.10000000,0.2552
1749266938,0.25380000,8268.10000000,0.2552
1749266938,0.25370000,6135.00000000,0.2552
1749266938,0.25360000,6257.80000000,0.2552
1749266938,0.25350000,2102.20000000,0.2552
1749266938,0.25340000,16163.30000000,0.2552
1749266938,0.25330000,9952.30000000,0.2552
1749266938,0.25320000,67931.50000000,0.2552
1749266938,0.25310000,4347.20000000,0.2552
1749266938,0.25300000,55974.10000000,0.2552
1749266938,0.25290000,15687.30000000,0.2552
1749266938,0.25280000,6503.70000000,0.2552
1749266938,0.25270000,96.20000000,0.2552
1749266938,0.25260000,123660.10000000,0.2552
1749266938,0.25250000,43.50000000,0.2552
1749266938,0.25240000,158.30000000,0.2552
1749266938,0.25230000,21583.20000000,0.2552
1749266938,0.25220000,11507.50000000,0.2552
1749266938,0.25210000,5069.90000000,0.2552
1749266938,0.25200000,4727.60000000,0.2552
1749266938,0.25190000,158.60000000,0.2552
1749266938,0.25180000,48797.30000000,0.2552
1749266938,0.25170000,39.60000000,0.2552
1749266938,0.25160000,25683.30000000,0.2552
1749266938,0.25150000,92038.90000000,0.2552
1749266938,0.25140000,19889.50000000,0.2552
1749266938,0.25130000,44.90000000,0.2552
1749266938,0.25120000,1317.30000000,0.2552
1749266938,0.25110000,1325.20000000,0.2552
1749266938,0.25100000,45.60000000,0.2552
1749266938,0.25090000,437.60000000,0.2552
1749266938,0.25080000,475.90000000,0.2552
1749266938,0.25070000,62503.70000000,0.2552
1749266938,0.25060000,53.80000000,0.2552
1749266938,0.25050000,1822.50000000,0.2552
1749266938,0.25040000,15820.10000000,0.2552
1749266938,0.25030000,1143.40000000,0.2552
1749266938,0.25020000,35233.80000000,0.2552
1749266938,0.25010000,47156.90000000,0.2552
1749266938,0.25000000,266653.40000000,0.2552
1749266938,0.24990000,8681.20000000,0.2552
1749266938,0.24980000,871.60000000,0.2552
1749266938,0.24970000,449.20000000,0.2552
1749266938,0.24960000,654.60000000,0.2552
1749266938,0.24950000,13611.00000000,0.2552
1749266938,0.24940000,62961.30000000,0.2552
1749266938,0.24930000,40.00000000,0.2552
1749266938,0.24920000,46.40000000,0.2552
1749266938,0.24910000,3461.40000000,0.2552
1749266938,0.24900000,759.80000000,0.2552
1749266938,0.24890000,92.30000000,0.2552
1749266938,0.24880000,492.10000000,0.2552
1749266938,0.24870000,87.00000000,0.2552
1749266938,0.24860000,21301.90000000,0.2552
1749266938,0.24850000,39.00000000,0.2552
1749266938,0.24840000,39.00000000,0.2552
1749266938,0.24830000,87.20000000,0.2552
1749266938,0.24820000,201.70000000,0.2552
1749266938,0.24810000,276.40000000,0.2552
1749266938,0.24800000,1310.20000000,0.2552
1749266938,0.24790000,445.80000000,0.2552
1749266938,0.24780000,71.60000000,0.2552
1749266938,0.24770000,39.10000000,0.2552
1749266938,0.24760000,55.40000000,0.2552
1749266938,0.24750000,65010.20000000,0.2552
1749266938,0.24730000,4884.30000000,0.2552
1749266938,0.24720000,8.00000000,0.2552
1749266938,0.24710000,24.00000000,0.2552
1749266938,0.24700000,80.80000000,0.2552
1749266938,0.24680000,5221.50000000,0.2552
1749266938,0.24670000,53.40000000,0.2552
1749266938,0.24660000,33.20000000,0.2552
1749266938,0.24640000,14.00000000,0.2552
1749266938,0.24630000,2218.70000000,0.2552
1749266938,0.24620000,8123.90000000,0.2552
1749266938,0.24610000,1635.80000000,0.2552
1749266938,0.24600000,56.50000000,0.2552
1749266938,0.24590000,34.10000000,0.2552
1749266938,0.24580000,499.40000000,0.2552
1749266938,0.24570000,88.30000000,0.2552
1749266938,0.24560000,4071.60000000,0.2552
1749266938,0.24540000,27574.10000000,0.2552
1749266938,0.24530000,8.00000000,0.2552
1749266938,0.24520000,14046.40000000,0.2552
1749266938,0.24500000,4149.00000000,0.2552
1749266938,0.24490000,33.90000000,0.2552
1749266938,0.24480000,19.00000000,0.2552
1749267239,0.25470000,24524.90000000,0.2548
1749267239,0.25460000,85049.20000000,0.2548
1749267239,0.25450000,246847.70000000,0.2548
1749267239,0.25440000,174894.70000000,0.2548
1749267239,0.25430000,128165.20000000,0.2548
1749267239,0.25420000,106023.90000000,0.2548
1749267239,0.25410000,73207.80000000,0.2548
1749267239,0.25400000,57179.90000000,0.2548
1749267239,0.25390000,105748.90000000,0.2548
1749267239,0.25380000,123838.40000000,0.2548
1749267239,0.25370000,8008.30000000,0.2548
1749267239,0.25360000,84213.00000000,0.2548
1749267239,0.25350000,10299.10000000,0.2548
1749267239,0.25340000,6220.60000000,0.2548
1749267239,0.25330000,118521.70000000,0.2548
1749267239,0.25320000,192686.90000000,0.2548
1749267239,0.25310000,51327.30000000,0.2548
1749267239,0.25300000,24314.80000000,0.2548
1749267239,0.25290000,12557.10000000,0.2548
1749267239,0.25280000,148083.80000000,0.2548
1749267239,0.25270000,50.10000000,0.2548
1749267239,0.25260000,1477.40000000,0.2548
1749267239,0.25250000,6118.60000000,0.2548
1749267239,0.25240000,164.20000000,0.2548
1749267239,0.25230000,39733.60000000,0.2548
1749267239,0.25220000,6213.80000000,0.2548
1749267239,0.25210000,121082.30000000,0.2548
1749267239,0.25200000,17378.30000000,0.2548
1749267239,0.25190000,8120.20000000,0.2548
1749267239,0.25180000,334.80000000,0.2548
1749267239,0.25170000,45.60000000,0.2548
1749267239,0.25160000,18742.50000000,0.2548
1749267239,0.25150000,66634.30000000,0.2548
1749267239,0.25140000,16567.80000000,0.2548
1749267239,0.25130000,6159.40000000,0.2548
1749267239,0.25120000,462.10000000,0.2548
1749267239,0.25110000,304.00000000,0.2548
1749267239,0.25100000,19260.80000000,0.2548
1749267239,0.25090000,43753.40000000,0.2548
1749267239,0.25080000,29305.80000000,0.2548
1749267239,0.25070000,2804.00000000,0.2548
1749267239,0.25060000,53.80000000,0.2548
1749267239,0.25050000,70161.20000000,0.2548
1749267239,0.25040000,1138.00000000,0.2548
1749267239,0.25030000,54706.50000000,0.2548
1749267239,0.25020000,15420.30000000,0.2548
1749267239,0.25010000,108782.00000000,0.2548
1749267239,0.25000000,239472.90000000,0.2548
1749267239,0.24990000,5606.80000000,0.2548
1749267239,0.24980000,23621.30000000,0.2548
1749267239,0.24970000,1937.50000000,0.2548
1749267239,0.24960000,7238.90000000,0.2548
1749267239,0.24950000,40.00000000,0.2548
1749267239,0.24940000,10716.00000000,0.2548
1749267239,0.24930000,4228.40000000,0.2548
1749267239,0.24920000,446.90000000,0.2548
1749267239,0.24910000,3858.80000000,0.2548
1749267239,0.24900000,7513.60000000,0.2548
1749267239,0.24890000,40.10000000,0.2548
1749267239,0.24880000,65216.50000000,0.2548
1749267239,0.24870000,320.20000000,0.2548
1749267239,0.24860000,462.40000000,0.2548
1749267239,0.24850000,1114.60000000,0.2548
1749267239,0.24840000,27339.30000000,0.2548
1749267239,0.24830000,87.20000000,0.2548
1749267239,0.24820000,479.80000000,0.2548
1749267239,0.24810000,13950.90000000,0.2548
1749267239,0.24800000,1310.20000000,0.2548
1749267239,0.24790000,43.20000000,0.2548
1749267239,0.24780000,71.60000000,0.2548
1749267239,0.24770000,2457.10000000,0.2548
1749267239,0.24760000,94.50000000,0.2548
1749267239,0.24750000,1573.50000000,0.2548
1749267239,0.24740000,442.50000000,0.2548
1749267239,0.24730000,315.70000000,0.2548
1749267239,0.24720000,82206.20000000,0.2548
1749267239,0.24710000,480.50000000,0.2548
1749267239,0.24700000,80.80000000,0.2548
1749267239,0.24680000,5221.50000000,0.2548
1749267239,0.24670000,53.40000000,0.2548
1749267239,0.24660000,33.20000000,0.2548
1749267239,0.24650000,120.50000000,0.2548
1749267239,0.24640000,4875.60000000,0.2548
1749267239,0.24620000,14.70000000,0.2548
1749267239,0.24610000,418.80000000,0.2548
1749267239,0.24600000,56.50000000,0.2548
1749267239,0.24590000,34.10000000,0.2548
1749267239,0.24580000,499.40000000,0.2548
1749267239,0.24570000,88.30000000,0.2548
1749267239,0.24560000,6296.60000000,0.2548
1749267239,0.24550000,8132.30000000,0.2548
1749267239,0.24540000,27574.10000000,0.2548
1749267239,0.24530000,8.00000000,0.2548
1749267239,0.24520000,15661.50000000,0.2548
1749267239,0.24500000,4149.00000000,0.2548
1749267239,0.24490000,33.90000000,0.2548
1749267239,0.24480000,19.00000000,0.2548
1749267239,0.24460000,14.00000000,0.2548
1749267239,0.24440000,29.40000000,0.2548
1749267239,0.24430000,32.10000000,0.2548
1749267541,0.25510000,20501.70000000,0.2552
1749267541,0.25500000,88461.10000000,0.2552
1749267541,0.25490000,148168.30000000,0.2552
1749267541,0.25480000,113029.30000000,0.2552
1749267541,0.25470000,181445.30000000,0.2552
1749267541,0.25460000,105662.10000000,0.2552
1749267541,0.25450000,146967.30000000,0.2552
1749267541,0.25440000,37676.20000000,0.2552
1749267541,0.25430000,10172.40000000,0.2552
1749267541,0.25420000,114285.80000000,0.2552
1749267541,0.25410000,140217.80000000,0.2552
1749267541,0.25400000,29072.10000000,0.2552
1749267541,0.25390000,57775.90000000,0.2552
1749267541,0.25380000,152129.20000000,0.2552
1749267541,0.25370000,17938.40000000,0.2552
1749267541,0.25360000,18227.10000000,0.2552
1749267541,0.25350000,42979.10000000,0.2552
1749267541,0.25340000,41968.40000000,0.2552
1749267541,0.25330000,2112.90000000,0.2552
1749267541,0.25320000,16688.00000000,0.2552
1749267541,0.25310000,4077.30000000,0.2552
1749267541,0.25300000,24308.80000000,0.2552
1749267541,0.25290000,133897.80000000,0.2552
1749267541,0.25280000,69574.10000000,0.2552
1749267541,0.25270000,2341.20000000,0.2552
1749267541,0.25260000,7587.00000000,0.2552
1749267541,0.25250000,3084.00000000,0.2552
1749267541,0.25240000,216.20000000,0.2552
1749267541,0.25230000,31002.40000000,0.2552
1749267541,0.25220000,10453.30000000,0.2552
1749267541,0.25210000,12001.30000000,0.2552
1749267541,0.25200000,5221.70000000,0.2552
1749267541,0.25190000,68313.10000000,0.2552
1749267541,0.25180000,64.40000000,0.2552
1749267541,0.25170000,39.60000000,0.2552
1749267541,0.25160000,1155.70000000,0.2552
1749267541,0.25150000,72530.10000000,0.2552
1749267541,0.25140000,39.70000000,0.2552
1749267541,0.25130000,15930.30000000,0.2552
1749267541,0.25120000,1814.60000000,0.2552
1749267541,0.25110000,3594.90000000,0.2552
1749267541,0.25100000,45.60000000,0.2552
1749267541,0.25090000,20331.00000000,0.2552
1749267541,0.25080000,62833.60000000,0.2552
1749267541,0.25070000,1715.60000000,0.2552
1749267541,0.25060000,1917.30000000,0.2552
1749267541,0.25050000,150.80000000,0.2552
1749267541,0.25040000,1661.20000000,0.2552
1749267541,0.25030000,1499.30000000,0.2552
1749267541,0.25020000,438.80000000,0.2552
1749267541,0.25010000,100067.60000000,0.2552
1749267541,0.25000000,246201.60000000,0.2552
1749267541,0.24990000,13529.90000000,0.2552
1749267541,0.24980000,1271.20000000,0.2552
1749267541,0.24970000,449.20000000,0.2552
1749267541,0.24960000,62681.10000000,0.2552
1749267541,0.24950000,120.10000000,0.2552
1749267541,0.24940000,10367.90000000,0.2552
1749267541,0.24930000,437.10000000,0.2552
1749267541,0.24920000,46.40000000,0.2552
1749267541,0.24910000,3461.40000000,0.2552
1749267541,0.24900000,126.00000000,0.2552
1749267541,0.24890000,674.10000000,0.2552
1749267541,0.24880000,94.20000000,0.2552
1749267541,0.24870000,87.00000000,0.2552
1749267541,0.24860000,18888.00000000,0.2552
1749267541,0.24850000,39.00000000,0.2552
1749267541,0.24840000,27259.50000000,0.2552
1749267541,0.24830000,87.20000000,0.2552
1749267541,0.24820000,2751.50000000,0.2552
1749267541,0.24810000,63361.30000000,0.2552
1749267541,0.24800000,1310.20000000,0.2552
1749267541,0.24790000,164.10000000,0.2552
1749267541,0.24780000,71.60000000,0.2552
1749267541,0.24770000,39.10000000,0.2552
1749267541,0.24760000,94.50000000,0.2552
1749267541,0.24750000,1937.70000000,0.2552
1749267541,0.24730000,40.40000000,0.2552
1749267541,0.24720000,8.00000000,0.2552
1749267541,0.24710000,24.00000000,0.2552
1749267541,0.24700000,80.80000000,0.2552
1749267541,0.24680000,5221.50000000,0.2552
1749267541,0.24670000,2268.50000000,0.2552
1749267541,0.24660000,33.20000000,0.2552
1749267541,0.24650000,6.00000000,0.2552
1749267541,0.24640000,14.00000000,0.2552
1749267541,0.24620000,14.70000000,0.2552
