timestamp,price,volume,current_price
1749258443,0.24640000,3879.10000000,0.2464
1749258443,0.24630000,20813.80000000,0.2464
1749258443,0.24620000,107121.40000000,0.2464
1749258443,0.24610000,208011.80000000,0.2464
1749258443,0.24600000,99336.40000000,0.2464
1749258443,0.24590000,111675.90000000,0.2464
1749258443,0.24580000,49442.40000000,0.2464
1749258443,0.24570000,16821.50000000,0.2464
1749258443,0.24560000,8455.10000000,0.2464
1749258443,0.24550000,149967.10000000,0.2464
1749258443,0.24540000,8371.40000000,0.2464
1749258443,0.24530000,61258.70000000,0.2464
1749258443,0.24520000,31093.40000000,0.2464
1749258443,0.24510000,55302.60000000,0.2464
1749258443,0.24500000,106083.30000000,0.2464
1749258443,0.24490000,98632.10000000,0.2464
1749258443,0.24480000,5321.30000000,0.2464
1749258443,0.24470000,112462.60000000,0.2464
1749258443,0.24460000,2192.20000000,0.2464
1749258443,0.24450000,9618.80000000,0.2464
1749258443,0.24440000,86610.50000000,0.2464
1749258443,0.24430000,60.00000000,0.2464
1749258443,0.24420000,138493.20000000,0.2464
1749258443,0.24410000,23509.70000000,0.2464
1749258443,0.24400000,23387.50000000,0.2464
1749258443,0.24390000,2070.70000000,0.2464
1749258443,0.24380000,1329.70000000,0.2464
1749258443,0.24370000,388.30000000,0.2464
1749258443,0.24360000,494.40000000,0.2464
1749258443,0.24350000,16373.10000000,0.2464
1749258443,0.24340000,64245.30000000,0.2464
1749258443,0.24330000,113931.90000000,0.2464
1749258443,0.24320000,158.20000000,0.2464
1749258443,0.24310000,47.30000000,0.2464
1749258443,0.24300000,45.30000000,0.2464
1749258443,0.24290000,16793.80000000,0.2464
1749258443,0.24280000,62013.80000000,0.2464
1749258443,0.24270000,41.10000000,0.2464
1749258443,0.24260000,41.10000000,0.2464
1749258443,0.24250000,41.20000000,0.2464
1749258443,0.24240000,4810.80000000,0.2464
1749258443,0.24230000,4182.40000000,0.2464
1749258443,0.24220000,266.10000000,0.2464
1749258443,0.24210000,130.80000000,0.2464
1749258443,0.24200000,73294.60000000,0.2464
1749258443,0.24190000,469.40000000,0.2464
1749258443,0.24180000,1155.90000000,0.2464
1749258443,0.24170000,62207.80000000,0.2464
1749258443,0.24160000,1963.00000000,0.2464
1749258443,0.24150000,49.50000000,0.2464
1749258443,0.24140000,940.40000000,0.2464
1749258443,0.24130000,41.40000000,0.2464
1749258443,0.24120000,10657.70000000,0.2464
1749258443,0.24110000,801.50000000,0.2464
1749258443,0.24100000,1558.70000000,0.2464
1749258443,0.24090000,52.90000000,0.2464
1749258443,0.24080000,41.40000000,0.2464
1749258443,0.24070000,41.50000000,0.2464
1749258443,0.24060000,49.70000000,0.2464
1749258443,0.24050000,2056.40000000,0.2464
1749258443,0.24040000,97.60000000,0.2464
1749258443,0.24030000,2911.10000000,0.2464
1749258443,0.24020000,41.50000000,0.2464
1749258443,0.24010000,41.50000000,0.2464
1749258443,0.24000000,17201.10000000,0.2464
1749258443,0.23990000,41.60000000,0.2464
1749258443,0.23980000,55.50000000,0.2464
1749258443,0.23970000,458.00000000,0.2464
1749258443,0.23960000,90.20000000,0.2464
1749258443,0.23950000,27899.80000000,0.2464
1749258443,0.23940000,19372.40000000,0.2464
1749258443,0.23930000,40.40000000,0.2464
1749258443,0.23920000,466.90000000,0.2464
1749258443,0.23910000,40.50000000,0.2464
1749258443,0.23900000,742.50000000,0.2464
1749258443,0.23890000,40.50000000,0.2464
1749258443,0.23880000,262.10000000,0.2464
1749258443,0.23870000,8.30000000,0.2464
1749258443,0.23860000,14.00000000,0.2464
1749258443,0.23850000,28661.90000000,0.2464
1749258443,0.23840000,11.30000000,0.2464
1749258443,0.23820000,858.90000000,0.2464
1749258443,0.23810000,215.30000000,0.2464
1749258443,0.23800000,1834.50000000,0.2464
1749258443,0.23790000,2297.00000000,0.2464
1749258443,0.23780000,6175.80000000,0.2464
1749258443,0.23750000,105.20000000,0.2464
1749258443,0.23740000,14.00000000,0.2464
1749258443,0.23700000,7370.30000000,0.2464
1749258443,0.23690000,517.50000000,0.2464
1749258443,0.23680000,40.40000000,0.2464
1749258443,0.23670000,13.50000000,0.2464
1749258443,0.23660000,1812.50000000,0.2464
1749258443,0.23650000,1361.90000000,0.2464
1749258443,0.23640000,11.80000000,0.2464
1749258443,0.23620000,69.30000000,0.2464
1749258443,0.23610000,19.00000000,0.2464
1749258443,0.23600000,720.00000000,0.2464
1749258443,0.23590000,429.50000000,0.2464
1749258443,0.23580000,995.50000000,0.2464
1749258784,0.24690000,16096.10000000,0.247
1749258784,0.24680000,54044.70000000,0.247
1749258784,0.24670000,163783.80000000,0.247
1749258784,0.24660000,127240.80000000,0.247
1749258784,0.24650000,120414.30000000,0.247
1749258784,0.24640000,184713.50000000,0.247
1749258784,0.24630000,76056.60000000,0.247
1749258784,0.24620000,12722.10000000,0.247
1749258784,0.24610000,126310.00000000,0.247
1749258784,0.24600000,39102.20000000,0.247
1749258784,0.24590000,8251.40000000,0.247
1749258784,0.24580000,12362.20000000,0.247
1749258784,0.24570000,10307.50000000,0.247
1749258784,0.24560000,100076.80000000,0.247
1749258784,0.24550000,8254.30000000,0.247
1749258784,0.24540000,124630.80000000,0.247
1749258784,0.24530000,50170.00000000,0.247
1749258784,0.24520000,27641.30000000,0.247
1749258784,0.24510000,12997.40000000,0.247
1749258784,0.24500000,197403.60000000,0.247
1749258784,0.24490000,22245.80000000,0.247
1749258784,0.24480000,154260.60000000,0.247
1749258784,0.24470000,2491.00000000,0.247
1749258784,0.24460000,61.00000000,0.247
1749258784,0.24450000,47.00000000,0.247
1749258784,0.24440000,8356.40000000,0.247
1749258784,0.24430000,9777.10000000,0.247
1749258784,0.24420000,452.40000000,0.247
1749258784,0.24410000,294.60000000,0.247
1749258784,0.24400000,15138.80000000,0.247
1749258784,0.24390000,64055.90000000,0.247
1749258784,0.24380000,52.00000000,0.247
1749258784,0.24370000,112928.10000000,0.247
1749258784,0.24360000,10613.30000000,0.247
1749258784,0.24350000,47.20000000,0.247
1749258784,0.24340000,64204.30000000,0.247
1749258784,0.24330000,47.20000000,0.247
1749258784,0.24320000,158.20000000,0.247
1749258784,0.24310000,4214.60000000,0.247
1749258784,0.24300000,45.30000000,0.247
1749258784,0.24290000,84.00000000,0.247
1749258784,0.24280000,61606.10000000,0.247
1749258784,0.24270000,41.10000000,0.247
1749258784,0.24260000,653.20000000,0.247
1749258784,0.24250000,1030.80000000,0.247
1749258784,0.24240000,68798.20000000,0.247
1749258784,0.24230000,62.30000000,0.247
1749258784,0.24220000,266.10000000,0.247
1749258784,0.24210000,3138.20000000,0.247
1749258784,0.24200000,1118.20000000,0.247
1749258784,0.24190000,60.20000000,0.247
1749258784,0.24180000,1258.30000000,0.247
1749258784,0.24170000,62583.80000000,0.247
1749258784,0.24160000,1671.10000000,0.247
1749258784,0.24150000,131.50000000,0.247
1749258784,0.24140000,120.40000000,0.247
1749258784,0.24130000,41.40000000,0.247
1749258784,0.24120000,10657.70000000,0.247
1749258784,0.24110000,267.80000000,0.247
1749258784,0.24100000,198.70000000,0.247
1749258784,0.24090000,52.90000000,0.247
1749258784,0.24080000,41.40000000,0.247
1749258784,0.24070000,41.50000000,0.247
1749258784,0.24060000,27557.50000000,0.247
1749258784,0.24050000,2056.40000000,0.247
1749258784,0.24040000,97.60000000,0.247
1749258784,0.24030000,20617.00000000,0.247
1749258784,0.24020000,165.20000000,0.247
1749258784,0.24010000,41.50000000,0.247
1749258784,0.24000000,17201.10000000,0.247
1749258784,0.23990000,41.60000000,0.247
1749258784,0.23980000,55.50000000,0.247
1749258784,0.23970000,41.60000000,0.247
1749258784,0.23960000,90.20000000,0.247
1749258784,0.23950000,40.40000000,0.247
1749258784,0.23940000,45.40000000,0.247
1749258784,0.23920000,57.10000000,0.247
1749258784,0.23900000,702.00000000,0.247
1749258784,0.23880000,27712.60000000,0.247
1749258784,0.23870000,8.30000000,0.247
1749258784,0.23860000,14.00000000,0.247
1749258784,0.23850000,91.00000000,0.247
1749258784,0.23840000,11.30000000,0.247
1749258784,0.23820000,20.90000000,0.247
1749258784,0.23810000,215.30000000,0.247
1749258784,0.23800000,4130.60000000,0.247
1749258784,0.23780000,7015.30000000,0.247
1749258784,0.23750000,105.20000000,0.247
1749258784,0.23740000,14.00000000,0.247
1749258784,0.23700000,7370.30000000,0.247
1749258784,0.23690000,14111.00000000,0.247
1749258784,0.23680000,40.40000000,0.247
1749258784,0.23670000,13.50000000,0.247
1749258784,0.23660000,1812.50000000,0.247
1749258784,0.23650000,1361.90000000,0.247
1749258784,0.23640000,11.80000000,0.247
1749258784,0.23620000,69.30000000,0.247
1749258784,0.23610000,19.00000000,0.247
1749258784,0.23600000,720.00000000,0.247
1749258784,0.23590000,429.50000000,0.247
1749259090,0.24610000,406.20000000,0.2461
1749259090,0.24600000,67442.20000000,0.2461
1749259090,0.24590000,165636.10000000,0.2461
1749259090,0.24580000,124498.70000000,0.2461
1749259090,0.24570000,238828.90000000,0.2461
1749259090,0.24560000,129547.00000000,0.2461
1749259090,0.24550000,128784.00000000,0.2461
1749259090,0.24540000,58605.80000000,0.2461
1749259090,0.24530000,94656.50000000,0.2461
1749259090,0.24520000,149974.50000000,0.2461
1749259090,0.24510000,139406.40000000,0.2461
1749259090,0.24500000,32677.90000000,0.2461
1749259090,0.24490000,21597.40000000,0.2461
1749259090,0.24480000,2379.40000000,0.2461
1749259090,0.24470000,86119.90000000,0.2461
1749259090,0.24460000,201485.70000000,0.2461
1749259090,0.24450000,8249.10000000,0.2461
1749259090,0.24440000,29872.80000000,0.2461
1749259090,0.24430000,10931.90000000,0.2461
1749259090,0.24420000,10234.40000000,0.2461
1749259090,0.24410000,348.40000000,0.2461
1749259090,0.24400000,66354.40000000,0.2461
1749259090,0.24390000,134871.10000000,0.2461
1749259090,0.24380000,18121.70000000,0.2461
1749259090,0.24370000,388.30000000,0.2461
1749259090,0.24360000,13512.80000000,0.2461
1749259090,0.24350000,47.20000000,0.2461
1749259090,0.24340000,63.10000000,0.2461
1749259090,0.24330000,41.00000000,0.2461
1749259090,0.24320000,152.00000000,0.2461
1749259090,0.24310000,2422.70000000,0.2461
1749259090,0.24300000,10056.70000000,0.2461
1749259090,0.24290000,494.90000000,0.2461
1749259090,0.24280000,68599.70000000,0.2461
1749259090,0.24270000,41.10000000,0.2461
1749259090,0.24260000,571.50000000,0.2461
1749259090,0.24250000,79946.70000000,0.2461
1749259090,0.24240000,4238.70000000,0.2461
1749259090,0.24230000,62432.30000000,0.2461
1749259090,0.24220000,678.20000000,0.2461
1749259090,0.24210000,192.10000000,0.2461
1749259090,0.24200000,29285.50000000,0.2461
1749259090,0.24190000,60.20000000,0.2461
1749259090,0.24180000,1155.90000000,0.2461
1749259090,0.24170000,1677.10000000,0.2461
1749259090,0.24160000,2829.40000000,0.2461
1749259090,0.24150000,664.40000000,0.2461
1749259090,0.24140000,120.40000000,0.2461
1749259090,0.24130000,62795.40000000,0.2461
1749259090,0.24120000,18459.50000000,0.2461
1749259090,0.24110000,681.80000000,0.2461
1749259090,0.24100000,301.40000000,0.2461
1749259090,0.24090000,52.90000000,0.2461
1749259090,0.24080000,41.40000000,0.2461
1749259090,0.24070000,41.50000000,0.2461
1749259090,0.24060000,27557.50000000,0.2461
1749259090,0.24050000,2138.80000000,0.2461
1749259090,0.24040000,512.80000000,0.2461
1749259090,0.24030000,20749.30000000,0.2461
1749259090,0.24020000,41.50000000,0.2461
1749259090,0.24010000,41.50000000,0.2461
1749259090,0.24000000,17201.10000000,0.2461
1749259090,0.23990000,40.30000000,0.2461
1749259090,0.23980000,470.60000000,0.2461
1749259090,0.23970000,40.40000000,0.2461
1749259090,0.23960000,89.00000000,0.2461
1749259090,0.23950000,40.40000000,0.2461
1749259090,0.23940000,462.30000000,0.2461
1749259090,0.23930000,10921.80000000,0.2461
1749259090,0.23920000,97.50000000,0.2461
1749259090,0.23910000,40.50000000,0.2461
1749259090,0.23900000,2570.50000000,0.2461
1749259090,0.23890000,40.50000000,0.2461
1749259090,0.23880000,27753.10000000,0.2461
1749259090,0.23870000,48.80000000,0.2461
1749259090,0.23860000,54.50000000,0.2461
1749259090,0.23850000,509.50000000,0.2461
1749259090,0.23840000,11.30000000,0.2461
1749259090,0.23820000,20.90000000,0.2461
1749259090,0.23810000,215.30000000,0.2461
1749259090,0.23800000,1834.50000000,0.2461
1749259090,0.23780000,6175.80000000,0.2461
1749259090,0.23750000,105.20000000,0.2461
1749259090,0.23740000,14.00000000,0.2461
1749259090,0.23730000,2322.10000000,0.2461
1749259090,0.23700000,7370.30000000,0.2461
1749259090,0.23690000,14111.00000000,0.2461
1749259090,0.23680000,883.50000000,0.2461
1749259090,0.23670000,13.50000000,0.2461
1749259090,0.23660000,1812.50000000,0.2461
1749259090,0.23650000,1361.90000000,0.2461
1749259090,0.23640000,11.80000000,0.2461
1749259090,0.23620000,69.30000000,0.2461
1749259090,0.23610000,19.00000000,0.2461
1749259090,0.23600000,720.00000000,0.2461
1749259090,0.23590000,429.50000000,0.2461
1749259090,0.23580000,2267.70000000,0.2461
1749259090,0.23560000,14.00000000,0.2461
1749259090,0.23550000,47.40000000,0.2461
1749259090,0.23530000,2046.40000000,0.2461
