timestamp,price,volume,current_price
1749260697,116.02000000,0.08700000,115.98
1749260697,116.01000000,0.15200000,115.98
1749260697,116.00000000,0.15200000,115.98
1749260697,115.99000000,0.15200000,115.98
1749260697,115.98000000,1.36200000,115.98
1749260697,115.97000000,0.15200000,115.98
1749260697,115.96000000,3.40600000,115.98
1749260697,115.95000000,7.71900000,115.98
1749260697,115.94000000,1.54000000,115.98
1749260697,115.93000000,0.15200000,115.98
1749260697,115.92000000,0.46000000,115.98
1749260697,115.91000000,2.40000000,115.98
1749260697,115.90000000,0.39500000,115.98
1749260697,115.89000000,3.79700000,115.98
1749260697,115.88000000,6.20400000,115.98
1749260697,115.87000000,19.57900000,115.98
1749260697,115.86000000,0.39500000,115.98
1749260697,115.85000000,8.54200000,115.98
1749260697,115.84000000,11.66500000,115.98
1749260697,115.83000000,8.37900000,115.98
1749260697,115.82000000,6.55300000,115.98
1749260697,115.81000000,12.95300000,115.98
1749260697,115.80000000,9.43300000,115.98
1749260697,115.79000000,4.66100000,115.98
1749260697,115.78000000,1.81100000,115.98
1749260697,115.77000000,17.17300000,115.98
1749260697,115.76000000,12.61000000,115.98
1749260697,115.75000000,17.06900000,115.98
1749260697,115.74000000,4.75000000,115.98
1749260697,115.73000000,0.08700000,115.98
1749260697,115.72000000,0.08700000,115.98
1749260697,115.71000000,1.23200000,115.98
1749260697,115.70000000,0.08600000,115.98
1749260697,115.69000000,3.27200000,115.98
1749260697,115.68000000,3.27400000,115.98
1749260697,115.67000000,0.08600000,115.98
1749260697,115.66000000,1.23100000,115.98
1749260697,115.65000000,3.27200000,115.98
1749260697,115.64000000,1.23200000,115.98
1749260697,115.63000000,85.98300000,115.98
1749260697,115.62000000,4.48300000,115.98
1749260697,115.61000000,1.19000000,115.98
1749260697,115.60000000,1.23200000,115.98
1749260697,115.59000000,0.08700000,115.98
1749260697,115.58000000,1.23200000,115.98
1749260697,115.57000000,3.27400000,115.98
1749260697,115.56000000,1.29700000,115.98
1749260697,115.55000000,3.26800000,115.98
1749260697,115.54000000,39.50900000,115.98
1749260697,115.53000000,0.08700000,115.98
1749260697,115.52000000,4.42900000,115.98
1749260697,115.51000000,21.30600000,115.98
1749260697,115.50000000,22.78900000,115.98
1749260697,115.49000000,0.08700000,115.98
1749260697,115.48000000,4.39800000,115.98
1749260697,115.47000000,0.08700000,115.98
1749260697,115.46000000,4.63000000,115.98
1749260697,115.45000000,54.83300000,115.98
1749260697,115.44000000,4.49400000,115.98
1749260697,115.43000000,10.47400000,115.98
1749260697,115.42000000,1.23200000,115.98
1749260697,115.41000000,0.08700000,115.98
1749260697,115.40000000,38.41700000,115.98
1749260697,115.39000000,3.28400000,115.98
1749260697,115.38000000,1.55800000,115.98
1749260697,115.37000000,76.68200000,115.98
1749260697,115.36000000,1.23200000,115.98
1749260697,115.35000000,0.08700000,115.98
1749260697,115.34000000,1.23200000,115.98
1749260697,115.33000000,3.26700000,115.98
1749260697,115.32000000,1.29700000,115.98
1749260697,115.31000000,0.15000000,115.98
1749260697,115.30000000,1.23200000,115.98
1749260697,115.29000000,3.28400000,115.98
1749260697,115.28000000,1.23200000,115.98
1749260697,115.27000000,0.08700000,115.98
1749260697,115.26000000,1.21100000,115.98
1749260697,115.25000000,3.19700000,115.98
1749260697,115.24000000,4.34200000,115.98
1749260697,115.22000000,96.55700000,115.98
1749260697,115.20000000,1.37100000,115.98
1749260697,115.17000000,3.19900000,115.98
1749260697,115.14000000,0.06600000,115.98
1749260697,115.13000000,3.19900000,115.98
1749260697,115.11000000,13.61600000,115.98
1749260697,115.08000000,0.06600000,115.98
1749260697,115.05000000,78.99700000,115.98
1749260697,115.02000000,3.27400000,115.98
1749260697,115.00000000,0.73800000,115.98
1749260697,114.98000000,3.20800000,115.98
1749260697,114.96000000,3.27400000,115.98
1749260697,114.90000000,0.06600000,115.98
1749260697,114.89000000,3.20800000,115.98
1749260697,114.85000000,0.26100000,115.98
1749260697,114.84000000,0.06600000,115.98
1749260697,114.82000000,47.86300000,115.98
1749260697,114.79000000,4.98000000,115.98
1749260697,114.78000000,0.06600000,115.98
1749260697,114.72000000,0.06600000,115.98
1749260697,114.71000000,1.38100000,115.98
1749261016,115.76000000,0.08700000,115.77
1749261016,115.75000000,0.08700000,115.77
1749261016,115.74000000,0.21700000,115.77
1749261016,115.73000000,0.15200000,115.77
1749261016,115.72000000,0.84200000,115.77
1749261016,115.71000000,1.29700000,115.77
1749261016,115.70000000,2.26500000,115.77
1749261016,115.69000000,10.12000000,115.77
1749261016,115.68000000,15.85400000,115.77
1749261016,115.67000000,8.84100000,115.77
1749261016,115.66000000,6.39500000,115.77
1749261016,115.65000000,19.72000000,115.77
1749261016,115.64000000,1.23200000,115.77
1749261016,115.63000000,4.03900000,115.77
1749261016,115.62000000,14.90100000,115.77
1749261016,115.61000000,13.65100000,115.77
1749261016,115.60000000,39.33100000,115.77
1749261016,115.59000000,28.09400000,115.77
1749261016,115.58000000,9.92500000,115.77
1749261016,115.57000000,20.65700000,115.77
1749261016,115.56000000,9.78700000,115.77
1749261016,115.55000000,3.26800000,115.77
1749261016,115.54000000,1.23200000,115.77
1749261016,115.53000000,0.08700000,115.77
1749261016,115.52000000,4.42900000,115.77
1749261016,115.51000000,55.99500000,115.77
1749261016,115.50000000,18.31100000,115.77
1749261016,115.49000000,21.30900000,115.77
1749261016,115.48000000,4.69200000,115.77
1749261016,115.47000000,0.08700000,115.77
1749261016,115.46000000,55.71000000,115.77
1749261016,115.45000000,0.08700000,115.77
1749261016,115.44000000,6.45400000,115.77
1749261016,115.43000000,37.94700000,115.77
1749261016,115.42000000,76.02400000,115.77
1749261016,115.41000000,0.08700000,115.77
1749261016,115.40000000,3.25600000,115.77
1749261016,115.39000000,3.28400000,115.77
1749261016,115.38000000,1.55800000,115.77
1749261016,115.37000000,0.08700000,115.77
1749261016,115.36000000,1.95100000,115.77
1749261016,115.35000000,0.08700000,115.77
1749261016,115.34000000,1.23200000,115.77
1749261016,115.33000000,3.26700000,115.77
1749261016,115.32000000,3.27300000,115.77
1749261016,115.31000000,5.35500000,115.77
1749261016,115.30000000,40.32700000,115.77
1749261016,115.29000000,3.28400000,115.77
1749261016,115.28000000,94.70700000,115.77
1749261016,115.27000000,0.08700000,115.77
1749261016,115.26000000,1.29800000,115.77
1749261016,115.25000000,3.28400000,115.77
1749261016,115.24000000,4.42900000,115.77
1749261016,115.23000000,0.08700000,115.77
1749261016,115.22000000,1.23200000,115.77
1749261016,115.21000000,3.25800000,115.77
1749261016,115.20000000,1.45800000,115.77
1749261016,115.19000000,0.08700000,115.77
1749261016,115.18000000,0.08700000,115.77
1749261016,115.17000000,3.28600000,115.77
1749261016,115.16000000,1.23200000,115.77
1749261016,115.15000000,0.08700000,115.77
1749261016,115.14000000,0.15300000,115.77
1749261016,115.13000000,3.28600000,115.77
1749261016,115.12000000,1.23200000,115.77
1749261016,115.11000000,13.70300000,115.77
1749261016,115.10000000,85.82900000,115.77
1749261016,115.09000000,0.08700000,115.77
1749261016,115.08000000,0.15300000,115.77
1749261016,115.07000000,0.08700000,115.77
1749261016,115.06000000,1.23200000,115.77
1749261016,115.05000000,3.29500000,115.77
1749261016,115.04000000,1.23200000,115.77
1749261016,115.03000000,0.08700000,115.77
1749261016,115.02000000,4.50600000,115.77
1749261016,115.01000000,0.08700000,115.77
1749261016,115.00000000,1.88300000,115.77
1749261016,114.99000000,8.02700000,115.77
1749261016,114.98000000,4.35300000,115.77
1749261016,114.96000000,4.41900000,115.77
1749261016,114.90000000,0.06600000,115.77
1749261016,114.89000000,3.20800000,115.77
1749261016,114.88000000,1.14500000,115.77
1749261016,114.87000000,46.97300000,115.77
1749261016,114.85000000,0.26100000,115.77
1749261016,114.84000000,0.06600000,115.77
1749261016,114.79000000,4.98000000,115.77
1749261016,114.78000000,0.06600000,115.77
1749261016,114.72000000,0.06600000,115.77
1749261016,114.71000000,1.38100000,115.77
1749261016,114.70000000,10.54900000,115.77
1749261016,114.66000000,0.06600000,115.77
1749261016,114.64000000,18.79900000,115.77
1749261016,114.60000000,0.13600000,115.77
1749261016,114.54000000,0.26700000,115.77
1749261016,114.48000000,0.06600000,115.77
1749261016,114.42000000,0.06600000,115.77
1749261016,114.37000000,10.48300000,115.77
1749261016,114.36000000,0.06600000,115.77
1749261016,114.33000000,0.88900000,115.77
1749261322,115.49000000,0.08700000,115.48
1749261322,115.48000000,0.77900000,115.48
1749261322,115.47000000,1.23200000,115.48
1749261322,115.46000000,0.35300000,115.48
1749261322,115.45000000,0.15200000,115.48
1749261322,115.44000000,1.36200000,115.48
1749261322,115.43000000,3.08800000,115.48
1749261322,115.42000000,11.87500000,115.48
1749261322,115.41000000,10.39600000,115.48
1749261322,115.40000000,15.84200000,115.48
1749261322,115.39000000,21.75400000,115.48
1749261322,115.38000000,10.91300000,115.48
1749261322,115.37000000,4.80100000,115.48
1749261322,115.36000000,24.14800000,115.48
1749261322,115.35000000,17.96800000,115.48
1749261322,115.34000000,1.72500000,115.48
1749261322,115.33000000,15.31000000,115.48
1749261322,115.32000000,10.28600000,115.48
1749261322,115.31000000,1.25300000,115.48
1749261322,115.30000000,1.23200000,115.48
1749261322,115.29000000,3.28400000,115.48
1749261322,115.28000000,22.31200000,115.48
1749261322,115.27000000,37.33500000,115.48
1749261322,115.26000000,1.29800000,115.48
1749261322,115.25000000,3.28400000,115.48
1749261322,115.24000000,4.42900000,115.48
1749261322,115.23000000,0.08700000,115.48
1749261322,115.22000000,1.95200000,115.48
1749261322,115.21000000,3.55500000,115.48
1749261322,115.20000000,39.07300000,115.48
1749261322,115.19000000,2.02000000,115.48
1749261322,115.18000000,1.23200000,115.48
1749261322,115.17000000,40.44100000,115.48
1749261322,115.16000000,57.14000000,115.48
1749261322,115.15000000,0.80700000,115.48
1749261322,115.14000000,1.29800000,115.48
1749261322,115.13000000,54.38900000,115.48
1749261322,115.12000000,3.21200000,115.48
1749261322,115.11000000,5.20100000,115.48
1749261322,115.10000000,1.23200000,115.48
1749261322,115.09000000,0.08700000,115.48
1749261322,115.08000000,2.01900000,115.48
1749261322,115.07000000,0.08700000,115.48
1749261322,115.06000000,113.35100000,115.48
1749261322,115.05000000,3.29500000,115.48
1749261322,115.04000000,1.23200000,115.48
1749261322,115.03000000,8.11100000,115.48
1749261322,115.02000000,4.50600000,115.48
1749261322,115.01000000,0.08700000,115.48
1749261322,115.00000000,9.88400000,115.48
1749261322,114.99000000,0.08700000,115.48
1749261322,114.98000000,4.44000000,115.48
1749261322,114.97000000,0.08700000,115.48
1749261322,114.96000000,4.50600000,115.48
1749261322,114.95000000,0.08700000,115.48
1749261322,114.94000000,4.40300000,115.48
1749261322,114.93000000,93.56200000,115.48
1749261322,114.92000000,1.23200000,115.48
1749261322,114.91000000,0.08700000,115.48
1749261322,114.90000000,1.29800000,115.48
1749261322,114.89000000,79.98400000,115.48
1749261322,114.88000000,1.23200000,115.48
1749261322,114.87000000,5.31700000,115.48
1749261322,114.86000000,1.23200000,115.48
1749261322,114.85000000,3.53700000,115.48
1749261322,114.84000000,1.29800000,115.48
1749261322,114.83000000,0.08700000,115.48
1749261322,114.82000000,0.08700000,115.48
1749261322,114.81000000,3.27600000,115.48
1749261322,114.80000000,1.23200000,115.48
1749261322,114.79000000,0.08700000,115.48
1749261322,114.78000000,0.15300000,115.48
1749261322,114.77000000,3.27900000,115.48
1749261322,114.76000000,1.23200000,115.48
1749261322,114.75000000,0.08700000,115.48
1749261322,114.74000000,0.08700000,115.48
1749261322,114.73000000,3.19300000,115.48
1749261322,114.72000000,1.21100000,115.48
1749261322,114.71000000,0.26000000,115.48
1749261322,114.70000000,11.69400000,115.48
1749261322,114.69000000,3.19300000,115.48
1749261322,114.66000000,0.06600000,115.48
1749261322,114.60000000,0.13600000,115.48
1749261322,114.55000000,46.97300000,115.48
1749261322,114.54000000,0.26700000,115.48
1749261322,114.52000000,4.90700000,115.48
1749261322,114.49000000,1.12400000,115.48
1749261322,114.48000000,0.06600000,115.48
1749261322,114.42000000,0.06600000,115.48
1749261322,114.39000000,5.91800000,115.48
1749261322,114.37000000,10.48300000,115.48
1749261322,114.36000000,0.06600000,115.48
1749261322,114.33000000,0.88900000,115.48
1749261322,114.32000000,0.26100000,115.48
1749261322,114.30000000,0.21900000,115.48
1749261322,114.28000000,18.79900000,115.48
1749261322,114.24000000,0.06600000,115.48
1749261322,114.22000000,1.02900000,115.48
1749261322,114.18000000,0.06600000,115.48
1749261322,114.12000000,0.06600000,115.48
1749261624,115.55000000,1.23200000,115.59
1749261624,115.54000000,0.15200000,115.59
1749261624,115.53000000,1.98800000,115.59
1749261624,115.52000000,0.15200000,115.59
1749261624,115.51000000,1.94900000,115.59
1749261624,115.50000000,0.56900000,115.59
1749261624,115.49000000,3.82700000,115.59
1749261624,115.48000000,8.43300000,115.59
1749261624,115.47000000,1.29700000,115.59
1749261624,115.46000000,0.35300000,115.59
1749261624,115.45000000,0.15200000,115.59
1749261624,115.44000000,1.36200000,115.59
1749261624,115.43000000,4.42400000,115.59
1749261624,115.42000000,12.50500000,115.59
1749261624,115.41000000,23.32500000,115.59
1749261624,115.40000000,44.83400000,115.59
1749261624,115.39000000,42.63800000,115.59
1749261624,115.38000000,1.55800000,115.59
1749261624,115.37000000,1.19000000,115.59
1749261624,115.36000000,2.08300000,115.59
1749261624,115.35000000,0.08700000,115.59
1749261624,115.34000000,4.42500000,115.59
1749261624,115.33000000,0.08700000,115.59
1749261624,115.32000000,1.29700000,115.59
1749261624,115.31000000,0.15000000,115.59
1749261624,115.30000000,5.37500000,115.59
1749261624,115.29000000,0.80700000,115.59
1749261624,115.28000000,6.38800000,115.59
1749261624,115.27000000,37.33500000,115.59
1749261624,115.26000000,1.29800000,115.59
1749261624,115.25000000,0.08700000,115.59
1749261624,115.24000000,6.68800000,115.59
1749261624,115.23000000,0.08700000,115.59
1749261624,115.22000000,39.04900000,115.59
1749261624,115.21000000,0.08700000,115.59
1749261624,115.20000000,39.07300000,115.59
1749261624,115.19000000,2.02000000,115.59
1749261624,115.18000000,4.42500000,115.59
1749261624,115.17000000,0.08700000,115.59
1749261624,115.16000000,57.14000000,115.59
1749261624,115.15000000,0.80700000,115.59
1749261624,115.14000000,1.29800000,115.59
1749261624,115.13000000,89.67700000,115.59
1749261624,115.12000000,3.21200000,115.59
1749261624,115.11000000,2.00100000,115.59
1749261624,115.10000000,1.23200000,115.59
1749261624,115.09000000,3.28000000,115.59
1749261624,115.08000000,1.29800000,115.59
1749261624,115.07000000,3.28000000,115.59
1749261624,115.06000000,76.02400000,115.59
1749261624,115.05000000,5.30900000,115.59
1749261624,115.04000000,1.23200000,115.59
1749261624,115.03000000,8.11100000,115.59
1749261624,115.02000000,4.49000000,115.59
1749261624,115.01000000,10.51200000,115.59
1749261624,115.00000000,9.88400000,115.59
1749261624,114.99000000,0.08700000,115.59
1749261624,114.98000000,1.23200000,115.59
1749261624,114.97000000,6.45200000,115.59
1749261624,114.96000000,1.29800000,115.59
1749261624,114.95000000,3.28000000,115.59
1749261624,114.94000000,1.23200000,115.59
1749261624,114.93000000,93.56200000,115.59
1749261624,114.92000000,0.08700000,115.59
1749261624,114.91000000,0.08700000,115.59
1749261624,114.90000000,3.34600000,115.59
1749261624,114.89000000,76.77600000,115.59
1749261624,114.88000000,3.28000000,115.59
1749261624,114.87000000,0.08700000,115.59
1749261624,114.86000000,0.08700000,115.59
1749261624,114.85000000,0.34800000,115.59
1749261624,114.84000000,0.15300000,115.59
1749261624,114.83000000,0.08700000,115.59
1749261624,114.82000000,0.08700000,115.59
1749261624,114.81000000,3.28000000,115.59
1749261624,114.80000000,0.08700000,115.59
1749261624,114.78000000,0.06600000,115.59
1749261624,114.77000000,3.19300000,115.59
1749261624,114.73000000,3.19300000,115.59
1749261624,114.72000000,0.06600000,115.59
1749261624,114.70000000,10.54900000,115.59
1749261624,114.69000000,3.19100000,115.59
1749261624,114.66000000,0.06600000,115.59
1749261624,114.60000000,0.13600000,115.59
1749261624,114.55000000,46.97300000,115.59
1749261624,114.54000000,0.26700000,115.59
1749261624,114.52000000,4.90700000,115.59
1749261624,114.49000000,1.12400000,115.59
1749261624,114.48000000,0.06600000,115.59
1749261624,114.42000000,0.06600000,115.59
1749261624,114.37000000,10.48300000,115.59
1749261624,114.36000000,0.06600000,115.59
1749261624,114.33000000,0.88900000,115.59
1749261624,114.32000000,0.26100000,115.59
1749261624,114.30000000,0.21900000,115.59
1749261624,114.28000000,18.79900000,115.59
1749261624,114.24000000,0.06600000,115.59
1749261624,114.22000000,1.02900000,115.59
1749261624,114.18000000,0.06600000,115.59
1749261624,114.12000000,0.06600000,115.59
1749261925,115.53000000,0.04400000,115.54
1749261925,115.51000000,0.08700000,115.54
1749261925,115.50000000,0.21700000,115.54
1749261925,115.49000000,0.84400000,115.54
1749261925,115.48000000,1.29700000,115.54
1749261925,115.47000000,2.65200000,115.54
1749261925,115.46000000,3.42500000,115.54
1749261925,115.45000000,6.42400000,115.54
1749261925,115.44000000,1.36200000,115.54
1749261925,115.43000000,2.96800000,115.54
1749261925,115.42000000,12.16000000,115.54
1749261925,115.41000000,9.24200000,115.54
1749261925,115.40000000,3.84500000,115.54
1749261925,115.39000000,11.52200000,115.54
1749261925,115.38000000,14.23400000,115.54
1749261925,115.37000000,15.41400000,115.54
1749261925,115.36000000,24.37100000,115.54
1749261925,115.35000000,24.31200000,115.54
1749261925,115.34000000,9.32200000,115.54
1749261925,115.33000000,6.21100000,115.54
1749261925,115.32000000,20.41400000,115.54
1749261925,115.31000000,5.83900000,115.54
1749261925,115.30000000,15.28800000,115.54
1749261925,115.29000000,5.01300000,115.54
1749261925,115.28000000,4.42500000,115.54
1749261925,115.27000000,37.33500000,115.54
1749261925,115.26000000,3.28600000,115.54
1749261925,115.25000000,0.08700000,115.54
1749261925,115.24000000,4.70000000,115.54
1749261925,115.23000000,21.35700000,115.54
1749261925,115.22000000,1.95200000,115.54
1749261925,115.21000000,0.08700000,115.54
1749261925,115.20000000,66.92900000,115.54
1749261925,115.19000000,2.02000000,115.54
1749261925,115.18000000,4.42500000,115.54
1749261925,115.17000000,37.32600000,115.54
1749261925,115.16000000,57.14000000,115.54
1749261925,115.15000000,0.80700000,115.54
1749261925,115.14000000,3.26300000,115.54
1749261925,115.13000000,3.28000000,115.54
1749261925,115.12000000,3.21200000,115.54
1749261925,115.11000000,39.29200000,115.54
1749261925,115.10000000,1.23200000,115.54
1749261925,115.09000000,3.28000000,115.54
1749261925,115.08000000,2.01800000,115.54
1749261925,115.07000000,3.28000000,115.54
1749261925,115.06000000,74.87900000,115.54
1749261925,115.05000000,0.08700000,115.54
1749261925,115.04000000,1.23200000,115.54
1749261925,115.03000000,8.11100000,115.54
1749261925,115.02000000,4.49000000,115.54
1749261925,115.01000000,0.08700000,115.54
1749261925,115.00000000,9.88400000,115.54
1749261925,114.99000000,0.08700000,115.54
1749261925,114.98000000,1.23200000,115.54
1749261925,114.97000000,3.28100000,115.54
1749261925,114.96000000,1.29800000,115.54
1749261925,114.95000000,6.45700000,115.54
1749261925,114.94000000,1.23200000,115.54
1749261925,114.93000000,93.56200000,115.54
1749261925,114.92000000,1.23200000,115.54
1749261925,114.91000000,0.08700000,115.54
1749261925,114.90000000,4.49100000,115.54
1749261925,114.89000000,76.77600000,115.54
1749261925,114.88000000,4.42500000,115.54
1749261925,114.87000000,5.31200000,115.54
1749261925,114.86000000,1.23200000,115.54
1749261925,114.85000000,0.34800000,115.54
1749261925,114.84000000,1.29800000,115.54
1749261925,114.83000000,0.08700000,115.54
1749261925,114.82000000,0.08700000,115.54
1749261925,114.81000000,3.28000000,115.54
1749261925,114.80000000,1.23200000,115.54
1749261925,114.79000000,0.08700000,115.54
1749261925,114.78000000,0.15300000,115.54
1749261925,114.77000000,3.28000000,115.54
1749261925,114.73000000,3.19300000,115.54
1749261925,114.72000000,0.06600000,115.54
1749261925,114.70000000,10.54900000,115.54
1749261925,114.69000000,3.19100000,115.54
1749261925,114.66000000,0.06600000,115.54
1749261925,114.65000000,3.19400000,115.54
1749261925,114.60000000,0.13600000,115.54
1749261925,114.55000000,46.97300000,115.54
1749261925,114.54000000,0.26700000,115.54
1749261925,114.52000000,4.90700000,115.54
1749261925,114.48000000,0.06600000,115.54
1749261925,114.42000000,0.06600000,115.54
1749261925,114.37000000,10.48300000,115.54
1749261925,114.36000000,0.06600000,115.54
1749261925,114.33000000,0.88900000,115.54
1749261925,114.32000000,0.26100000,115.54
1749261925,114.30000000,0.21900000,115.54
1749261925,114.28000000,18.79900000,115.54
1749261925,114.25000000,1.12600000,115.54
1749261925,114.24000000,0.06600000,115.54
1749261925,114.22000000,1.02900000,115.54
1749261925,114.18000000,0.06600000,115.54
1749261925,114.12000000,0.06600000,115.54
1749261925,114.10000000,0.09500000,115.54
1749262231,115.62000000,1.14500000,115.62
1749262231,115.61000000,2.69100000,115.62
1749262231,115.60000000,2.69100000,115.62
1749262231,115.59000000,4.52700000,115.62
1749262231,115.58000000,2.69100000,115.62
1749262231,115.57000000,1.95000000,115.62
1749262231,115.56000000,2.71700000,115.62
1749262231,115.55000000,0.15200000,115.62
1749262231,115.54000000,7.90600000,115.62
1749262231,115.53000000,12.28800000,115.62
1749262231,115.52000000,17.13900000,115.62
1749262231,115.51000000,8.23400000,115.62
1749262231,115.50000000,17.63300000,115.62
1749262231,115.49000000,18.48300000,115.62
1749262231,115.48000000,0.15200000,115.62
1749262231,115.47000000,4.48900000,115.62
1749262231,115.46000000,0.15200000,115.62
1749262231,115.45000000,0.08700000,115.62
1749262231,115.44000000,2.15100000,115.62
1749262231,115.43000000,0.08700000,115.62
1749262231,115.42000000,4.91000000,115.62
1749262231,115.41000000,4.02100000,115.62
1749262231,115.40000000,18.77700000,115.62
1749262231,115.39000000,22.18800000,115.62
1749262231,115.38000000,12.91100000,115.62
1749262231,115.37000000,14.14700000,115.62
1749262231,115.36000000,1.95300000,115.62
1749262231,115.35000000,0.08700000,115.62
1749262231,115.34000000,1.23200000,115.62
1749262231,115.33000000,52.41400000,115.62
1749262231,115.32000000,38.35200000,115.62
1749262231,115.31000000,0.15000000,115.62
1749262231,115.30000000,22.48900000,115.62
1749262231,115.29000000,11.61000000,115.62
1749262231,115.28000000,4.42500000,115.62
1749262231,115.27000000,37.33500000,115.62
1749262231,115.26000000,1.29800000,115.62
1749262231,115.25000000,0.08700000,115.62
1749262231,115.24000000,1.23200000,115.62
1749262231,115.23000000,2.07500000,115.62
1749262231,115.22000000,1.95200000,115.62
1749262231,115.21000000,0.08700000,115.62
1749262231,115.20000000,17.79700000,115.62
1749262231,115.19000000,0.08700000,115.62
1749262231,115.18000000,4.42500000,115.62
1749262231,115.17000000,2.05200000,115.62
1749262231,115.16000000,57.14000000,115.62
1749262231,115.15000000,0.08700000,115.62
1749262231,115.14000000,3.23200000,115.62
1749262231,115.13000000,3.28000000,115.62
1749262231,115.12000000,1.23200000,115.62
1749262231,115.11000000,0.08700000,115.62
1749262231,115.10000000,38.52000000,115.62
1749262231,115.09000000,3.28000000,115.62
1749262231,115.08000000,1.29800000,115.62
1749262231,115.07000000,3.28000000,115.62
1749262231,115.06000000,74.87900000,115.62
1749262231,115.05000000,8.48000000,115.62
1749262231,115.04000000,3.21300000,115.62
1749262231,115.03000000,0.08700000,115.62
1749262231,115.02000000,6.40500000,115.62
1749262231,115.01000000,10.51100000,115.62
1749262231,115.00000000,12.49200000,115.62
1749262231,114.99000000,0.08700000,115.62
1749262231,114.98000000,0.08700000,115.62
1749262231,114.97000000,3.28100000,115.62
1749262231,114.96000000,1.29800000,115.62
1749262231,114.95000000,3.28000000,115.62
1749262231,114.94000000,1.23200000,115.62
1749262231,114.93000000,93.56200000,115.62
1749262231,114.92000000,1.23200000,115.62
1749262231,114.91000000,0.08700000,115.62
1749262231,114.90000000,4.49100000,115.62
1749262231,114.89000000,76.77600000,115.62
1749262231,114.88000000,4.42500000,115.62
1749262231,114.87000000,0.08700000,115.62
1749262231,114.85000000,0.26100000,115.62
1749262231,114.84000000,1.21100000,115.62
1749262231,114.81000000,3.19300000,115.62
1749262231,114.80000000,1.14500000,115.62
1749262231,114.78000000,0.06600000,115.62
1749262231,114.77000000,3.19300000,115.62
1749262231,114.76000000,1.14500000,115.62
1749262231,114.74000000,8.04400000,115.62
1749262231,114.73000000,3.19300000,115.62
1749262231,114.72000000,0.06600000,115.62
1749262231,114.70000000,10.54900000,115.62
1749262231,114.69000000,3.19100000,115.62
1749262231,114.66000000,0.06600000,115.62
1749262231,114.65000000,3.19400000,115.62
1749262231,114.60000000,0.13600000,115.62
1749262231,114.55000000,46.97300000,115.62
1749262231,114.54000000,0.26700000,115.62
1749262231,114.52000000,4.90700000,115.62
1749262231,114.48000000,0.06600000,115.62
1749262231,114.42000000,0.06600000,115.62
1749262231,114.37000000,10.48300000,115.62
1749262231,114.36000000,0.06600000,115.62
1749262231,114.33000000,0.88900000,115.62
1749262231,114.32000000,0.26100000,115.62
1749262533,116.06000000,1.10700000,116.06
1749262533,116.05000000,0.15200000,116.06
1749262533,116.04000000,0.21700000,116.06
1749262533,116.03000000,1.29700000,116.06
1749262533,116.02000000,0.15200000,116.06
1749262533,116.01000000,1.91700000,116.06
1749262533,116.00000000,4.76300000,116.06
1749262533,115.99000000,7.03700000,116.06
1749262533,115.98000000,0.21700000,116.06
1749262533,115.97000000,1.34100000,116.06
1749262533,115.96000000,0.84100000,116.06
1749262533,115.95000000,1.78300000,116.06
1749262533,115.94000000,0.08700000,116.06
1749262533,115.93000000,0.08700000,116.06
1749262533,115.92000000,1.29700000,116.06
1749262533,115.91000000,4.78400000,116.06
1749262533,115.90000000,0.08700000,116.06
1749262533,115.89000000,52.84700000,116.06
1749262533,115.88000000,8.27600000,116.06
1749262533,115.87000000,8.21500000,116.06
1749262533,115.86000000,18.53100000,116.06
1749262533,115.85000000,7.05400000,116.06
1749262533,115.84000000,27.22800000,116.06
1749262533,115.83000000,30.14000000,116.06
1749262533,115.82000000,16.16900000,116.06
1749262533,115.81000000,17.41500000,116.06
1749262533,115.80000000,0.47700000,116.06
1749262533,115.79000000,19.20400000,116.06
1749262533,115.78000000,1.95000000,116.06
1749262533,115.77000000,3.27200000,116.06
1749262533,115.76000000,0.08700000,116.06
1749262533,115.75000000,1.23200000,116.06
1749262533,115.74000000,37.09200000,116.06
1749262533,115.73000000,3.60600000,116.06
1749262533,115.72000000,1.23200000,116.06
1749262533,115.71000000,7.44300000,116.06
1749262533,115.70000000,3.18700000,116.06
1749262533,115.69000000,0.08700000,116.06
1749262533,115.68000000,3.33900000,116.06
1749262533,115.67000000,1.23200000,116.06
1749262533,115.66000000,0.08700000,116.06
1749262533,115.65000000,0.08700000,116.06
1749262533,115.64000000,0.80400000,116.06
1749262533,115.63000000,1.23200000,116.06
1749262533,115.62000000,0.15200000,116.06
1749262533,115.61000000,4.42200000,116.06
1749262533,115.60000000,56.57500000,116.06
1749262533,115.59000000,1.23200000,116.06
1749262533,115.58000000,0.08700000,116.06
1749262533,115.57000000,22.44000000,116.06
1749262533,115.56000000,3.34200000,116.06
1749262533,115.55000000,0.08700000,116.06
1749262533,115.54000000,1.23200000,116.06
1749262533,115.53000000,0.08700000,116.06
1749262533,115.52000000,0.08700000,116.06
1749262533,115.51000000,4.42300000,116.06
1749262533,115.50000000,0.15200000,116.06
1749262533,115.49000000,1.23200000,116.06
1749262533,115.48000000,3.26400000,116.06
1749262533,115.47000000,4.42400000,116.06
1749262533,115.46000000,0.28800000,116.06
1749262533,115.45000000,37.33500000,116.06
1749262533,115.44000000,1.29700000,116.06
1749262533,115.43000000,0.08700000,116.06
1749262533,115.42000000,60.33100000,116.06
1749262533,115.41000000,5.29500000,116.06
1749262533,115.40000000,4.52200000,116.06
1749262533,115.39000000,0.08700000,116.06
1749262533,115.38000000,1.55800000,116.06
1749262533,115.37000000,14.14700000,116.06
1749262533,115.36000000,0.08700000,116.06
1749262533,115.35000000,0.08700000,116.06
1749262533,115.34000000,1.23200000,116.06
1749262533,115.33000000,3.28200000,116.06
1749262533,115.32000000,11.69400000,116.06
1749262533,115.31000000,0.15000000,116.06
1749262533,115.30000000,1.14500000,116.06
1749262533,115.29000000,7.33700000,116.06
1749262533,115.28000000,4.33800000,116.06
1749262533,115.26000000,1.21100000,116.06
1749262533,115.24000000,1.14500000,116.06
1749262533,115.23000000,74.79200000,116.06
1749262533,115.22000000,1.14500000,116.06
1749262533,115.21000000,3.18500000,116.06
1749262533,115.20000000,1.37100000,116.06
1749262533,115.18000000,4.33800000,116.06
1749262533,115.16000000,93.47500000,116.06
1749262533,115.14000000,0.06600000,116.06
1749262533,115.13000000,3.19300000,116.06
1749262533,115.12000000,1.14500000,116.06
1749262533,115.09000000,3.19300000,116.06
1749262533,115.08000000,0.06600000,116.06
1749262533,115.07000000,3.19300000,116.06
1749262533,115.04000000,8.02400000,116.06
1749262533,115.02000000,3.25800000,116.06
1749262533,115.01000000,10.42400000,116.06
1749262533,115.00000000,3.34600000,116.06
1749262533,114.97000000,3.19400000,116.06
1749262533,114.96000000,0.06600000,116.06
1749262533,114.95000000,3.19300000,116.06
1749262835,116.59000000,0.44300000,116.58
1749262835,116.58000000,2.69000000,116.58
1749262835,116.57000000,2.69000000,116.58
1749262835,116.56000000,2.69000000,116.58
1749262835,116.55000000,3.83500000,116.58
1749262835,116.54000000,0.74400000,116.58
1749262835,116.53000000,1.29600000,116.58
1749262835,116.52000000,7.06100000,116.58
1749262835,116.51000000,1.29600000,116.58
1749262835,116.50000000,0.83700000,116.58
1749262835,116.49000000,6.99700000,116.58
1749262835,116.48000000,1.29600000,116.58
1749262835,116.47000000,6.99900000,116.58
1749262835,116.46000000,1.36100000,116.58
1749262835,116.45000000,3.51200000,116.58
1749262835,116.44000000,9.96200000,116.58
1749262835,116.43000000,0.64500000,116.58
1749262835,116.42000000,4.83500000,116.58
1749262835,116.41000000,7.87800000,116.58
1749262835,116.40000000,0.58100000,116.58
1749262835,116.39000000,2.76400000,116.58
1749262835,116.38000000,3.68200000,116.58
1749262835,116.37000000,9.62100000,116.58
1749262835,116.36000000,8.90700000,116.58
1749262835,116.35000000,1.23100000,116.58
1749262835,116.34000000,17.41800000,116.58
1749262835,116.33000000,20.57600000,116.58
1749262835,116.32000000,7.87600000,116.58
1749262835,116.31000000,34.54700000,116.58
1749262835,116.30000000,0.17300000,116.58
1749262835,116.29000000,1.23100000,116.58
1749262835,116.28000000,7.43300000,116.58
1749262835,116.27000000,20.81700000,116.58
1749262835,116.26000000,0.08700000,116.58
1749262835,116.25000000,49.21900000,116.58
1749262835,116.24000000,36.98600000,116.58
1749262835,116.23000000,4.40500000,116.58
1749262835,116.22000000,2.10900000,116.58
1749262835,116.21000000,1.23200000,116.58
1749262835,116.20000000,7.41400000,116.58
1749262835,116.19000000,1.23200000,116.58
1749262835,116.18000000,0.08700000,116.58
1749262835,116.17000000,1.23200000,116.58
1749262835,116.16000000,3.32500000,116.58
1749262835,116.15000000,0.08700000,116.58
1749262835,116.14000000,0.08700000,116.58
1749262835,116.13000000,1.23200000,116.58
1749262835,116.12000000,0.08700000,116.58
1749262835,116.11000000,3.26100000,116.58
1749262835,116.10000000,1.29700000,116.58
1749262835,116.09000000,1.19000000,116.58
1749262835,116.08000000,1.23200000,116.58
1749262835,116.07000000,0.08700000,116.58
1749262835,116.06000000,4.40900000,116.58
1749262835,116.05000000,0.08700000,116.58
1749262835,116.04000000,1.29700000,116.58
1749262835,116.03000000,8.44500000,116.58
1749262835,116.02000000,1.23100000,116.58
1749262835,116.01000000,0.08600000,116.58
1749262835,116.00000000,21.40000000,116.58
1749262835,115.99000000,6.42800000,116.58
1749262835,115.98000000,0.15100000,116.58
1749262835,115.97000000,0.08600000,116.58
1749262835,115.96000000,0.08600000,116.58
1749262835,115.95000000,38.61700000,116.58
1749262835,115.94000000,0.08600000,116.58
1749262835,115.93000000,3.26400000,116.58
1749262835,115.92000000,1.75800000,116.58
1749262835,115.91000000,0.08600000,116.58
1749262835,115.90000000,3.26600000,116.58
1749262835,115.89000000,1.23100000,116.58
1749262835,115.88000000,3.26600000,116.58
1749262835,115.87000000,36.89000000,116.58
1749262835,115.86000000,1.29600000,116.58
1749262835,115.85000000,0.08600000,116.58
1749262835,115.84000000,3.26800000,116.58
1749262835,115.81000000,1.14500000,116.58
1749262835,115.80000000,0.13500000,116.58
1749262835,115.78000000,1.14500000,116.58
1749262835,115.77000000,60.28000000,116.58
1749262835,115.75000000,1.14500000,116.58
1749262835,115.74000000,0.06500000,116.58
1749262835,115.73000000,3.18500000,116.58
1749262835,115.72000000,1.14500000,116.58
1749262835,115.71000000,3.18500000,116.58
1749262835,115.70000000,1.14500000,116.58
1749262835,115.69000000,10.36300000,116.58
1749262835,115.68000000,80.02400000,116.58
1749262835,115.63000000,1.14500000,116.58
1749262835,115.62000000,0.06500000,116.58
1749262835,115.61000000,4.33500000,116.58
1749262835,115.60000000,19.47200000,116.58
1749262835,115.57000000,1.14500000,116.58
1749262835,115.56000000,3.32400000,116.58
1749262835,115.54000000,93.63100000,116.58
1749262835,115.53000000,4.91700000,116.58
1749262835,115.51000000,4.33600000,116.58
1749262835,115.50000000,0.06500000,116.58
1749262835,115.49000000,1.14500000,116.58
1749262835,115.47000000,3.19200000,116.58
1749263137,116.82000000,1.58800000,116.85
1749263137,116.81000000,2.69000000,116.85
1749263137,116.80000000,2.69000000,116.85
1749263137,116.79000000,2.69000000,116.85
1749263137,116.78000000,1.98000000,116.85
1749263137,116.77000000,0.72000000,116.85
1749263137,116.76000000,8.19300000,116.85
1749263137,116.75000000,0.15100000,116.85
1749263137,116.74000000,8.62000000,116.85
1749263137,116.73000000,0.46400000,116.85
1749263137,116.72000000,0.15100000,116.85
1749263137,116.71000000,1.60900000,116.85
1749263137,116.70000000,0.21600000,116.85
1749263137,116.69000000,13.13700000,116.85
1749263137,116.68000000,8.07700000,116.85
1749263137,116.67000000,10.18200000,116.85
1749263137,116.66000000,8.48900000,116.85
1749263137,116.65000000,4.38900000,116.85
1749263137,116.64000000,8.35400000,116.85
1749263137,116.63000000,19.01000000,116.85
1749263137,116.62000000,11.33700000,116.85
1749263137,116.61000000,17.92100000,116.85
1749263137,116.60000000,3.56100000,116.85
1749263137,116.59000000,8.37400000,116.85
1749263137,116.58000000,1.29600000,116.85
1749263137,116.57000000,0.08600000,116.85
1749263137,116.56000000,2.74400000,116.85
1749263137,116.55000000,3.24300000,116.85
1749263137,116.54000000,0.08600000,116.85
1749263137,116.53000000,4.66000000,116.85
1749263137,116.52000000,3.31400000,116.85
1749263137,116.51000000,1.23100000,116.85
1749263137,116.50000000,36.95300000,116.85
1749263137,116.49000000,0.08600000,116.85
1749263137,116.48000000,1.94500000,116.85
1749263137,116.47000000,0.08600000,116.85
1749263137,116.46000000,20.16800000,116.85
1749263137,116.45000000,3.51200000,116.85
1749263137,116.44000000,1.66100000,116.85
1749263137,116.43000000,0.08600000,116.85
1749263137,116.42000000,4.77000000,116.85
1749263137,116.41000000,49.21800000,116.85
1749263137,116.40000000,38.75000000,116.85
1749263137,116.39000000,1.66100000,116.85
1749263137,116.38000000,3.68200000,116.85
1749263137,116.37000000,1.23100000,116.85
1749263137,116.36000000,0.51600000,116.85
1749263137,116.35000000,1.23100000,116.85
1749263137,116.34000000,0.52400000,116.85
1749263137,116.33000000,4.39400000,116.85
1749263137,116.32000000,0.08600000,116.85
1749263137,116.31000000,4.40400000,116.85
1749263137,116.30000000,21.24800000,116.85
1749263137,116.29000000,58.32600000,116.85
1749263137,116.28000000,3.32400000,116.85
1749263137,116.27000000,1.23100000,116.85
1749263137,116.26000000,0.08700000,116.85
1749263137,116.25000000,0.08700000,116.85
1749263137,116.24000000,3.25200000,116.85
1749263137,116.23000000,4.40500000,116.85
1749263137,116.22000000,5.32100000,116.85
1749263137,116.21000000,1.23200000,116.85
1749263137,116.20000000,3.26000000,116.85
1749263137,116.19000000,78.00400000,116.85
1749263137,116.18000000,0.08700000,116.85
1749263137,116.17000000,1.23200000,116.85
1749263137,116.16000000,3.32500000,116.85
1749263137,116.15000000,0.08700000,116.85
1749263137,116.14000000,0.08600000,116.85
1749263137,116.13000000,1.23100000,116.85
1749263137,116.12000000,0.08600000,116.85
1749263137,116.11000000,39.92300000,116.85
1749263137,116.10000000,1.29600000,116.85
1749263137,116.09000000,0.08600000,116.85
1749263137,116.08000000,1.23100000,116.85
1749263137,116.07000000,0.08600000,116.85
1749263137,116.06000000,4.32200000,116.85
1749263137,116.04000000,1.21000000,116.85
1749263137,116.03000000,3.17700000,116.85
1749263137,116.02000000,1.14500000,116.85
1749263137,116.01000000,10.33500000,116.85
1749263137,116.00000000,92.67100000,116.85
1749263137,115.99000000,26.03900000,116.85
1749263137,115.98000000,0.06500000,116.85
1749263137,115.95000000,1.14500000,116.85
1749263137,115.93000000,3.17800000,116.85
1749263137,115.92000000,1.67200000,116.85
1749263137,115.90000000,3.18000000,116.85
1749263137,115.89000000,1.14500000,116.85
1749263137,115.88000000,3.18000000,116.85
1749263137,115.86000000,0.06500000,116.85
1749263137,115.84000000,3.18200000,116.85
1749263137,115.80000000,6.88400000,116.85
1749263137,115.79000000,4.13800000,116.85
1749263137,115.77000000,3.18500000,116.85
1749263137,115.74000000,0.66800000,116.85
1749263137,115.73000000,3.18500000,116.85
1749263137,115.71000000,3.18500000,116.85
1749263137,115.69000000,10.36300000,116.85
1749263137,115.68000000,78.44300000,116.85
1749263438,116.73000000,1.12700000,116.74
1749263438,116.72000000,0.15100000,116.74
1749263438,116.71000000,1.60900000,116.74
1749263438,116.70000000,0.21600000,116.74
1749263438,116.69000000,1.60900000,116.74
1749263438,116.68000000,0.15100000,116.74
1749263438,116.67000000,10.63300000,116.74
1749263438,116.66000000,0.46400000,116.74
1749263438,116.65000000,1.29600000,116.74
1749263438,116.64000000,0.52900000,116.74
1749263438,116.63000000,1.78900000,116.74
1749263438,116.62000000,0.15100000,116.74
1749263438,116.61000000,1.54400000,116.74
1749263438,116.60000000,8.39000000,116.74
1749263438,116.59000000,17.36700000,116.74
1749263438,116.58000000,5.31700000,116.74
1749263438,116.57000000,18.46900000,116.74
1749263438,116.56000000,10.52100000,116.74
1749263438,116.55000000,11.23400000,116.74
1749263438,116.54000000,23.85700000,116.74
1749263438,116.53000000,1.23100000,116.74
1749263438,116.52000000,4.02600000,116.74
1749263438,116.51000000,1.23100000,116.74
1749263438,116.50000000,0.40100000,116.74
1749263438,116.49000000,36.65000000,116.74
1749263438,116.48000000,1.23100000,116.74
1749263438,116.47000000,3.51700000,116.74
1749263438,116.46000000,1.29600000,116.74
1749263438,116.45000000,5.46700000,116.74
1749263438,116.44000000,1.66100000,116.74
1749263438,116.43000000,0.08600000,116.74
1749263438,116.42000000,4.77000000,116.74
1749263438,116.41000000,0.08600000,116.74
1749263438,116.40000000,20.23500000,116.74
1749263438,116.39000000,39.04700000,116.74
1749263438,116.38000000,3.25200000,116.74
1749263438,116.37000000,1.23100000,116.74
1749263438,116.36000000,0.08600000,116.74
1749263438,116.35000000,1.23100000,116.74
1749263438,116.34000000,0.15100000,116.74
1749263438,116.33000000,4.39400000,116.74
1749263438,116.32000000,21.15700000,116.74
1749263438,116.31000000,4.40400000,116.74
1749263438,116.30000000,57.18100000,116.74
1749263438,116.29000000,1.23100000,116.74
1749263438,116.28000000,4.03600000,116.74
1749263438,116.27000000,1.23100000,116.74
1749263438,116.26000000,0.08700000,116.74
1749263438,116.25000000,0.08700000,116.74
1749263438,116.24000000,36.70400000,116.74
1749263438,116.23000000,4.40500000,116.74
1749263438,116.22000000,5.32100000,116.74
1749263438,116.21000000,1.23200000,116.74
1749263438,116.20000000,3.26000000,116.74
1749263438,116.19000000,78.00400000,116.74
1749263438,116.18000000,0.08700000,116.74
1749263438,116.17000000,1.23100000,116.74
1749263438,116.16000000,3.32400000,116.74
1749263438,116.15000000,3.25100000,116.74
1749263438,116.14000000,0.08600000,116.74
1749263438,116.13000000,1.23100000,116.74
1749263438,116.12000000,0.08600000,116.74
1749263438,116.11000000,3.26000000,116.74
1749263438,116.10000000,0.15100000,116.74
1749263438,116.09000000,1.23100000,116.74
1749263438,116.08000000,0.08600000,116.74
1749263438,116.07000000,0.08600000,116.74
1749263438,116.06000000,3.26300000,116.74
1749263438,116.05000000,1.23100000,116.74
1749263438,116.04000000,0.15100000,116.74
1749263438,116.03000000,4.40800000,116.74
1749263438,116.02000000,0.08600000,116.74
1749263438,116.01000000,11.56600000,116.74
1749263438,116.00000000,92.75700000,116.74
1749263438,115.99000000,101.31600000,116.74
1749263438,115.98000000,0.15100000,116.74
1749263438,115.97000000,1.14500000,116.74
1749263438,115.93000000,4.32300000,116.74
1749263438,115.92000000,0.52700000,116.74
1749263438,115.91000000,1.14500000,116.74
1749263438,115.90000000,3.18000000,116.74
1749263438,115.89000000,1.14500000,116.74
1749263438,115.88000000,3.18000000,116.74
1749263438,115.87000000,1.14500000,116.74
1749263438,115.86000000,0.06500000,116.74
1749263438,115.84000000,3.18200000,116.74
1749263438,115.83000000,1.14500000,116.74
1749263438,115.80000000,11.02100000,116.74
1749263438,115.79000000,1.14500000,116.74
1749263438,115.77000000,3.18500000,116.74
1749263438,115.74000000,0.06500000,116.74
1749263438,115.73000000,3.18500000,116.74
1749263438,115.71000000,3.18500000,116.74
1749263438,115.69000000,10.36300000,116.74
1749263438,115.68000000,3.25200000,116.74
1749263438,115.66000000,20.53100000,116.74
1749263438,115.62000000,0.06500000,116.74
1749263438,115.61000000,3.19000000,116.74
1749263438,115.60000000,19.47200000,116.74
1749263438,115.59000000,0.22500000,116.74
1749263740,116.51000000,0.77200000,116.53
1749263740,116.50000000,0.08600000,116.53
1749263740,116.49000000,0.15100000,116.53
1749263740,116.48000000,1.29600000,116.53
1749263740,116.47000000,0.15100000,116.53
1749263740,116.46000000,1.36100000,116.53
1749263740,116.45000000,0.41200000,116.53
1749263740,116.44000000,1.72600000,116.53
1749263740,116.43000000,6.16600000,116.53
1749263740,116.42000000,2.16500000,116.53
1749263740,116.41000000,8.04100000,116.53
1749263740,116.40000000,0.71600000,116.53
1749263740,116.39000000,4.22600000,116.53
1749263740,116.38000000,0.15100000,116.53
1749263740,116.37000000,9.12100000,116.53
1749263740,116.36000000,9.03200000,116.53
1749263740,116.35000000,9.12100000,116.53
1749263740,116.34000000,3.31600000,116.53
1749263740,116.33000000,18.30700000,116.53
1749263740,116.32000000,24.35500000,116.53
1749263740,116.31000000,12.49400000,116.53
1749263740,116.30000000,0.08600000,116.53
1749263740,116.29000000,1.23100000,116.53
1749263740,116.28000000,4.03600000,116.53
1749263740,116.27000000,1.23100000,116.53
1749263740,116.26000000,0.08700000,116.53
1749263740,116.25000000,1.23200000,116.53
1749263740,116.24000000,0.08700000,116.53
1749263740,116.23000000,6.36000000,116.53
1749263740,116.22000000,3.59100000,116.53
1749263740,116.21000000,1.23200000,116.53
1749263740,116.20000000,39.87900000,116.53
1749263740,116.19000000,1.23200000,116.53
1749263740,116.18000000,0.08700000,116.53
1749263740,116.17000000,1.23100000,116.53
1749263740,116.16000000,4.03700000,116.53
1749263740,116.15000000,1.23100000,116.53
1749263740,116.14000000,37.47200000,116.53
1749263740,116.13000000,20.10300000,116.53
1749263740,116.12000000,0.08600000,116.53
1749263740,116.11000000,4.40500000,116.53
1749263740,116.10000000,0.15100000,116.53
1749263740,116.09000000,1.23100000,116.53
1749263740,116.08000000,21.20000000,116.53
1749263740,116.07000000,1.23100000,116.53
1749263740,116.06000000,3.26300000,116.53
1749263740,116.05000000,58.32600000,116.53
1749263740,116.04000000,37.59300000,116.53
1749263740,116.03000000,4.40800000,116.53
1749263740,116.02000000,0.08600000,116.53
1749263740,116.01000000,1.23100000,116.53
1749263740,116.00000000,0.27100000,116.53
1749263740,115.99000000,3.26300000,116.53
1749263740,115.98000000,0.15100000,116.53
1749263740,115.97000000,1.23100000,116.53
1749263740,115.96000000,0.08600000,116.53
1749263740,115.95000000,1.23100000,116.53
1749263740,115.94000000,0.08600000,116.53
1749263740,115.93000000,84.32700000,116.53
1749263740,115.92000000,0.61300000,116.53
1749263740,115.91000000,1.23100000,116.53
1749263740,115.90000000,3.26600000,116.53
1749263740,115.89000000,1.23100000,116.53
1749263740,115.88000000,3.26600000,116.53
1749263740,115.87000000,1.23100000,116.53
1749263740,115.86000000,0.15100000,116.53
1749263740,115.85000000,0.08600000,116.53
1749263740,115.84000000,3.26800000,116.53
1749263740,115.83000000,6.42000000,116.53
1749263740,115.82000000,92.57200000,116.53
1749263740,115.81000000,2.72200000,116.53
1749263740,115.80000000,2.03000000,116.53
1749263740,115.79000000,1.23100000,116.53
1749263740,115.78000000,75.27700000,116.53
1749263740,115.77000000,4.41600000,116.53
1749263740,115.76000000,0.08600000,116.53
1749263740,115.74000000,0.06500000,116.53
1749263740,115.73000000,4.33000000,116.53
1749263740,115.71000000,4.33000000,116.53
1749263740,115.69000000,10.36300000,116.53
1749263740,115.68000000,3.25200000,116.53
1749263740,115.66000000,20.53100000,116.53
1749263740,115.62000000,0.06500000,116.53
1749263740,115.61000000,3.19000000,116.53
1749263740,115.60000000,19.47200000,116.53
1749263740,115.56000000,3.32400000,116.53
1749263740,115.55000000,45.95800000,116.53
1749263740,115.53000000,4.95100000,116.53
1749263740,115.51000000,4.05500000,116.53
1749263740,115.50000000,0.23800000,116.53
1749263740,115.47000000,3.19200000,116.53
1749263740,115.46000000,0.20100000,116.53
1749263740,115.44000000,0.06500000,116.53
1749263740,115.42000000,23.51300000,116.53
1749263740,115.40000000,3.33800000,116.53
1749263740,115.38000000,0.32600000,116.53
1749263740,115.37000000,1.01900000,116.53
1749263740,115.33000000,3.19500000,116.53
1749263740,115.32000000,10.46200000,116.53
1749263740,115.31000000,0.06300000,116.53
1749264041,116.35000000,0.08700000,116.4
1749264041,116.34000000,0.08700000,116.4
1749264041,116.33000000,0.47500000,116.4
1749264041,116.32000000,1.29700000,116.4
1749264041,116.31000000,0.47500000,116.4
1749264041,116.30000000,0.15200000,116.4
1749264041,116.29000000,0.47500000,116.4
1749264041,116.28000000,1.68500000,116.4
1749264041,116.27000000,6.59100000,116.4
1749264041,116.26000000,0.15200000,116.4
1749264041,116.25000000,2.97500000,116.4
1749264041,116.24000000,1.16200000,116.4
1749264041,116.23000000,8.45300000,116.4
1749264041,116.22000000,8.72400000,116.4
1749264041,116.21000000,2.39300000,116.4
1749264041,116.20000000,1.09300000,116.4
1749264041,116.19000000,1.69000000,116.4
1749264041,116.18000000,7.77700000,116.4
1749264041,116.17000000,11.27400000,116.4
1749264041,116.16000000,27.36800000,116.4
1749264041,116.15000000,3.58100000,116.4
1749264041,116.14000000,16.18800000,116.4
1749264041,116.13000000,17.00900000,116.4
1749264041,116.12000000,0.41100000,116.4
1749264041,116.11000000,1.23200000,116.4
1749264041,116.10000000,3.32700000,116.4
1749264041,116.09000000,2.65100000,116.4
1749264041,116.08000000,0.08600000,116.4
1749264041,116.07000000,0.08600000,116.4
1749264041,116.06000000,4.40600000,116.4
1749264041,116.05000000,0.40900000,116.4
1749264041,116.04000000,19.74000000,116.4
1749264041,116.03000000,44.48200000,116.4
1749264041,116.02000000,3.26000000,116.4
1749264041,116.01000000,1.23100000,116.4
1749264041,116.00000000,0.27100000,116.4
1749264041,115.99000000,1.23100000,116.4
1749264041,115.98000000,40.71400000,116.4
1749264041,115.97000000,1.23100000,116.4
1749264041,115.96000000,0.08600000,116.4
1749264041,115.95000000,1.23100000,116.4
1749264041,115.94000000,0.08600000,116.4
1749264041,115.93000000,4.40900000,116.4
1749264041,115.92000000,1.33000000,116.4
1749264041,115.91000000,1.23100000,116.4
1749264041,115.90000000,3.26600000,116.4
1749264041,115.89000000,1.23100000,116.4
1749264041,115.88000000,24.41700000,116.4
1749264041,115.87000000,3.18500000,116.4
1749264041,115.86000000,0.15100000,116.4
1749264041,115.85000000,1.23100000,116.4
1749264041,115.84000000,3.26800000,116.4
1749264041,115.83000000,1.23100000,116.4
1749264041,115.82000000,59.10300000,116.4
1749264041,115.81000000,1.23100000,116.4
1749264041,115.80000000,2.74500000,116.4
1749264041,115.79000000,4.37700000,116.4
1749264041,115.78000000,36.98400000,116.4
1749264041,115.77000000,6.38500000,116.4
1749264041,115.76000000,0.08600000,116.4
1749264041,115.75000000,1.23100000,116.4
1749264041,115.74000000,76.92300000,116.4
1749264041,115.73000000,4.41600000,116.4
1749264041,115.72000000,0.08600000,116.4
1749264041,115.71000000,4.41600000,116.4
1749264041,115.70000000,1.99100000,116.4
1749264041,115.69000000,1.23100000,116.4
1749264041,115.68000000,3.33800000,116.4
1749264041,115.67000000,1.23100000,116.4
1749264041,115.66000000,0.08600000,116.4
1749264041,115.65000000,1.23100000,116.4
1749264041,115.64000000,5.28500000,116.4
1749264041,115.63000000,11.60000000,116.4
1749264041,115.62000000,0.15200000,116.4
1749264041,115.61000000,4.42200000,116.4
1749264041,115.60000000,3.27700000,116.4
1749264041,115.57000000,1.14500000,116.4
1749264041,115.56000000,3.32400000,116.4
1749264041,115.55000000,9.02300000,116.4
1749264041,115.54000000,92.48600000,116.4
1749264041,115.53000000,1.14500000,116.4
1749264041,115.51000000,4.33600000,116.4
1749264041,115.50000000,16.36100000,116.4
1749264041,115.49000000,1.14500000,116.4
1749264041,115.47000000,3.19200000,116.4
1749264041,115.46000000,0.20100000,116.4
1749264041,115.44000000,0.06500000,116.4
1749264041,115.43000000,8.00000000,116.4
1749264041,115.42000000,3.19100000,116.4
1749264041,115.40000000,3.33800000,116.4
1749264041,115.38000000,0.32600000,116.4
1749264041,115.37000000,1.01900000,116.4
1749264041,115.33000000,3.19500000,116.4
1749264041,115.32000000,85.65300000,116.4
1749264041,115.31000000,0.06300000,116.4
1749264041,115.29000000,3.17700000,116.4
1749264041,115.27000000,45.95800000,116.4
1749264041,115.26000000,0.06600000,116.4
1749264041,115.25000000,8.04500000,116.4
1749264041,115.20000000,0.22600000,116.4
1749264343,116.40000000,0.76000000,116.4
1749264343,116.39000000,1.84000000,116.4
1749264343,116.38000000,0.15200000,116.4
1749264343,116.37000000,1.29700000,116.4
1749264343,116.36000000,0.42600000,116.4
1749264343,116.35000000,4.38300000,116.4
1749264343,116.34000000,5.29700000,116.4
1749264343,116.33000000,9.28700000,116.4
1749264343,116.32000000,5.54600000,116.4
1749264343,116.31000000,10.07400000,116.4
1749264343,116.30000000,0.15200000,116.4
1749264343,116.29000000,1.29700000,116.4
1749264343,116.28000000,0.21700000,116.4
1749264343,116.27000000,0.15200000,116.4
1749264343,116.26000000,0.15200000,116.4
1749264343,116.25000000,1.29700000,116.4
1749264343,116.24000000,8.24200000,116.4
1749264343,116.23000000,13.57700000,116.4
1749264343,116.22000000,1.36200000,116.4
1749264343,116.21000000,9.04100000,116.4
1749264343,116.20000000,9.55100000,116.4
1749264343,116.19000000,3.25900000,116.4
1749264343,116.18000000,8.17700000,116.4
1749264343,116.17000000,18.41100000,116.4
1749264343,116.16000000,28.35100000,116.4
1749264343,116.15000000,0.40400000,116.4
1749264343,116.14000000,1.23200000,116.4
1749264343,116.13000000,3.25900000,116.4
1749264343,116.12000000,3.25700000,116.4
1749264343,116.11000000,0.08700000,116.4
1749264343,116.10000000,1.29700000,116.4
1749264343,116.09000000,0.08700000,116.4
1749264343,116.08000000,1.23100000,116.4
1749264343,116.07000000,0.08600000,116.4
1749264343,116.06000000,4.40500000,116.4
1749264343,116.05000000,40.54700000,116.4
1749264343,116.04000000,0.86600000,116.4
1749264343,116.03000000,4.27300000,116.4
1749264343,116.02000000,22.13400000,116.4
1749264343,116.01000000,1.23100000,116.4
1749264343,116.00000000,0.27100000,116.4
1749264343,115.99000000,4.40800000,116.4
1749264343,115.98000000,0.15100000,116.4
1749264343,115.97000000,2.32700000,116.4
1749264343,115.96000000,0.08600000,116.4
1749264343,115.95000000,38.61700000,116.4
1749264343,115.94000000,0.08600000,116.4
1749264343,115.93000000,4.40900000,116.4
1749264343,115.92000000,1.32900000,116.4
1749264343,115.91000000,1.23100000,116.4
1749264343,115.90000000,3.26600000,116.4
1749264343,115.89000000,1.23100000,116.4
1749264343,115.88000000,3.26600000,116.4
1749264343,115.87000000,1.23100000,116.4
1749264343,115.86000000,0.15100000,116.4
1749264343,115.85000000,1.23100000,116.4
1749264343,115.84000000,40.13000000,116.4
1749264343,115.83000000,1.23100000,116.4
1749264343,115.82000000,23.17000000,116.4
1749264343,115.81000000,4.37700000,116.4
1749264343,115.80000000,2.03000000,116.4
1749264343,115.79000000,1.23100000,116.4
1749264343,115.78000000,57.18100000,116.4
1749264343,115.77000000,81.18800000,116.4
1749264343,115.76000000,0.08600000,116.4
1749264343,115.75000000,1.23100000,116.4
1749264343,115.74000000,0.15100000,116.4
1749264343,115.73000000,4.41600000,116.4
1749264343,115.72000000,0.08600000,116.4
1749264343,115.71000000,4.41600000,116.4
1749264343,115.70000000,0.08600000,116.4
1749264343,115.69000000,1.23100000,116.4
1749264343,115.68000000,3.33800000,116.4
1749264343,115.67000000,1.23100000,116.4
1749264343,115.66000000,0.08600000,116.4
1749264343,115.65000000,6.43000000,116.4
1749264343,115.63000000,11.51400000,116.4
1749264343,115.62000000,0.06500000,116.4
1749264343,115.61000000,4.33500000,116.4
1749264343,115.60000000,3.19000000,116.4
1749264343,115.57000000,1.14500000,116.4
1749264343,115.56000000,3.32400000,116.4
1749264343,115.55000000,9.02300000,116.4
1749264343,115.54000000,92.48600000,116.4
1749264343,115.53000000,1.14500000,116.4
1749264343,115.51000000,26.14800000,116.4
1749264343,115.50000000,16.36100000,116.4
1749264343,115.47000000,3.19200000,116.4
1749264343,115.46000000,0.20100000,116.4
1749264343,115.44000000,0.06500000,116.4
1749264343,115.43000000,8.00000000,116.4
1749264343,115.42000000,3.19100000,116.4
1749264343,115.40000000,3.33800000,116.4
1749264343,115.38000000,0.32600000,116.4
1749264343,115.37000000,1.01900000,116.4
1749264343,115.33000000,3.19500000,116.4
1749264343,115.32000000,85.65300000,116.4
1749264343,115.31000000,0.06300000,116.4
1749264343,115.29000000,3.17700000,116.4
1749264343,115.27000000,45.95800000,116.4
1749264650,116.39000000,1.58800000,116.38
1749264650,116.38000000,0.15200000,116.38
1749264650,116.37000000,1.29700000,116.38
1749264650,116.36000000,0.15200000,116.38
1749264650,116.35000000,0.15200000,116.38
1749264650,116.34000000,0.75100000,116.38
1749264650,116.33000000,0.46500000,116.38
1749264650,116.32000000,4.94800000,116.38
1749264650,116.31000000,2.96500000,116.38
1749264650,116.30000000,1.15200000,116.38
1749264650,116.29000000,10.48800000,116.38
1749264650,116.28000000,8.92300000,116.38
1749264650,116.27000000,6.09800000,116.38
1749264650,116.26000000,0.46700000,116.38
1749264650,116.25000000,0.15200000,116.38
1749264650,116.24000000,5.32500000,116.38
1749264650,116.23000000,26.62000000,116.38
1749264650,116.22000000,17.94100000,116.38
1749264650,116.21000000,1.24800000,116.38
1749264650,116.20000000,1.29700000,116.38
1749264650,116.19000000,0.40000000,116.38
1749264650,116.18000000,8.79000000,116.38
1749264650,116.17000000,4.40400000,116.38
1749264650,116.16000000,1.18500000,116.38
1749264650,116.15000000,0.40400000,116.38
1749264650,116.14000000,4.40500000,116.38
1749264650,116.13000000,0.08700000,116.38
1749264650,116.12000000,1.23200000,116.38
1749264650,116.11000000,0.08700000,116.38
1749264650,116.10000000,1.29700000,116.38
1749264650,116.09000000,40.11900000,116.38
1749264650,116.08000000,1.23100000,116.38
1749264650,116.07000000,0.08600000,116.38
1749264650,116.06000000,23.27700000,116.38
1749264650,116.05000000,0.40900000,116.38
1749264650,116.04000000,0.86700000,116.38
1749264650,116.03000000,2.32700000,116.38
1749264650,116.02000000,3.26200000,116.38
1749264650,116.01000000,4.67600000,116.38
1749264650,116.00000000,2.26900000,116.38
1749264650,115.99000000,4.40800000,116.38
1749264650,115.98000000,21.28400000,116.38
1749264650,115.97000000,39.71300000,116.38
1749264650,115.96000000,0.08600000,116.38
1749264650,115.95000000,1.23100000,116.38
1749264650,115.94000000,0.08600000,116.38
1749264650,115.93000000,41.24700000,116.38
1749264650,115.92000000,3.28000000,116.38
1749264650,115.91000000,58.32600000,116.38
1749264650,115.90000000,3.26600000,116.38
1749264650,115.89000000,1.23100000,116.38
1749264650,115.88000000,3.26600000,116.38
1749264650,115.87000000,1.23100000,116.38
1749264650,115.86000000,0.15100000,116.38
1749264650,115.85000000,1.23100000,116.38
1749264650,115.84000000,3.26800000,116.38
1749264650,115.83000000,1.23100000,116.38
1749264650,115.82000000,2.00800000,116.38
1749264650,115.81000000,1.23100000,116.38
1749264650,115.80000000,2.03000000,116.38
1749264650,115.79000000,4.38800000,116.38
1749264650,115.78000000,0.08600000,116.38
1749264650,115.77000000,81.18800000,116.38
1749264650,115.76000000,0.08600000,116.38
1749264650,115.75000000,1.23100000,116.38
1749264650,115.74000000,0.15100000,116.38
1749264650,115.73000000,4.41600000,116.38
1749264650,115.72000000,1.99000000,116.38
1749264650,115.71000000,4.41600000,116.38
1749264650,115.70000000,2.05600000,116.38
1749264650,115.69000000,1.23100000,116.38
1749264650,115.68000000,3.33800000,116.38
1749264650,115.67000000,1.23100000,116.38
1749264650,115.66000000,5.28500000,116.38
1749264650,115.65000000,1.23100000,116.38
1749264650,115.64000000,0.08700000,116.38
1749264650,115.63000000,11.51400000,116.38
1749264650,115.62000000,0.06500000,116.38
1749264650,115.61000000,4.33500000,116.38
1749264650,115.60000000,3.19000000,116.38
1749264650,115.57000000,1.14500000,116.38
1749264650,115.56000000,3.32400000,116.38
1749264650,115.55000000,1.14500000,116.38
1749264650,115.54000000,92.48600000,116.38
1749264650,115.51000000,26.14800000,116.38
1749264650,115.50000000,16.36100000,116.38
1749264650,115.49000000,7.88200000,116.38
1749264650,115.47000000,3.19200000,116.38
1749264650,115.46000000,0.20100000,116.38
1749264650,115.44000000,0.06500000,116.38
1749264650,115.42000000,3.19100000,116.38
1749264650,115.40000000,3.33800000,116.38
1749264650,115.38000000,0.32600000,116.38
1749264650,115.37000000,1.01900000,116.38
1749264650,115.36000000,8.00700000,116.38
1749264650,115.33000000,3.19500000,116.38
1749264650,115.32000000,85.65300000,116.38
1749264650,115.31000000,0.06300000,116.38
1749264650,115.29000000,3.17700000,116.38
1749264650,115.27000000,45.95800000,116.38
1749264952,116.58000000,1.14500000,116.61
1749264952,116.57000000,2.65100000,116.61
1749264952,116.56000000,0.15100000,116.61
1749264952,116.55000000,0.15100000,116.61
1749264952,116.54000000,1.98100000,116.61
1749264952,116.53000000,0.71200000,116.61
1749264952,116.52000000,1.36100000,116.61
1749264952,116.51000000,14.53200000,116.61
1749264952,116.50000000,17.73300000,116.61
1749264952,116.49000000,1.29600000,116.61
1749264952,116.48000000,0.15100000,116.61
1749264952,116.47000000,14.08100000,116.61
1749264952,116.46000000,0.21600000,116.61
1749264952,116.45000000,9.74100000,116.61
1749264952,116.44000000,19.73600000,116.61
1749264952,116.43000000,16.13500000,116.61
1749264952,116.42000000,1.23200000,116.61
1749264952,116.41000000,3.73900000,116.61
1749264952,116.40000000,2.01100000,116.61
1749264952,116.39000000,1.49300000,116.61
1749264952,116.38000000,0.08700000,116.61
1749264952,116.37000000,4.39700000,116.61
1749264952,116.36000000,0.08700000,116.61
1749264952,116.35000000,1.23200000,116.61
1749264952,116.34000000,3.32000000,116.61
1749264952,116.33000000,2.64100000,116.61
1749264952,116.32000000,0.08700000,116.61
1749264952,116.31000000,1.54500000,116.61
1749264952,116.30000000,3.56900000,116.61
1749264952,116.29000000,1.23200000,116.61
1749264952,116.28000000,1.18200000,116.61
1749264952,116.27000000,39.04700000,116.61
1749264952,116.26000000,0.40200000,116.61
1749264952,116.25000000,3.25700000,116.61
1749264952,116.24000000,4.40200000,116.61
1749264952,116.23000000,0.08700000,116.61
1749264952,116.22000000,3.27800000,116.61
1749264952,116.21000000,5.47300000,116.61
1749264952,116.20000000,1.23200000,116.61
1749264952,116.19000000,0.40000000,116.61
1749264952,116.18000000,55.97300000,116.61
1749264952,116.17000000,4.40400000,116.61
1749264952,116.16000000,1.18500000,116.61
1749264952,116.15000000,0.40400000,116.61
1749264952,116.14000000,4.40500000,116.61
1749264952,116.13000000,0.08700000,116.61
1749264952,116.12000000,1.23200000,116.61
1749264952,116.11000000,0.08700000,116.61
1749264952,116.10000000,1.29700000,116.61
1749264952,116.09000000,26.33500000,116.61
1749264952,116.08000000,1.23100000,116.61
1749264952,116.07000000,0.08600000,116.61
1749264952,116.06000000,41.79100000,116.61
1749264952,116.05000000,2.30800000,116.61
1749264952,116.04000000,57.24600000,116.61
1749264952,116.03000000,1.23100000,116.61
1749264952,116.02000000,8.45100000,116.61
1749264952,116.01000000,1.23100000,116.61
1749264952,116.00000000,2.19000000,116.61
1749264952,115.99000000,7.56500000,116.61
1749264952,115.98000000,0.15100000,116.61
1749264952,115.97000000,1.23100000,116.61
1749264952,115.96000000,0.08600000,116.61
1749264952,115.95000000,1.23100000,116.61
1749264952,115.94000000,87.19900000,116.61
1749264952,115.93000000,4.40900000,116.61
1749264952,115.92000000,0.61300000,116.61
1749264952,115.91000000,1.23100000,116.61
1749264952,115.90000000,3.26600000,116.61
1749264952,115.89000000,1.23100000,116.61
1749264952,115.88000000,3.26600000,116.61
1749264952,115.87000000,1.23100000,116.61
1749264952,115.86000000,8.00800000,116.61
1749264952,115.85000000,1.23100000,116.61
1749264952,115.84000000,3.26800000,116.61
1749264952,115.83000000,0.08600000,116.61
1749264952,115.81000000,1.14500000,116.61
1749264952,115.80000000,1.94400000,116.61
1749264952,115.79000000,1.14500000,116.61
1749264952,115.77000000,96.81600000,116.61
1749264952,115.75000000,1.14500000,116.61
1749264952,115.74000000,0.06500000,116.61
1749264952,115.73000000,3.18500000,116.61
1749264952,115.71000000,3.18500000,116.61
1749264952,115.68000000,3.25200000,116.61
1749264952,115.66000000,7.98600000,116.61
1749264952,115.63000000,85.56000000,116.61
1749264952,115.62000000,0.06500000,116.61
1749264952,115.61000000,3.19000000,116.61
1749264952,115.60000000,3.19000000,116.61
1749264952,115.56000000,3.32400000,116.61
1749264952,115.51000000,31.14400000,116.61
1749264952,115.50000000,16.36100000,116.61
1749264952,115.47000000,3.19200000,116.61
1749264952,115.46000000,0.20100000,116.61
1749264952,115.44000000,0.06500000,116.61
1749264952,115.42000000,3.19100000,116.61
1749264952,115.40000000,3.33800000,116.61
1749264952,115.38000000,0.32600000,116.61
1749264952,115.37000000,1.01900000,116.61
1749265253,116.73000000,0.44300000,116.74
1749265253,116.72000000,2.69000000,116.74
1749265253,116.71000000,3.83500000,116.74
1749265253,116.70000000,0.21600000,116.74
1749265253,116.69000000,0.15100000,116.74
1749265253,116.68000000,2.25900000,116.74
1749265253,116.67000000,0.42900000,116.74
1749265253,116.66000000,0.15100000,116.74
1749265253,116.65000000,7.33200000,116.74
1749265253,116.64000000,1.36100000,116.74
1749265253,116.63000000,4.93600000,116.74
1749265253,116.62000000,18.57900000,116.74
1749265253,116.61000000,4.83400000,116.74
1749265253,116.60000000,5.58200000,116.74
1749265253,116.59000000,0.15100000,116.74
1749265253,116.58000000,9.26500000,116.74
1749265253,116.57000000,3.31300000,116.74
1749265253,116.56000000,10.88200000,116.74
1749265253,116.55000000,0.37800000,116.74
1749265253,116.54000000,1.23100000,116.74
1749265253,116.53000000,3.24900000,116.74
1749265253,116.52000000,13.56800000,116.74
1749265253,116.51000000,19.76400000,116.74
1749265253,116.50000000,8.07500000,116.74
1749265253,116.49000000,1.23100000,116.74
1749265253,116.48000000,0.08600000,116.74
1749265253,116.47000000,37.88100000,116.74
1749265253,116.46000000,3.31500000,116.74
1749265253,116.45000000,1.18200000,116.74
1749265253,116.44000000,1.23100000,116.74
1749265253,116.43000000,2.08200000,116.74
1749265253,116.42000000,1.23200000,116.74
1749265253,116.41000000,3.25200000,116.74
1749265253,116.40000000,2.01100000,116.74
1749265253,116.39000000,19.26900000,116.74
1749265253,116.38000000,0.08700000,116.74
1749265253,116.37000000,7.83100000,116.74
1749265253,116.36000000,0.08700000,116.74
1749265253,116.35000000,1.23200000,116.74
1749265253,116.34000000,3.32000000,116.74
1749265253,116.33000000,1.54500000,116.74
1749265253,116.32000000,4.19900000,116.74
1749265253,116.31000000,1.54500000,116.74
1749265253,116.30000000,3.56900000,116.74
1749265253,116.29000000,1.23200000,116.74
1749265253,116.28000000,1.18200000,116.74
1749265253,116.27000000,1.23200000,116.74
1749265253,116.26000000,0.40200000,116.74
1749265253,116.25000000,3.25700000,116.74
1749265253,116.24000000,41.78800000,116.74
1749265253,116.23000000,21.17400000,116.74
1749265253,116.22000000,1.29700000,116.74
1749265253,116.21000000,2.03400000,116.74
1749265253,116.20000000,1.23200000,116.74
1749265253,116.19000000,0.40000000,116.74
1749265253,116.18000000,2.31700000,116.74
1749265253,116.17000000,98.20900000,116.74
1749265253,116.16000000,3.30900000,116.74
1749265253,116.15000000,0.08700000,116.74
1749265253,116.14000000,4.40500000,116.74
1749265253,116.13000000,0.08700000,116.74
1749265253,116.12000000,1.23200000,116.74
1749265253,116.11000000,76.85900000,116.74
1749265253,116.10000000,1.29700000,116.74
1749265253,116.09000000,5.22200000,116.74
1749265253,116.08000000,1.23100000,116.74
1749265253,116.07000000,0.08600000,116.74
1749265253,116.06000000,4.40500000,116.74
1749265253,116.05000000,1.98500000,116.74
1749265253,116.04000000,0.15100000,116.74
1749265253,116.03000000,1.23100000,116.74
1749265253,116.02000000,8.45100000,116.74
1749265253,116.01000000,1.23100000,116.74
1749265253,116.00000000,0.27100000,116.74
1749265253,115.99000000,4.40800000,116.74
1749265253,115.98000000,0.15100000,116.74
1749265253,115.95000000,1.14500000,116.74
1749265253,115.94000000,10.34100000,116.74
1749265253,115.93000000,4.32300000,116.74
1749265253,115.92000000,0.52700000,116.74
1749265253,115.91000000,1.14500000,116.74
1749265253,115.90000000,3.18000000,116.74
1749265253,115.89000000,1.14500000,116.74
1749265253,115.88000000,3.18000000,116.74
1749265253,115.87000000,1.14500000,116.74
1749265253,115.86000000,0.06500000,116.74
1749265253,115.84000000,11.04100000,116.74
1749265253,115.83000000,1.14500000,116.74
1749265253,115.80000000,1.94400000,116.74
1749265253,115.77000000,95.67100000,116.74
1749265253,115.74000000,0.06500000,116.74
1749265253,115.73000000,3.18500000,116.74
1749265253,115.71000000,3.18500000,116.74
1749265253,115.68000000,3.25200000,116.74
1749265253,115.66000000,7.98600000,116.74
1749265253,115.63000000,85.56000000,116.74
1749265253,115.62000000,0.06500000,116.74
1749265253,115.61000000,3.19000000,116.74
1749265253,115.60000000,3.19000000,116.74
1749265253,115.56000000,3.32400000,116.74
1749265555,116.67000000,1.14500000,116.61
1749265555,116.66000000,0.15100000,116.61
1749265555,116.65000000,4.35000000,116.61
1749265555,116.64000000,1.52300000,116.61
1749265555,116.63000000,2.87900000,116.61
1749265555,116.62000000,2.66800000,116.61
1749265555,116.61000000,5.45000000,116.61
1749265555,116.60000000,0.43900000,116.61
1749265555,116.59000000,0.43900000,116.61
1749265555,116.58000000,1.36100000,116.61
1749265555,116.57000000,0.15100000,116.61
1749265555,116.56000000,5.98100000,116.61
1749265555,116.55000000,8.04200000,116.61
1749265555,116.54000000,3.31400000,116.61
1749265555,116.53000000,10.27800000,116.61
1749265555,116.52000000,1.85400000,116.61
1749265555,116.51000000,4.41000000,116.61
1749265555,116.50000000,9.75700000,116.61
1749265555,116.49000000,10.72000000,116.61
1749265555,116.48000000,0.08600000,116.61
1749265555,116.47000000,1.23100000,116.61
1749265555,116.46000000,9.54300000,116.61
1749265555,116.45000000,13.83600000,116.61
1749265555,116.44000000,19.01500000,116.61
1749265555,116.43000000,0.08600000,116.61
1749265555,116.42000000,1.23200000,116.61
1749265555,116.41000000,3.25200000,116.61
1749265555,116.40000000,2.01100000,116.61
1749265555,116.39000000,0.39700000,116.61
1749265555,116.38000000,36.69000000,116.61
1749265555,116.37000000,4.39700000,116.61
1749265555,116.36000000,3.52100000,116.61
1749265555,116.35000000,34.14500000,116.61
1749265555,116.34000000,40.70600000,116.61
1749265555,116.33000000,1.54500000,116.61
1749265555,116.32000000,6.16700000,116.61
1749265555,116.31000000,1.54500000,116.61
1749265555,116.30000000,3.56900000,116.61
1749265555,116.29000000,1.23200000,116.61
1749265555,116.28000000,1.18100000,116.61
1749265555,116.27000000,1.23200000,116.61
1749265555,116.26000000,0.40200000,116.61
1749265555,116.25000000,60.99800000,116.61
1749265555,116.24000000,4.40200000,116.61
1749265555,116.23000000,0.08700000,116.61
1749265555,116.22000000,1.29700000,116.61
1749265555,116.21000000,2.03400000,116.61
1749265555,116.20000000,1.23200000,116.61
1749265555,116.19000000,0.08700000,116.61
1749265555,116.18000000,1.98400000,116.61
1749265555,116.17000000,66.68500000,116.61
1749265555,116.16000000,2.82800000,116.61
1749265555,116.15000000,0.08700000,116.61
1749265555,116.14000000,4.40500000,116.61
1749265555,116.13000000,0.08700000,116.61
1749265555,116.12000000,1.23200000,116.61
1749265555,116.11000000,78.77600000,116.61
1749265555,116.10000000,1.29700000,116.61
1749265555,116.09000000,6.40500000,116.61
1749265555,116.08000000,1.23100000,116.61
1749265555,116.07000000,0.08600000,116.61
1749265555,116.06000000,4.40500000,116.61
1749265555,116.05000000,0.08600000,116.61
1749265555,116.04000000,0.15100000,116.61
1749265555,116.03000000,1.23100000,116.61
1749265555,116.02000000,3.26200000,116.61
1749265555,116.01000000,1.23100000,116.61
1749265555,116.00000000,92.75700000,116.61
1749265555,115.99000000,4.40800000,116.61
1749265555,115.98000000,0.15100000,116.61
1749265555,115.97000000,0.08600000,116.61
1749265555,115.96000000,0.08600000,116.61
1749265555,115.95000000,1.23100000,116.61
1749265555,115.94000000,10.42700000,116.61
1749265555,115.93000000,4.40900000,116.61
1749265555,115.92000000,0.61300000,116.61
1749265555,115.91000000,1.14500000,116.61
1749265555,115.90000000,3.18000000,116.61
1749265555,115.89000000,9.11400000,116.61
1749265555,115.88000000,3.18000000,116.61
1749265555,115.87000000,1.14500000,116.61
1749265555,115.86000000,0.06500000,116.61
1749265555,115.84000000,11.04100000,116.61
1749265555,115.83000000,1.14500000,116.61
1749265555,115.80000000,1.94400000,116.61
1749265555,115.79000000,1.14500000,116.61
1749265555,115.77000000,27.23500000,116.61
1749265555,115.74000000,0.06500000,116.61
1749265555,115.73000000,4.33000000,116.61
1749265555,115.71000000,3.18500000,116.61
1749265555,115.68000000,3.25200000,116.61
1749265555,115.63000000,85.56000000,116.61
1749265555,115.62000000,0.06500000,116.61
1749265555,115.61000000,3.19000000,116.61
1749265555,115.60000000,3.19000000,116.61
1749265555,115.56000000,3.32400000,116.61
1749265555,115.51000000,8.18700000,116.61
1749265555,115.50000000,16.36100000,116.61
1749265555,115.47000000,3.19200000,116.61
1749265555,115.46000000,0.20100000,116.61
1749265856,116.41000000,2.27400000,116.41
1749265856,116.40000000,0.15100000,116.41
1749265856,116.39000000,0.15200000,116.41
1749265856,116.38000000,1.29700000,116.41
1749265856,116.37000000,2.53600000,116.41
1749265856,116.36000000,7.94500000,116.41
1749265856,116.35000000,4.51000000,116.41
1749265856,116.34000000,14.00600000,116.41
1749265856,116.33000000,1.61000000,116.41
1749265856,116.32000000,0.15200000,116.41
1749265856,116.31000000,2.10900000,116.41
1749265856,116.30000000,3.76300000,116.41
1749265856,116.29000000,4.80500000,116.41
1749265856,116.28000000,12.55000000,116.41
1749265856,116.27000000,4.82100000,116.41
1749265856,116.26000000,10.45700000,116.41
1749265856,116.25000000,11.72200000,116.41
1749265856,116.24000000,12.88800000,116.41
1749265856,116.23000000,2.81300000,116.41
1749265856,116.22000000,11.72000000,116.41
1749265856,116.21000000,10.27300000,116.41
1749265856,116.20000000,1.23200000,116.41
1749265856,116.19000000,5.17700000,116.41
1749265856,116.18000000,15.86700000,116.41
1749265856,116.17000000,4.40400000,116.41
1749265856,116.16000000,12.35600000,116.41
1749265856,116.15000000,38.30100000,116.41
1749265856,116.14000000,4.40500000,116.41
1749265856,116.13000000,40.29500000,116.41
1749265856,116.12000000,1.23200000,116.41
1749265856,116.11000000,0.08700000,116.41
1749265856,116.10000000,1.29700000,116.41
1749265856,116.09000000,5.20000000,116.41
1749265856,116.08000000,1.23100000,116.41
1749265856,116.07000000,2.00400000,116.41
1749265856,116.06000000,6.35500000,116.41
1749265856,116.05000000,0.08600000,116.41
1749265856,116.04000000,19.73700000,116.41
1749265856,116.03000000,38.61700000,116.41
1749265856,116.02000000,7.35300000,116.41
1749265856,116.01000000,1.23100000,116.41
1749265856,116.00000000,0.27100000,116.41
1749265856,115.99000000,4.40800000,116.41
1749265856,115.98000000,0.15100000,116.41
1749265856,115.97000000,60.29200000,116.41
1749265856,115.96000000,0.08600000,116.41
1749265856,115.95000000,1.23100000,116.41
1749265856,115.94000000,0.08600000,116.41
1749265856,115.93000000,4.40900000,116.41
1749265856,115.92000000,1.32800000,116.41
1749265856,115.91000000,3.13200000,116.41
1749265856,115.90000000,3.26600000,116.41
1749265856,115.89000000,22.38000000,116.41
1749265856,115.88000000,3.26600000,116.41
1749265856,115.87000000,1.23100000,116.41
1749265856,115.86000000,84.89600000,116.41
1749265856,115.85000000,1.23100000,116.41
1749265856,115.84000000,11.12700000,116.41
1749265856,115.83000000,98.92000000,116.41
1749265856,115.82000000,3.23300000,116.41
1749265856,115.81000000,1.23100000,116.41
1749265856,115.80000000,2.03000000,116.41
1749265856,115.79000000,1.23100000,116.41
1749265856,115.78000000,0.08600000,116.41
1749265856,115.77000000,26.17600000,116.41
1749265856,115.76000000,0.08600000,116.41
1749265856,115.75000000,1.23100000,116.41
1749265856,115.74000000,0.15100000,116.41
1749265856,115.73000000,4.41600000,116.41
1749265856,115.72000000,0.08600000,116.41
1749265856,115.71000000,4.41600000,116.41
1749265856,115.70000000,0.08600000,116.41
1749265856,115.69000000,0.08600000,116.41
1749265856,115.68000000,3.33800000,116.41
1749265856,115.67000000,1.23100000,116.41
1749265856,115.66000000,0.08600000,116.41
1749265856,115.63000000,85.56000000,116.41
1749265856,115.62000000,0.06500000,116.41
1749265856,115.61000000,4.33500000,116.41
1749265856,115.60000000,3.19000000,116.41
1749265856,115.59000000,1.14500000,116.41
1749265856,115.56000000,3.32400000,116.41
1749265856,115.55000000,1.14500000,116.41
1749265856,115.51000000,8.18700000,116.41
1749265856,115.50000000,16.36100000,116.41
1749265856,115.47000000,3.19200000,116.41
1749265856,115.46000000,0.20100000,116.41
1749265856,115.44000000,11.54100000,116.41
1749265856,115.42000000,3.19100000,116.41
1749265856,115.40000000,3.33800000,116.41
1749265856,115.39000000,5.86700000,116.41
1749265856,115.38000000,0.32600000,116.41
1749265856,115.37000000,1.01900000,116.41
1749265856,115.33000000,3.19500000,116.41
1749265856,115.32000000,10.46200000,116.41
1749265856,115.31000000,0.06300000,116.41
1749265856,115.29000000,3.17700000,116.41
1749265856,115.27000000,45.95800000,116.41
1749265856,115.26000000,0.06600000,116.41
1749265856,115.25000000,3.17700000,116.41
1749266158,116.46000000,2.27400000,116.43
1749266158,116.45000000,0.15100000,116.43
1749266158,116.44000000,0.15100000,116.43
1749266158,116.43000000,0.15100000,116.43
1749266158,116.42000000,8.49100000,116.43
1749266158,116.41000000,16.72900000,116.43
1749266158,116.40000000,3.61800000,116.43
1749266158,116.39000000,11.33800000,116.43
1749266158,116.38000000,1.29600000,116.43
1749266158,116.37000000,0.36700000,116.43
1749266158,116.36000000,0.36700000,116.43
1749266158,116.35000000,4.46500000,116.43
1749266158,116.34000000,3.51400000,116.43
1749266158,116.33000000,2.46600000,116.43
1749266158,116.32000000,3.32000000,116.43
1749266158,116.31000000,2.10900000,116.43
1749266158,116.30000000,6.36700000,116.43
1749266158,116.29000000,25.38300000,116.43
1749266158,116.28000000,20.60200000,116.43
1749266158,116.27000000,6.93000000,116.43
1749266158,116.26000000,18.77700000,116.43
1749266158,116.25000000,4.10400000,116.43
1749266158,116.24000000,16.23200000,116.43
1749266158,116.23000000,9.47400000,116.43
1749266158,116.22000000,1.29700000,116.43
1749266158,116.21000000,1.18300000,116.43
1749266158,116.20000000,1.23200000,116.43
1749266158,116.19000000,0.08700000,116.43
1749266158,116.18000000,3.52700000,116.43
1749266158,116.17000000,41.24200000,116.43
1749266158,116.16000000,0.86700000,116.43
1749266158,116.15000000,0.08700000,116.43
1749266158,116.14000000,4.40500000,116.43
1749266158,116.13000000,0.08700000,116.43
1749266158,116.12000000,3.18100000,116.43
1749266158,116.11000000,0.08700000,116.43
1749266158,116.10000000,1.29700000,116.43
1749266158,116.09000000,5.20000000,116.43
1749266158,116.08000000,1.23100000,116.43
1749266158,116.07000000,2.00400000,116.43
1749266158,116.06000000,60.05700000,116.43
1749266158,116.05000000,41.56200000,116.43
1749266158,116.04000000,0.86600000,116.43
1749266158,116.03000000,1.23100000,116.43
1749266158,116.02000000,3.26200000,116.43
1749266158,116.01000000,1.23100000,116.43
1749266158,116.00000000,0.27100000,116.43
1749266158,115.99000000,4.40800000,116.43
1749266158,115.98000000,0.15100000,116.43
1749266158,115.97000000,60.29200000,116.43
1749266158,115.96000000,0.08600000,116.43
1749266158,115.95000000,1.23100000,116.43
1749266158,115.94000000,0.08600000,116.43
1749266158,115.93000000,4.40900000,116.43
1749266158,115.92000000,21.75700000,116.43
1749266158,115.91000000,3.13200000,116.43
1749266158,115.90000000,11.23700000,116.43
1749266158,115.89000000,1.23100000,116.43
1749266158,115.88000000,3.26600000,116.43
1749266158,115.87000000,4.37800000,116.43
1749266158,115.86000000,76.92300000,116.43
1749266158,115.85000000,1.23100000,116.43
1749266158,115.84000000,11.12700000,116.43
1749266158,115.83000000,98.92000000,116.43
1749266158,115.82000000,0.08600000,116.43
1749266158,115.81000000,1.23100000,116.43
1749266158,115.80000000,2.03000000,116.43
1749266158,115.79000000,1.23100000,116.43
1749266158,115.78000000,0.08600000,116.43
1749266158,115.77000000,26.17600000,116.43
1749266158,115.76000000,0.08600000,116.43
1749266158,115.75000000,1.23100000,116.43
1749266158,115.74000000,0.15100000,116.43
1749266158,115.73000000,4.41600000,116.43
1749266158,115.72000000,0.08600000,116.43
1749266158,115.71000000,4.41600000,116.43
1749266158,115.68000000,3.25200000,116.43
1749266158,115.67000000,1.14500000,116.43
1749266158,115.63000000,85.56000000,116.43
1749266158,115.62000000,0.06500000,116.43
1749266158,115.61000000,4.33500000,116.43
1749266158,115.60000000,3.19000000,116.43
1749266158,115.59000000,5.16000000,116.43
1749266158,115.56000000,3.32400000,116.43
1749266158,115.55000000,1.14500000,116.43
1749266158,115.53000000,4.64600000,116.43
1749266158,115.51000000,8.18700000,116.43
1749266158,115.50000000,16.36100000,116.43
1749266158,115.48000000,11.47500000,116.43
1749266158,115.47000000,3.19200000,116.43
1749266158,115.46000000,0.20100000,116.43
1749266158,115.44000000,0.06500000,116.43
1749266158,115.42000000,3.19100000,116.43
1749266158,115.41000000,4.82100000,116.43
1749266158,115.40000000,3.33800000,116.43
1749266158,115.38000000,0.32600000,116.43
1749266158,115.37000000,1.01900000,116.43
1749266158,115.33000000,3.19500000,116.43
1749266158,115.32000000,16.33300000,116.43
1749266158,115.31000000,0.06300000,116.43
1749266459,116.59000000,2.53900000,116.61
1749266459,116.58000000,2.62500000,116.61
1749266459,116.57000000,0.28100000,116.61
1749266459,116.56000000,0.28100000,116.61
1749266459,116.55000000,1.93700000,116.61
1749266459,116.54000000,2.27800000,116.61
1749266459,116.53000000,7.08900000,116.61
1749266459,116.52000000,4.63300000,116.61
1749266459,116.51000000,15.72800000,116.61
1749266459,116.50000000,1.03100000,116.61
1749266459,116.49000000,0.34500000,116.61
1749266459,116.48000000,1.00900000,116.61
1749266459,116.47000000,0.15100000,116.61
1749266459,116.46000000,0.41000000,116.61
1749266459,116.45000000,3.64800000,116.61
1749266459,116.44000000,10.93500000,116.61
1749266459,116.43000000,13.66800000,116.61
1749266459,116.42000000,11.16900000,116.61
1749266459,116.41000000,10.83800000,116.61
1749266459,116.40000000,38.88100000,116.61
1749266459,116.39000000,14.45300000,116.61
1749266459,116.38000000,12.67000000,116.61
1749266459,116.37000000,0.50000000,116.61
1749266459,116.36000000,0.31900000,116.61
1749266459,116.35000000,3.49100000,116.61
1749266459,116.34000000,1.52900000,116.61
1749266459,116.33000000,0.32100000,116.61
1749266459,116.32000000,3.67700000,116.61
1749266459,116.31000000,36.96500000,116.61
1749266459,116.30000000,1.54500000,116.61
1749266459,116.29000000,0.08700000,116.61
1749266459,116.28000000,1.18300000,116.61
1749266459,116.27000000,1.23200000,116.61
1749266459,116.26000000,3.52400000,116.61
1749266459,116.25000000,3.25100000,116.61
1749266459,116.24000000,20.10400000,116.61
1749266459,116.23000000,3.25900000,116.61
1749266459,116.22000000,1.29700000,116.61
1749266459,116.21000000,0.08700000,116.61
1749266459,116.20000000,1.23200000,116.61
1749266459,116.19000000,2.04500000,116.61
1749266459,116.18000000,0.08700000,116.61
1749266459,116.17000000,4.40400000,116.61
1749266459,116.16000000,8.70800000,116.61
1749266459,116.15000000,0.08700000,116.61
1749266459,116.14000000,4.40500000,116.61
1749266459,116.13000000,0.08700000,116.61
1749266459,116.12000000,1.23200000,116.61
1749266459,116.11000000,0.08700000,116.61
1749266459,116.10000000,40.63200000,116.61
1749266459,116.09000000,5.17600000,116.61
1749266459,116.08000000,3.12900000,116.61
1749266459,116.07000000,0.08600000,116.61
1749266459,116.06000000,4.40500000,116.61
1749266459,116.05000000,21.20600000,116.61
1749266459,116.04000000,4.01900000,116.61
1749266459,116.03000000,1.23100000,116.61
1749266459,116.02000000,8.39900000,116.61
1749266459,116.01000000,1.23100000,116.61
1749266459,116.00000000,57.36600000,116.61
1749266459,115.99000000,4.40800000,116.61
1749266459,115.98000000,0.15100000,116.61
1749266459,115.97000000,47.99500000,116.61
1749266459,115.96000000,0.08600000,116.61
1749266459,115.95000000,1.23100000,116.61
1749266459,115.94000000,0.08600000,116.61
1749266459,115.93000000,4.40900000,116.61
1749266459,115.92000000,0.61300000,116.61
1749266459,115.91000000,1.23100000,116.61
1749266459,115.90000000,3.26600000,116.61
1749266459,115.89000000,1.23100000,116.61
1749266459,115.88000000,3.26600000,116.61
1749266459,115.87000000,1.23100000,116.61
1749266459,115.86000000,76.92300000,116.61
1749266459,115.85000000,1.23100000,116.61
1749266459,115.84000000,3.26800000,116.61
1749266459,115.81000000,1.14500000,116.61
1749266459,115.80000000,0.13500000,116.61
1749266459,115.79000000,1.14500000,116.61
1749266459,115.77000000,4.33000000,116.61
1749266459,115.75000000,1.14500000,116.61
1749266459,115.74000000,0.06500000,116.61
1749266459,115.73000000,4.33000000,116.61
1749266459,115.71000000,4.33000000,116.61
1749266459,115.69000000,1.14500000,116.61
1749266459,115.68000000,3.25200000,116.61
1749266459,115.67000000,1.14500000,116.61
1749266459,115.65000000,92.48600000,116.61
1749266459,115.63000000,85.56000000,116.61
1749266459,115.62000000,0.06500000,116.61
1749266459,115.61000000,3.19000000,116.61
1749266459,115.60000000,3.19000000,116.61
1749266459,115.56000000,3.32400000,116.61
1749266459,115.54000000,4.97900000,116.61
1749266459,115.51000000,3.19100000,116.61
1749266459,115.50000000,16.36100000,116.61
1749266459,115.48000000,11.47500000,116.61
1749266459,115.47000000,3.19200000,116.61
1749266459,115.46000000,0.20100000,116.61
1749266459,115.44000000,0.06500000,116.61
1749266761,116.45000000,0.15100000,116.53
1749266761,116.44000000,0.15100000,116.53
1749266761,116.43000000,0.38400000,116.53
1749266761,116.42000000,0.38400000,116.53
1749266761,116.41000000,2.19500000,116.53
1749266761,116.40000000,1.11500000,116.53
1749266761,116.39000000,4.10200000,116.53
1749266761,116.38000000,1.07000000,116.53
1749266761,116.37000000,8.39200000,116.53
1749266761,116.36000000,0.38400000,116.53
1749266761,116.35000000,4.14000000,116.53
1749266761,116.34000000,10.02000000,116.53
1749266761,116.33000000,9.60800000,116.53
1749266761,116.32000000,5.00800000,116.53
1749266761,116.31000000,17.20400000,116.53
1749266761,116.30000000,2.04100000,116.53
1749266761,116.29000000,8.57800000,116.53
1749266761,116.28000000,8.65600000,116.53
1749266761,116.27000000,9.42000000,116.53
1749266761,116.26000000,16.76600000,116.53
1749266761,116.25000000,3.25100000,116.53
1749266761,116.24000000,1.23200000,116.53
1749266761,116.23000000,3.25900000,116.53
1749266761,116.22000000,1.29700000,116.53
1749266761,116.21000000,0.08700000,116.53
1749266761,116.20000000,1.23200000,116.53
1749266761,116.19000000,2.04500000,116.53
1749266761,116.18000000,36.65900000,116.53
1749266761,116.17000000,4.40400000,116.53
1749266761,116.16000000,8.70800000,116.53
1749266761,116.15000000,3.52700000,116.53
1749266761,116.14000000,4.40500000,116.53
1749266761,116.13000000,18.95900000,116.53
1749266761,116.12000000,1.23200000,116.53
1749266761,116.11000000,0.08700000,116.53
1749266761,116.10000000,40.63200000,116.53
1749266761,116.09000000,41.93800000,116.53
1749266761,116.08000000,3.12900000,116.53
1749266761,116.07000000,4.17700000,116.53
1749266761,116.06000000,4.40500000,116.53
1749266761,116.05000000,0.08600000,116.53
1749266761,116.04000000,0.86500000,116.53
1749266761,116.03000000,1.23100000,116.53
1749266761,116.02000000,3.26200000,116.53
1749266761,116.01000000,1.23100000,116.53
1749266761,116.00000000,57.95100000,116.53
1749266761,115.99000000,4.40800000,116.53
1749266761,115.98000000,0.15100000,116.53
1749266761,115.97000000,3.19700000,116.53
1749266761,115.96000000,0.08600000,116.53
1749266761,115.95000000,1.23100000,116.53
1749266761,115.94000000,10.42700000,116.53
1749266761,115.93000000,4.40900000,116.53
1749266761,115.92000000,1.32800000,116.53
1749266761,115.91000000,1.23100000,116.53
1749266761,115.90000000,24.41300000,116.53
1749266761,115.89000000,6.37700000,116.53
1749266761,115.88000000,6.42000000,116.53
1749266761,115.87000000,1.23100000,116.53
1749266761,115.86000000,76.92300000,116.53
1749266761,115.85000000,1.23100000,116.53
1749266761,115.84000000,3.26800000,116.53
1749266761,115.83000000,1.23100000,116.53
1749266761,115.82000000,0.08600000,116.53
1749266761,115.81000000,1.23100000,116.53
1749266761,115.80000000,0.22100000,116.53
1749266761,115.79000000,9.21400000,116.53
1749266761,115.78000000,0.08600000,116.53
1749266761,115.77000000,8.42400000,116.53
1749266761,115.76000000,0.08600000,116.53
1749266761,115.75000000,5.40900000,116.53
1749266761,115.74000000,0.15100000,116.53
1749266761,115.73000000,4.41600000,116.53
1749266761,115.72000000,0.08600000,116.53
1749266761,115.71000000,4.41600000,116.53
1749266761,115.68000000,3.25200000,116.53
1749266761,115.67000000,1.14500000,116.53
1749266761,115.65000000,92.48600000,116.53
1749266761,115.63000000,85.56000000,116.53
1749266761,115.62000000,0.06500000,116.53
1749266761,115.61000000,4.33500000,116.53
1749266761,115.60000000,3.19000000,116.53
1749266761,115.59000000,1.14500000,116.53
1749266761,115.56000000,3.32400000,116.53
1749266761,115.54000000,4.97900000,116.53
1749266761,115.52000000,4.64700000,116.53
1749266761,115.51000000,3.19100000,116.53
1749266761,115.50000000,16.36100000,116.53
1749266761,115.49000000,4.81700000,116.53
1749266761,115.48000000,11.47500000,116.53
1749266761,115.47000000,3.19200000,116.53
1749266761,115.46000000,0.20100000,116.53
1749266761,115.44000000,0.06500000,116.53
1749266761,115.42000000,3.19100000,116.53
1749266761,115.40000000,3.33800000,116.53
1749266761,115.38000000,0.32600000,116.53
1749266761,115.37000000,1.01900000,116.53
1749266761,115.33000000,3.19500000,116.53
1749266761,115.32000000,16.33300000,116.53
1749266761,115.31000000,0.06300000,116.53
1749267062,116.25000000,2.27500000,116.26
1749267062,116.24000000,0.15200000,116.26
1749267062,116.23000000,1.29700000,116.26
1749267062,116.22000000,0.15200000,116.26
1749267062,116.21000000,5.42500000,116.26
1749267062,116.20000000,22.64400000,116.26
1749267062,116.19000000,8.55400000,116.26
1749267062,116.18000000,0.36500000,116.26
1749267062,116.17000000,1.29700000,116.26
1749267062,116.16000000,0.26100000,116.26
1749267062,116.15000000,3.79900000,116.26
1749267062,116.14000000,9.28500000,116.26
1749267062,116.13000000,0.15200000,116.26
1749267062,116.12000000,5.32900000,116.26
1749267062,116.11000000,6.18800000,116.26
1749267062,116.10000000,26.22800000,116.26
1749267062,116.09000000,6.36700000,116.26
1749267062,116.08000000,23.66000000,116.26
1749267062,116.07000000,17.96300000,116.26
1749267062,116.06000000,4.40500000,116.26
1749267062,116.05000000,0.08600000,116.26
1749267062,116.04000000,0.86700000,116.26
1749267062,116.03000000,1.23100000,116.26
1749267062,116.02000000,5.98700000,116.26
1749267062,116.01000000,9.08300000,116.26
1749267062,116.00000000,0.85600000,116.26
1749267062,115.99000000,4.40800000,116.26
1749267062,115.98000000,0.15100000,116.26
1749267062,115.97000000,1.23100000,116.26
1749267062,115.96000000,2.03800000,116.26
1749267062,115.95000000,41.38400000,116.26
1749267062,115.94000000,0.08600000,116.26
1749267062,115.93000000,23.28100000,116.26
1749267062,115.92000000,40.70000000,116.26
1749267062,115.91000000,3.15200000,116.26
1749267062,115.90000000,3.26600000,116.26
1749267062,115.89000000,7.22900000,116.26
1749267062,115.88000000,3.26600000,116.26
1749267062,115.87000000,38.11700000,116.26
1749267062,115.86000000,0.15100000,116.26
1749267062,115.85000000,1.23100000,116.26
1749267062,115.84000000,60.36300000,116.26
1749267062,115.83000000,1.23100000,116.26
1749267062,115.82000000,0.08600000,116.26
1749267062,115.81000000,0.08600000,116.26
1749267062,115.80000000,0.93700000,116.26
1749267062,115.79000000,11.18300000,116.26
1749267062,115.78000000,0.08600000,116.26
1749267062,115.77000000,4.41600000,116.26
1749267062,115.76000000,21.25900000,116.26
1749267062,115.75000000,1.23100000,116.26
1749267062,115.74000000,0.15100000,116.26
1749267062,115.73000000,4.41600000,116.26
1749267062,115.72000000,0.08600000,116.26
1749267062,115.71000000,9.57200000,116.26
1749267062,115.70000000,0.08600000,116.26
1749267062,115.69000000,78.00300000,116.26
1749267062,115.68000000,3.33900000,116.26
1749267062,115.67000000,1.23100000,116.26
1749267062,115.66000000,3.24000000,116.26
1749267062,115.65000000,92.57200000,116.26
1749267062,115.64000000,0.08700000,116.26
1749267062,115.63000000,11.60100000,116.26
1749267062,115.62000000,0.15200000,116.26
1749267062,115.61000000,4.42200000,116.26
1749267062,115.60000000,3.27700000,116.26
1749267062,115.59000000,1.23200000,116.26
1749267062,115.58000000,0.08700000,116.26
1749267062,115.57000000,0.08700000,116.26
1749267062,115.56000000,3.41100000,116.26
1749267062,115.55000000,5.41700000,116.26
1749267062,115.54000000,0.08700000,116.26
1749267062,115.53000000,4.10400000,116.26
1749267062,115.52000000,0.08700000,116.26
1749267062,115.51000000,4.42300000,116.26
1749267062,115.50000000,16.44800000,116.26
1749267062,115.49000000,5.96200000,116.26
1749267062,115.48000000,11.47500000,116.26
1749267062,115.47000000,4.33700000,116.26
1749267062,115.46000000,0.20100000,116.26
1749267062,115.44000000,0.06500000,116.26
1749267062,115.42000000,3.19100000,116.26
1749267062,115.41000000,1.14500000,116.26
1749267062,115.40000000,3.33800000,116.26
1749267062,115.39000000,1.14500000,116.26
1749267062,115.38000000,0.32600000,116.26
1749267062,115.37000000,77.35500000,116.26
1749267062,115.33000000,4.34000000,116.26
1749267062,115.32000000,16.33300000,116.26
1749267062,115.31000000,0.06300000,116.26
1749267062,115.29000000,3.17700000,116.26
1749267062,115.27000000,50.92500000,116.26
1749267062,115.26000000,0.06600000,116.26
1749267062,115.25000000,3.17700000,116.26
1749267062,115.24000000,4.89500000,116.26
1749267062,115.23000000,4.65800000,116.26
1749267062,115.20000000,4.85500000,116.26
1749267062,115.17000000,4.72900000,116.26
1749267062,115.14000000,0.06600000,116.26
1749267062,115.13000000,1.11700000,116.26
1749267364,115.82000000,0.15200000,115.83
1749267364,115.81000000,3.02500000,115.83
1749267364,115.80000000,2.52200000,115.83
1749267364,115.79000000,0.15100000,115.83
1749267364,115.78000000,2.70000000,115.83
1749267364,115.77000000,13.68500000,115.83
1749267364,115.76000000,9.74100000,115.83
1749267364,115.75000000,1.98600000,115.83
1749267364,115.74000000,2.80100000,115.83
1749267364,115.73000000,8.61600000,115.83
1749267364,115.72000000,15.62000000,115.83
1749267364,115.71000000,18.18600000,115.83
1749267364,115.70000000,3.33100000,115.83
1749267364,115.69000000,1.23100000,115.83
1749267364,115.68000000,8.54100000,115.83
1749267364,115.67000000,19.90300000,115.83
1749267364,115.66000000,0.08600000,115.83
1749267364,115.65000000,9.37300000,115.83
1749267364,115.64000000,2.04400000,115.83
1749267364,115.63000000,14.62500000,115.83
1749267364,115.62000000,0.15200000,115.83
1749267364,115.61000000,4.42200000,115.83
1749267364,115.60000000,3.27700000,115.83
1749267364,115.59000000,1.23200000,115.83
1749267364,115.58000000,0.08700000,115.83
1749267364,115.57000000,40.16500000,115.83
1749267364,115.56000000,4.12800000,115.83
1749267364,115.55000000,3.20500000,115.83
1749267364,115.54000000,2.01400000,115.83
1749267364,115.53000000,20.10400000,115.83
1749267364,115.52000000,39.38100000,115.83
1749267364,115.51000000,4.42300000,115.83
1749267364,115.50000000,24.45100000,115.83
1749267364,115.49000000,4.69200000,115.83
1749267364,115.48000000,0.08700000,115.83
1749267364,115.47000000,41.52500000,115.83
1749267364,115.46000000,0.28800000,115.83
1749267364,115.45000000,22.46200000,115.83
1749267364,115.44000000,57.96500000,115.83
1749267364,115.43000000,1.23200000,115.83
1749267364,115.42000000,3.27800000,115.83
1749267364,115.41000000,78.00400000,115.83
1749267364,115.40000000,3.42500000,115.83
1749267364,115.39000000,1.23200000,115.83
1749267364,115.38000000,0.41300000,115.83
1749267364,115.37000000,2.25100000,115.83
1749267364,115.36000000,0.08700000,115.83
1749267364,115.35000000,1.23200000,115.83
1749267364,115.34000000,0.08700000,115.83
1749267364,115.33000000,4.42700000,115.83
1749267364,115.32000000,11.26800000,115.83
1749267364,115.31000000,1.29500000,115.83
1749267364,115.30000000,0.08700000,115.83
1749267364,115.29000000,4.40900000,115.83
1749267364,115.28000000,0.08700000,115.83
1749267364,115.27000000,6.40400000,115.83
1749267364,115.26000000,95.79900000,115.83
1749267364,115.25000000,4.40900000,115.83
1749267364,115.24000000,0.08700000,115.83
1749267364,115.23000000,5.89000000,115.83
1749267364,115.22000000,0.08700000,115.83
1749267364,115.21000000,4.41100000,115.83
1749267364,115.20000000,5.14300000,115.83
1749267364,115.19000000,12.73600000,115.83
1749267364,115.18000000,0.08700000,115.83
1749267364,115.17000000,4.41100000,115.83
1749267364,115.16000000,0.08700000,115.83
1749267364,115.15000000,75.27800000,115.83
1749267364,115.14000000,0.15300000,115.83
1749267364,115.13000000,4.41100000,115.83
1749267364,115.12000000,0.08700000,115.83
1749267364,115.11000000,0.08700000,115.83
1749267364,115.10000000,24.66300000,115.83
1749267364,115.09000000,4.32400000,115.83
1749267364,115.08000000,0.06600000,115.83
1749267364,115.06000000,4.20300000,115.83
1749267364,115.05000000,4.32800000,115.83
1749267364,115.02000000,0.06600000,115.83
1749267364,115.01000000,20.63900000,115.83
1749267364,115.00000000,3.42000000,115.83
1749267364,114.99000000,1.14500000,115.83
1749267364,114.98000000,45.95800000,115.83
1749267364,114.97000000,1.14500000,115.83
1749267364,114.96000000,0.06600000,115.83
1749267364,114.95000000,4.90800000,115.83
1749267364,114.91000000,4.64100000,115.83
1749267364,114.90000000,0.06600000,115.83
1749267364,114.88000000,5.07500000,115.83
1749267364,114.85000000,0.26100000,115.83
1749267364,114.84000000,0.06600000,115.83
1749267364,114.79000000,9.22800000,115.83
1749267364,114.78000000,10.62400000,115.83
1749267364,114.76000000,4.73200000,115.83
1749267364,114.73000000,4.91100000,115.83
1749267364,114.72000000,0.06600000,115.83
1749267364,114.71000000,19.20700000,115.83
1749267364,114.70000000,0.09500000,115.83
1749267364,114.68000000,6.11500000,115.83
1749267364,114.67000000,1.12200000,115.83
1749267364,114.66000000,0.11500000,115.83
1749267665,115.79000000,3.00800000,115.81
1749267665,115.78000000,5.48300000,115.81
1749267665,115.77000000,1.29700000,115.81
1749267665,115.76000000,0.84200000,115.81
1749267665,115.75000000,0.15200000,115.81
1749267665,115.74000000,1.40600000,115.81
1749267665,115.73000000,2.50600000,115.81
1749267665,115.72000000,10.69500000,115.81
1749267665,115.71000000,13.89600000,115.81
1749267665,115.70000000,10.87000000,115.81
1749267665,115.69000000,4.48200000,115.81
1749267665,115.68000000,0.21700000,115.81
1749267665,115.67000000,4.99600000,115.81
1749267665,115.66000000,11.94500000,115.81
1749267665,115.65000000,15.64400000,115.81
1749267665,115.64000000,10.43700000,115.81
1749267665,115.63000000,3.97500000,115.81
1749267665,115.62000000,12.98500000,115.81
1749267665,115.61000000,14.51600000,115.81
