timestamp,price,volume,current_price
1749258279,115.88000000,2.74300000,115.9
1749258279,115.87000000,0.77600000,115.9
1749258279,115.86000000,0.15200000,115.9
1749258279,115.85000000,1.29700000,115.9
1749258279,115.84000000,1.87800000,115.9
1749258279,115.83000000,6.88400000,115.9
1749258279,115.82000000,15.79900000,115.9
1749258279,115.81000000,15.83100000,115.9
1749258279,115.80000000,3.93300000,115.9
1749258279,115.79000000,27.81900000,115.9
1749258279,115.78000000,26.69600000,115.9
1749258279,115.77000000,3.40300000,115.9
1749258279,115.76000000,7.01900000,115.9
1749258279,115.75000000,3.07300000,115.9
1749258279,115.74000000,11.67200000,115.9
1749258279,115.73000000,9.76000000,115.9
1749258279,115.72000000,1.29700000,115.9
1749258279,115.71000000,4.04200000,115.9
1749258279,115.70000000,19.95200000,115.9
1749258279,115.69000000,51.59500000,115.9
1749258279,115.68000000,0.21700000,115.9
1749258279,115.67000000,5.53500000,115.9
1749258279,115.66000000,0.08700000,115.9
1749258279,115.65000000,1.23200000,115.9
1749258279,115.64000000,3.48900000,115.9
1749258279,115.63000000,1.23200000,115.9
1749258279,115.62000000,0.15200000,115.9
1749258279,115.61000000,10.52900000,115.9
1749258279,115.60000000,39.12500000,115.9
1749258279,115.59000000,24.47800000,115.9
1749258279,115.58000000,1.23200000,115.9
1749258279,115.57000000,0.30300000,115.9
1749258279,115.56000000,70.26500000,115.9
1749258279,115.55000000,3.27700000,115.9
1749258279,115.54000000,1.23200000,115.9
1749258279,115.53000000,18.32700000,115.9
1749258279,115.52000000,4.42200000,115.9
1749258279,115.51000000,2.03500000,115.9
1749258279,115.50000000,0.36700000,115.9
1749258279,115.49000000,1.23200000,115.9
1749258279,115.48000000,0.08700000,115.9
1749258279,115.47000000,3.15900000,115.9
1749258279,115.46000000,60.89700000,115.9
1749258279,115.45000000,0.08700000,115.9
1749258279,115.44000000,1.29700000,115.9
1749258279,115.43000000,0.30200000,115.9
1749258279,115.42000000,0.08700000,115.9
1749258279,115.41000000,4.42600000,115.9
1749258279,115.40000000,4.11600000,115.9
1749258279,115.39000000,77.34200000,115.9
1749258279,115.38000000,0.41300000,115.9
1749258279,115.37000000,4.42800000,115.9
1749258279,115.36000000,0.30200000,115.9
1749258279,115.35000000,0.08700000,115.9
1749258279,115.34000000,1.23200000,115.9
1749258279,115.33000000,3.28300000,115.9
1749258279,115.32000000,3.34800000,115.9
1749258279,115.31000000,1.23200000,115.9
1749258279,115.30000000,96.13100000,115.9
1749258279,115.29000000,3.35800000,115.9
1749258279,115.28000000,3.28700000,115.9
1749258279,115.27000000,1.23200000,115.9
1749258279,115.26000000,0.15300000,115.9
1749258279,115.25000000,38.42800000,115.9
1749258279,115.24000000,0.08700000,115.9
1749258279,115.23000000,4.43200000,115.9
1749258279,115.22000000,0.30200000,115.9
1749258279,115.21000000,6.45500000,115.9
1749258279,115.20000000,3.51300000,115.9
1749258279,115.19000000,1.23200000,115.9
1749258279,115.18000000,0.08700000,115.9
1749258279,115.17000000,0.08700000,115.9
1749258279,115.16000000,0.08700000,115.9
1749258279,115.15000000,1.44700000,115.9
1749258279,115.14000000,74.23400000,115.9
1749258279,115.13000000,4.43200000,115.9
1749258279,115.11000000,12.24800000,115.9
1749258279,115.08000000,0.06600000,115.9
1749258279,115.07000000,1.14500000,115.9
1749258279,115.05000000,4.35300000,115.9
1749258279,115.03000000,9.17000000,115.9
1749258279,115.02000000,3.27400000,115.9
1749258279,115.01000000,10.42500000,115.9
1749258279,115.00000000,0.20100000,115.9
1749258279,114.98000000,3.20800000,115.9
1749258279,114.96000000,3.27400000,115.9
1749258279,114.90000000,0.06600000,115.9
1749258279,114.89000000,3.20800000,115.9
1749258279,114.88000000,4.85800000,115.9
1749258279,114.86000000,3.20700000,115.9
1749258279,114.85000000,0.26100000,115.9
1749258279,114.84000000,3.28400000,115.9
1749258279,114.80000000,46.16700000,115.9
1749258279,114.79000000,3.21800000,115.9
1749258279,114.78000000,0.06600000,115.9
1749258279,114.77000000,18.57300000,115.9
1749258279,114.73000000,3.21800000,115.9
1749258279,114.72000000,0.06600000,115.9
1749258279,114.71000000,0.26000000,115.9
1749258279,114.70000000,10.54900000,115.9
1749258587,115.40000000,7.67400000,115.38
1749258587,115.39000000,1.29700000,115.38
1749258587,115.38000000,0.15200000,115.38
1749258587,115.37000000,0.15200000,115.38
1749258587,115.36000000,10.20800000,115.38
1749258587,115.35000000,39.19000000,115.38
1749258587,115.34000000,14.74100000,115.38
1749258587,115.33000000,21.12300000,115.38
1749258587,115.32000000,11.42300000,115.38
1749258587,115.31000000,7.05200000,115.38
1749258587,115.30000000,2.61200000,115.38
1749258587,115.29000000,8.19700000,115.38
1749258587,115.28000000,0.15300000,115.38
1749258587,115.27000000,8.53900000,115.38
1749258587,115.26000000,35.22200000,115.38
1749258587,115.25000000,26.64500000,115.38
1749258587,115.24000000,0.15300000,115.38
1749258587,115.23000000,1.29800000,115.38
1749258587,115.22000000,4.24300000,115.38
1749258587,115.21000000,4.13800000,115.38
1749258587,115.20000000,9.68400000,115.38
1749258587,115.19000000,1.23200000,115.38
1749258587,115.18000000,0.08700000,115.38
1749258587,115.17000000,7.08400000,115.38
1749258587,115.16000000,8.77700000,115.38
1749258587,115.15000000,16.76800000,115.38
1749258587,115.14000000,55.44000000,115.38
1749258587,115.13000000,4.43100000,115.38
1749258587,115.12000000,0.08700000,115.38
1749258587,115.11000000,4.43200000,115.38
1749258587,115.10000000,2.05200000,115.38
1749258587,115.09000000,1.23200000,115.38
1749258587,115.08000000,3.62500000,115.38
1749258587,115.07000000,1.23200000,115.38
1749258587,115.06000000,0.08700000,115.38
1749258587,115.05000000,69.95000000,115.38
1749258587,115.04000000,0.08700000,115.38
1749258587,115.03000000,22.53900000,115.38
1749258587,115.02000000,5.55700000,115.38
1749258587,115.01000000,1.23200000,115.38
1749258587,115.00000000,51.84800000,115.38
1749258587,114.99000000,1.23200000,115.38
1749258587,114.98000000,3.29500000,115.38
1749258587,114.97000000,1.23200000,115.38
1749258587,114.96000000,66.34400000,115.38
1749258587,114.95000000,1.23200000,115.38
1749258587,114.94000000,0.08700000,115.38
1749258587,114.93000000,1.23200000,115.38
1749258587,114.92000000,2.02300000,115.38
1749258587,114.91000000,1.23200000,115.38
1749258587,114.90000000,0.15300000,115.38
1749258587,114.89000000,4.44000000,115.38
1749258587,114.88000000,0.08700000,115.38
1749258587,114.87000000,76.49100000,115.38
1749258587,114.86000000,3.29400000,115.38
1749258587,114.85000000,1.49300000,115.38
1749258587,114.84000000,40.80700000,115.38
1749258587,114.83000000,1.23200000,115.38
1749258587,114.82000000,0.08700000,115.38
1749258587,114.81000000,1.23200000,115.38
1749258587,114.80000000,3.25200000,115.38
1749258587,114.79000000,4.45000000,115.38
1749258587,114.78000000,0.15300000,115.38
1749258587,114.77000000,1.23200000,115.38
1749258587,114.76000000,0.08700000,115.38
1749258587,114.75000000,0.08700000,115.38
1749258587,114.74000000,0.08700000,115.38
1749258587,114.73000000,97.89500000,115.38
1749258587,114.72000000,0.15300000,115.38
1749258587,114.71000000,8.39400000,115.38
1749258587,114.70000000,10.63600000,115.38
1749258587,114.69000000,4.42500000,115.38
1749258587,114.68000000,0.08700000,115.38
1749258587,114.67000000,0.08700000,115.38
1749258587,114.66000000,0.15300000,115.38
1749258587,114.65000000,9.67100000,115.38
1749258587,114.61000000,4.33800000,115.38
1749258587,114.60000000,0.13600000,115.38
1749258587,114.57000000,4.33800000,115.38
1749258587,114.55000000,73.44400000,115.38
1749258587,114.54000000,0.26700000,115.38
1749258587,114.53000000,4.34200000,115.38
1749258587,114.49000000,4.34300000,115.38
1749258587,114.48000000,0.06600000,115.38
1749258587,114.45000000,3.19800000,115.38
1749258587,114.42000000,0.06600000,115.38
1749258587,114.41000000,1.14500000,115.38
1749258587,114.37000000,11.62800000,115.38
1749258587,114.36000000,0.06600000,115.38
1749258587,114.35000000,1.14500000,115.38
1749258587,114.33000000,2.03400000,115.38
1749258587,114.32000000,46.44800000,115.38
1749258587,114.30000000,0.21900000,115.38
1749258587,114.29000000,1.14500000,115.38
1749258587,114.24000000,0.06600000,115.38
1749258587,114.22000000,1.02900000,115.38
1749258587,114.18000000,0.06600000,115.38
1749258587,114.12000000,0.06600000,115.38
1749258587,114.10000000,0.09500000,115.38
1749258587,114.09000000,23.28300000,115.38
1749258912,115.82000000,1.29700000,115.84
1749258912,115.81000000,0.15200000,115.84
1749258912,115.80000000,1.36200000,115.84
1749258912,115.79000000,1.01400000,115.84
1749258912,115.78000000,5.80600000,115.84
1749258912,115.77000000,16.47700000,115.84
1749258912,115.76000000,4.20900000,115.84
1749258912,115.75000000,15.47900000,115.84
1749258912,115.74000000,18.16000000,115.84
1749258912,115.73000000,1.63600000,115.84
1749258912,115.72000000,1.29700000,115.84
1749258912,115.71000000,3.70100000,115.84
1749258912,115.70000000,8.38000000,115.84
1749258912,115.69000000,1.23200000,115.84
1749258912,115.68000000,51.69900000,115.84
1749258912,115.67000000,1.67800000,115.84
1749258912,115.66000000,9.62200000,115.84
1749258912,115.65000000,3.27400000,115.84
1749258912,115.64000000,1.23200000,115.84
1749258912,115.63000000,0.08700000,115.84
1749258912,115.62000000,4.48400000,115.84
1749258912,115.61000000,0.08700000,115.84
1749258912,115.60000000,1.23200000,115.84
1749258912,115.59000000,2.02700000,115.84
1749258912,115.58000000,1.23200000,115.84
1749258912,115.57000000,3.27400000,115.84
1749258912,115.56000000,0.36800000,115.84
1749258912,115.55000000,4.41300000,115.84
1749258912,115.54000000,0.08700000,115.84
1749258912,115.53000000,0.08700000,115.84
1749258912,115.52000000,7.88800000,115.84
1749258912,115.51000000,0.08700000,115.84
1749258912,115.50000000,0.15200000,115.84
1749258912,115.49000000,1.23200000,115.84
1749258912,115.48000000,21.31100000,115.84
1749258912,115.47000000,38.04500000,115.84
1749258912,115.46000000,3.48500000,115.84
1749258912,115.45000000,1.23200000,115.84
1749258912,115.44000000,5.30800000,115.84
1749258912,115.43000000,1.23200000,115.84
1749258912,115.42000000,0.08700000,115.84
1749258912,115.41000000,1.23200000,115.84
1749258912,115.40000000,1.99600000,115.84
1749258912,115.39000000,3.28400000,115.84
1749258912,115.38000000,1.77400000,115.84
1749258912,115.37000000,0.08700000,115.84
1749258912,115.36000000,1.23200000,115.84
1749258912,115.35000000,0.08700000,115.84
1749258912,115.34000000,0.08700000,115.84
1749258912,115.33000000,4.41200000,115.84
1749258912,115.32000000,37.30000000,115.84
1749258912,115.31000000,72.02400000,115.84
1749258912,115.30000000,0.08700000,115.84
1749258912,115.29000000,44.21800000,115.84
1749258912,115.28000000,0.08700000,115.84
1749258912,115.27000000,0.08700000,115.84
1749258912,115.26000000,3.22900000,115.84
1749258912,115.25000000,6.44900000,115.84
1749258912,115.24000000,59.98600000,115.84
1749258912,115.23000000,0.08700000,115.84
1749258912,115.22000000,0.08700000,115.84
1749258912,115.21000000,1.23200000,115.84
1749258912,115.20000000,0.52900000,115.84
1749258912,115.19000000,1.23200000,115.84
1749258912,115.18000000,0.08700000,115.84
1749258912,115.17000000,4.43100000,115.84
1749258912,115.16000000,0.08700000,115.84
1749258912,115.15000000,76.37200000,115.84
1749258912,115.14000000,0.15300000,115.84
1749258912,115.13000000,4.43100000,115.84
1749258912,115.12000000,0.08700000,115.84
1749258912,115.11000000,14.84800000,115.84
1749258912,115.10000000,0.08700000,115.84
1749258912,115.09000000,1.23200000,115.84
1749258912,115.08000000,0.15300000,115.84
1749258912,115.07000000,1.23200000,115.84
1749258912,115.05000000,4.35300000,115.84
1749258912,115.03000000,1.14500000,115.84
1749258912,115.02000000,3.49000000,115.84
1749258912,115.01000000,1.14500000,115.84
1749258912,115.00000000,51.76100000,115.84
1749258912,114.99000000,1.14500000,115.84
1749258912,114.98000000,3.20800000,115.84
1749258912,114.96000000,3.27400000,115.84
1749258912,114.90000000,0.06600000,115.84
1749258912,114.89000000,11.13000000,115.84
1749258912,114.86000000,3.20700000,115.84
1749258912,114.85000000,0.26100000,115.84
1749258912,114.84000000,3.50000000,115.84
1749258912,114.83000000,92.29600000,115.84
1749258912,114.79000000,3.21800000,115.84
1749258912,114.78000000,0.06600000,115.84
1749258912,114.73000000,3.21800000,115.84
1749258912,114.72000000,0.06600000,115.84
1749258912,114.71000000,8.30700000,115.84
1749258912,114.70000000,10.54900000,115.84
1749258912,114.69000000,8.11000000,115.84
1749258912,114.66000000,74.00200000,115.84
1749258912,114.65000000,3.19300000,115.84
1749258912,114.61000000,3.19300000,115.84
1749259213,116.23000000,0.08700000,116.24
1749259213,116.22000000,0.08700000,116.24
1749259213,116.21000000,0.08700000,116.24
1749259213,116.20000000,0.15200000,116.24
1749259213,116.19000000,0.15200000,116.24
1749259213,116.18000000,1.29700000,116.24
1749259213,116.17000000,0.15200000,116.24
1749259213,116.16000000,1.36200000,116.24
1749259213,116.15000000,8.79800000,116.24
1749259213,116.14000000,1.29700000,116.24
1749259213,116.13000000,0.15200000,116.24
1749259213,116.12000000,4.29400000,116.24
1749259213,116.11000000,1.55600000,116.24
1749259213,116.10000000,0.36700000,116.24
1749259213,116.09000000,2.34900000,116.24
1749259213,116.08000000,5.28100000,116.24
1749259213,116.07000000,1.23200000,116.24
1749259213,116.06000000,0.08700000,116.24
1749259213,116.05000000,13.39800000,116.24
1749259213,116.04000000,27.72300000,116.24
1749259213,116.03000000,8.45600000,116.24
1749259213,116.02000000,16.21600000,116.24
1749259213,116.01000000,0.44300000,116.24
1749259213,116.00000000,13.40100000,116.24
1749259213,115.99000000,0.44300000,116.24
1749259213,115.98000000,2.10900000,116.24
1749259213,115.97000000,0.08700000,116.24
1749259213,115.96000000,1.59200000,116.24
1749259213,115.95000000,0.08700000,116.24
1749259213,115.94000000,1.78200000,116.24
1749259213,115.93000000,3.26600000,116.24
1749259213,115.92000000,1.87200000,116.24
1749259213,115.91000000,0.44700000,116.24
1749259213,115.90000000,4.68000000,116.24
1749259213,115.89000000,3.62600000,116.24
1749259213,115.88000000,1.23200000,116.24
1749259213,115.87000000,0.08700000,116.24
1749259213,115.86000000,66.80700000,116.24
1749259213,115.85000000,40.61600000,116.24
1749259213,115.84000000,1.23200000,116.24
1749259213,115.83000000,38.32600000,116.24
1749259213,115.82000000,1.23200000,116.24
1749259213,115.81000000,3.26900000,116.24
1749259213,115.80000000,1.29700000,116.24
1749259213,115.79000000,3.26900000,116.24
1749259213,115.78000000,1.59900000,116.24
1749259213,115.77000000,21.62500000,116.24
1749259213,115.76000000,1.23200000,116.24
1749259213,115.75000000,3.63800000,116.24
1749259213,115.74000000,1.51200000,116.24
1749259213,115.73000000,0.45400000,116.24
1749259213,115.72000000,1.23200000,116.24
1749259213,115.71000000,3.27200000,116.24
1749259213,115.70000000,0.08700000,116.24
1749259213,115.69000000,1.23200000,116.24
1749259213,115.68000000,5.34700000,116.24
1749259213,115.67000000,3.25300000,116.24
1749259213,115.66000000,1.23200000,116.24
1749259213,115.65000000,78.41400000,116.24
1749259213,115.64000000,1.23200000,116.24
1749259213,115.63000000,68.73300000,116.24
1749259213,115.62000000,4.48400000,116.24
1749259213,115.61000000,0.08700000,116.24
1749259213,115.60000000,1.23200000,116.24
1749259213,115.59000000,4.21500000,116.24
1749259213,115.58000000,1.23200000,116.24
1749259213,115.57000000,40.24200000,116.24
1749259213,115.56000000,0.36800000,116.24
1749259213,115.55000000,4.41300000,116.24
1749259213,115.54000000,0.08700000,116.24
1749259213,115.53000000,0.08700000,116.24
1749259213,115.52000000,4.42900000,116.24
1749259213,115.51000000,0.08700000,116.24
1749259213,115.50000000,0.15200000,116.24
1749259213,115.49000000,0.08700000,116.24
1749259213,115.48000000,0.08700000,116.24
1749259213,115.47000000,1.14500000,116.24
1749259213,115.46000000,3.39800000,116.24
1749259213,115.45000000,1.14500000,116.24
1749259213,115.44000000,3.26200000,116.24
1749259213,115.43000000,11.53200000,116.24
1749259213,115.41000000,1.14500000,116.24
1749259213,115.40000000,0.09500000,116.24
1749259213,115.39000000,3.19700000,116.24
1749259213,115.38000000,1.68700000,116.24
1749259213,115.33000000,3.18000000,116.24
1749259213,115.32000000,1.21000000,116.24
1749259213,115.31000000,0.06300000,116.24
1749259213,115.29000000,100.34400000,116.24
1749259213,115.28000000,73.72000000,116.24
1749259213,115.26000000,0.06600000,116.24
1749259213,115.25000000,3.19700000,116.24
1749259213,115.24000000,3.19700000,116.24
1749259213,115.20000000,0.44200000,116.24
1749259213,115.17000000,3.19900000,116.24
1749259213,115.14000000,0.06600000,116.24
1749259213,115.13000000,3.19900000,116.24
1749259213,115.11000000,13.61600000,116.24
1749259213,115.08000000,0.06600000,116.24
1749259213,115.05000000,3.20800000,116.24
