timestamp,price,volume,current_price
1749254724,1.99300000,574.00000000,1.994
1749254724,1.99200000,2308.10000000,1.994
1749254724,1.99100000,3029.40000000,1.994
1749254724,1.99000000,4645.90000000,1.994
1749254724,1.98900000,335.00000000,1.994
1749254724,1.98800000,761.90000000,1.994
1749254724,1.98700000,1238.80000000,1.994
1749254724,1.98600000,234.00000000,1.994
1749254724,1.98500000,760.50000000,1.994
1749254724,1.98400000,381.90000000,1.994
1749254724,1.98300000,1223.10000000,1.994
1749254724,1.98200000,234.30000000,1.994
1749254724,1.98100000,372.30000000,1.994
1749254724,1.98000000,640.30000000,1.994
1749254724,1.97900000,117.00000000,1.994
1749254724,1.97800000,12.50000000,1.994
1749254724,1.97600000,129.50000000,1.994
1749254724,1.97500000,13.30000000,1.994
1749254724,1.97400000,619.50000000,1.994
1749254724,1.97300000,628.10000000,1.994
1749254724,1.97200000,129.50000000,1.994
1749254724,1.97000000,2.60000000,1.994
1749254724,1.96900000,142.50000000,1.994
1749254724,1.96800000,185.60000000,1.994
1749254724,1.96700000,16.80000000,1.994
1749254724,1.96600000,558.30000000,1.994
1749254724,1.96400000,117.00000000,1.994
1749254724,1.96300000,50.90000000,1.994
1749254724,1.96200000,263.50000000,1.994
1749254724,1.96100000,6.30000000,1.994
1749254724,1.96000000,120.60000000,1.994
1749254724,1.95800000,12.90000000,1.994
1749254724,1.95600000,117.00000000,1.994
1749254724,1.95500000,125.30000000,1.994
1749254724,1.95400000,511.00000000,1.994
1749254724,1.95300000,1998.40000000,1.994
1749254724,1.95200000,117.00000000,1.994
1749254724,1.95000000,100.10000000,1.994
1749254724,1.94900000,121.40000000,1.994
1749254724,1.94800000,13.20000000,1.994
1749254724,1.94600000,2.90000000,1.994
1749254724,1.94300000,147.90000000,1.994
1749254724,1.93800000,13.60000000,1.994
1749254724,1.93600000,3.30000000,1.994
1749254724,1.93400000,3.60000000,1.994
1749254724,1.93000000,4.50000000,1.994
1749254724,1.92800000,14.70000000,1.994
1749254724,1.92600000,281.10000000,1.994
1749254724,1.92500000,519.40000000,1.994
1749254724,1.92100000,520.50000000,1.994
1749254724,1.92000000,6.00000000,1.994
1749254724,1.91800000,14.80000000,1.994
1749254724,1.91500000,522.10000000,1.994
1749254724,1.91200000,9.80000000,1.994
1749254724,1.91100000,575.50000000,1.994
1749254724,1.91000000,19.70000000,1.994
1749254724,1.90800000,3.60000000,1.994
1749254724,1.90700000,162.50000000,1.994
1749254724,1.90400000,3.30000000,1.994
1749254724,1.90100000,129.70000000,1.994
1749254724,1.90000000,1480.10000000,1.994
1749254724,1.89500000,16.20000000,1.994
1749254724,1.89400000,6.30000000,1.994
1749254724,1.89300000,4.50000000,1.994
1749254724,1.89200000,15.30000000,1.994
1749254724,1.89100000,13.00000000,1.994
1749254724,1.89000000,3.00000000,1.994
1749254724,1.88500000,10.00000000,1.994
1749254724,1.88400000,6.30000000,1.994
1749254724,1.88200000,3.60000000,1.994
1749254724,1.88100000,11.30000000,1.994
1749254724,1.87800000,73.60000000,1.994
1749254724,1.87500000,4.60000000,1.994
1749254724,1.87200000,14.50000000,1.994
1749254724,1.87100000,8.00000000,1.994
1749254724,1.87000000,3.00000000,1.994
1749254724,1.86200000,11.50000000,1.994
1749254724,1.86000000,268.80000000,1.994
1749254724,1.85700000,13.40000000,1.994
1749254724,1.85600000,8.20000000,1.994
1749254724,1.85300000,264.70000000,1.994
1749254724,1.85100000,77.00000000,1.994
1749254724,1.85000000,376.80000000,1.994
1749254724,1.84300000,11.80000000,1.994
1749254724,1.84000000,3.30000000,1.994
1749254724,1.83800000,20.70000000,1.994
1749254724,1.83500000,66.00000000,1.994
1749254724,1.83400000,11.90000000,1.994
1749254724,1.83200000,10.90000000,1.994
1749254724,1.83000000,56.50000000,1.994
1749254724,1.82600000,12.00000000,1.994
1749254724,1.82500000,547.90000000,1.994
1749254724,1.82200000,3.10000000,1.994
1749254724,1.81900000,4.70000000,1.994
1749254724,1.81700000,11.90000000,1.994
1749254724,1.81200000,2.80000000,1.994
1749254724,1.81100000,8.00000000,1.994
1749254724,1.81000000,3.30000000,1.994
1749254724,1.80800000,14.90000000,1.994
1749254724,1.80700000,6.30000000,1.994
1749255050,1.99300000,117.00000000,1.993
1749255050,1.99200000,1784.70000000,1.993
1749255050,1.99100000,3418.10000000,1.993
1749255050,1.99000000,4077.50000000,1.993
1749255050,1.98900000,1317.40000000,1.993
1749255050,1.98800000,873.60000000,1.993
1749255050,1.98700000,1287.20000000,1.993
1749255050,1.98600000,1151.40000000,1.993
1749255050,1.98500000,795.30000000,1.993
1749255050,1.98400000,487.20000000,1.993
1749255050,1.98300000,986.80000000,1.993
1749255050,1.98200000,129.50000000,1.993
1749255050,1.98100000,117.00000000,1.993
1749255050,1.98000000,642.30000000,1.993
1749255050,1.97800000,12.50000000,1.993
1749255050,1.97600000,129.50000000,1.993
1749255050,1.97500000,502.70000000,1.993
1749255050,1.97400000,129.50000000,1.993
1749255050,1.97300000,628.10000000,1.993
1749255050,1.97200000,129.50000000,1.993
1749255050,1.97000000,2.60000000,1.993
1749255050,1.96900000,142.50000000,1.993
1749255050,1.96800000,120.30000000,1.993
1749255050,1.96700000,342.20000000,1.993
1749255050,1.96600000,558.30000000,1.993
1749255050,1.96400000,117.00000000,1.993
1749255050,1.96300000,50.90000000,1.993
1749255050,1.96200000,117.00000000,1.993
1749255050,1.96100000,6.30000000,1.993
1749255050,1.96000000,120.60000000,1.993
1749255050,1.95800000,12.90000000,1.993
1749255050,1.95600000,117.00000000,1.993
1749255050,1.95500000,125.30000000,1.993
1749255050,1.95400000,628.00000000,1.993
1749255050,1.95300000,2115.40000000,1.993
1749255050,1.95000000,217.10000000,1.993
1749255050,1.94900000,4.40000000,1.993
1749255050,1.94800000,274.60000000,1.993
1749255050,1.94600000,2.90000000,1.993
1749255050,1.93800000,13.60000000,1.993
1749255050,1.93600000,3.30000000,1.993
1749255050,1.93400000,3.60000000,1.993
1749255050,1.93000000,4.50000000,1.993
1749255050,1.92800000,14.70000000,1.993
1749255050,1.92600000,281.10000000,1.993
1749255050,1.92500000,519.40000000,1.993
1749255050,1.92100000,520.50000000,1.993
1749255050,1.92000000,6.00000000,1.993
1749255050,1.91800000,14.80000000,1.993
1749255050,1.91500000,522.10000000,1.993
1749255050,1.91300000,5.30000000,1.993
1749255050,1.91200000,4.50000000,1.993
1749255050,1.91100000,575.50000000,1.993
1749255050,1.91000000,19.70000000,1.993
1749255050,1.90800000,3.60000000,1.993
1749255050,1.90700000,162.50000000,1.993
1749255050,1.90400000,3.30000000,1.993
1749255050,1.90100000,129.70000000,1.993
1749255050,1.90000000,1480.10000000,1.993
1749255050,1.89500000,16.20000000,1.993
1749255050,1.89400000,6.30000000,1.993
1749255050,1.89300000,4.50000000,1.993
1749255050,1.89200000,15.30000000,1.993
1749255050,1.89100000,13.00000000,1.993
1749255050,1.89000000,3.00000000,1.993
1749255050,1.88500000,10.00000000,1.993
1749255050,1.88400000,6.30000000,1.993
1749255050,1.88200000,3.60000000,1.993
1749255050,1.88100000,11.30000000,1.993
1749255050,1.87800000,73.60000000,1.993
1749255050,1.87500000,4.60000000,1.993
1749255050,1.87200000,14.50000000,1.993
1749255050,1.87100000,8.00000000,1.993
1749255050,1.87000000,3.00000000,1.993
1749255050,1.86200000,11.50000000,1.993
1749255050,1.86000000,268.80000000,1.993
1749255050,1.85700000,13.40000000,1.993
1749255050,1.85600000,8.20000000,1.993
1749255050,1.85300000,264.70000000,1.993
1749255050,1.85100000,77.00000000,1.993
1749255050,1.85000000,376.80000000,1.993
1749255050,1.84300000,11.80000000,1.993
1749255050,1.84000000,3.30000000,1.993
1749255050,1.83800000,20.70000000,1.993
1749255050,1.83500000,66.00000000,1.993
1749255050,1.83400000,11.90000000,1.993
1749255050,1.83200000,10.90000000,1.993
1749255050,1.83000000,56.50000000,1.993
1749255050,1.82600000,12.00000000,1.993
1749255050,1.82500000,547.90000000,1.993
1749255050,1.82200000,3.10000000,1.993
1749255050,1.81900000,4.70000000,1.993
1749255050,1.81700000,11.90000000,1.993
1749255050,1.81200000,2.80000000,1.993
1749255050,1.81100000,8.00000000,1.993
1749255050,1.81000000,3.30000000,1.993
1749255050,1.80800000,14.90000000,1.993
1749255050,1.80700000,6.30000000,1.993
1749255050,1.80400000,3.60000000,1.993
1749255050,1.80100000,7.60000000,1.993
